{"host":"l2dnabsh5e0fsksb","time":1607745836,"event":{"mods":["2.2 Compatiblity","BaseMod","Downfall","Minty Spire (QoL Compilation)","Quick Restart","StSLib","TheBandit"],"gold_per_floor":[114,33,33,45,7,7,17,76,76,76,76,108,108,73,73,177,177,196,196,121,132,32,61,77,77,77,87,102,102,121,152,152,254,254,264,264,81,81,99,125,125,57,110,145,145,155,172,191,191,191,191,191,41,68,68],"floor_reached":56,"playtime":2884,"items_purged":["Strike_P","Strike_P"],"score":1343,"play_id":"893c874b-104c-41dd-a9c1-9ac156adc55e","local_time":"20201212143356","is_ascension_mode":false,"campfire_choices":[{"data":"Eruption","floor":6,"key":"SMITH"},{"data":"DevaForm","floor":10,"key":"SMITH"},{"floor":13,"key":"REST"},{"data":"Collect","floor":15,"key":"SMITH"},{"floor":25,"key":"REST"},{"data":"Omniscience","floor":29,"key":"SMITH"},{"floor":32,"key":"REST"},{"floor":41,"key":"RECALL"},{"data":"Establishment","floor":45,"key":"SMITH"},{"floor":49,"key":"REST"},{"data":"WindmillStrike","floor":52,"key":"SMITH"}],"circlet_count":0,"master_deck":["Strike_P","Defend_P","Defend_P","Defend_P","Defend_P","Eruption+1","Vigilance","WindmillStrike+1","DevaForm+1","EmptyFist","SignatureMove","Prostrate","Collect+1","Establishment+1","TalkToTheHand+1","Omniscience+1","TalkToTheHand+1","Study+1","EmptyFist+1","Vault","Wallop","Wallop","DevaForm+1","LikeWater+1","MentalFortress+1","Wireheading+1","FlurryOfBlows+1","Fasting2+1","Parasite","CutThroughFate+1","Halt+1","EmptyFist+1","TalkToTheHand+1","DevaForm+1"],"relics":["PureWater","NeowsBlessing","Question Card","Bottled Tornado","Mummified Hand","Dead Branch","expansioncontent:StudyCardRelic","Frozen Egg 2","Ginger","Turnip","SlaversCollar","Medical Kit","TungstenRod","HornCleat","DollysMirror","Happy Flower"],"acts_visited":["Exordium","TheCity","TheBeyond","TheEnding"],"potions_floor_usage":[18,21,24,31,55,55,55],"damage_taken":[{"damage":0,"enemies":"2 Louse","floor":1,"turns":1},{"damage":0,"enemies":"Jaw Worm","floor":4,"turns":1},{"damage":0,"enemies":"Small Slimes","floor":7,"turns":1},{"damage":52,"enemies":"Gremlin Nob","floor":12,"turns":5},{"damage":28,"enemies":"The Guardian","floor":16,"turns":11},{"damage":22,"enemies":"2 Thieves","floor":18,"turns":3},{"damage":6,"enemies":"Shell Parasite","floor":21,"turns":2},{"damage":22,"enemies":"Gremlin Leader","floor":23,"turns":4},{"damage":0,"enemies":"Snecko","floor":24,"turns":3},{"damage":0,"enemies":"Cultist and Chosen","floor":27,"turns":4},{"damage":0,"enemies":"Centurion and Healer","floor":28,"turns":4},{"damage":0,"enemies":"Shelled Parasite and Fungi","floor":30,"turns":4},{"damage":13,"enemies":"Slavers","floor":31,"turns":5},{"damage":1,"enemies":"Champ","floor":33,"turns":8},{"damage":0,"enemies":"3 Darklings","floor":35,"turns":3},{"damage":3,"enemies":"3 Shapes","floor":39,"turns":5},{"damage":12,"enemies":"Nemesis","floor":40,"turns":4},{"damage":0,"enemies":"Giant Head","floor":44,"turns":6},{"damage":3,"enemies":"Writhing Mass","floor":46,"turns":6},{"damage":4,"enemies":"Sphere and 2 Shapes","floor":47,"turns":3},{"damage":0,"enemies":"Maw","floor":48,"turns":6},{"damage":5,"enemies":"Donu and Deca","floor":50,"turns":6},{"damage":15,"enemies":"Shield and Spear","floor":54,"turns":4},{"damage":0,"enemies":"The Heart","floor":55,"turns":7}],"seed_played":"6818113051263659774","potions_obtained":[{"floor":1,"key":"BottledMiracle"},{"floor":4,"key":"EssenceOfSteel"},{"floor":23,"key":"Regen Potion"},{"floor":27,"key":"SkillPotion"},{"floor":31,"key":"Ambrosia"},{"floor":40,"key":"SpeedPotion"},{"floor":44,"key":"Dexterity Potion"},{"floor":48,"key":"EssenceOfSteel"}],"is_trial":false,"path_per_floor":["M","$","?","M","$","R","M","?","T","R","T","E","R","?","R","B",null,"M","?","$","M","$","E","M","R","T","M","M","R","M","E","R","B",null,"M","?","$","?","M","E","R","$","T","E","R","M","M","M","R","B",null,"R","$","E","B",null],"character_chosen":"WATCHER","items_purchased":["DevaForm","SignatureMove","MentalFortress+1","Medical Kit","Fasting2+1","DollysMirror"],"campfire_rested":4,"item_purchase_floors":[2,5,37,37,42,53],"current_hp_per_floor":[72,72,69,69,69,69,69,69,69,69,69,17,38,56,56,28,72,50,50,50,44,44,22,27,48,48,48,48,48,48,35,56,55,72,72,72,72,68,65,53,53,53,53,53,53,50,46,46,66,61,68,68,68,53,53],"gold":68,"neow_bonus":"THREE_ENEMY_KILL","is_daily":false,"chose_seed":false,"campfire_upgraded":6,"win_rate":0.0,"timestamp":1607745836,"path_taken":["M","$","?","M","?","R","M","?","T","R","?","E","R","?","R","BOSS","M","?","$","M","$","E","M","R","T","M","?","R","M","E","R","BOSS","M","?","$","?","M","E","R","?","T","E","R","?","M","M","R","BOSS","R","$","E","BOSS"],"items_purchased_type":["Card","Card","Card","Relic","Card","Relic"],"build_version":"2020-11-30","purchased_purges":2,"victory":true,"max_hp_per_floor":[72,72,72,72,72,72,72,72,72,72,72,72,72,72,72,72,72,72,72,72,72,72,72,72,72,72,72,72,72,72,72,72,72,72,72,72,72,68,68,68,68,68,68,68,68,68,68,68,68,68,68,68,68,68,68],"card_choices":[{"not_picked":["FlyingSleeves","ClearTheMind"],"picked":"WindmillStrike","floor":1},{"not_picked":["Indignation","Halt","FlyingSleeves"],"picked":"EmptyFist","floor":4},{"not_picked":["EmptyBody","CrushJoints","BowlingBash"],"picked":"Prostrate","floor":7},{"not_picked":["Perseverance","BattleHymn","WindmillStrike"],"picked":"Collect","floor":12},{"not_picked":["Judgement","ConjureBlade","Blasphemy"],"picked":"Establishment","floor":16},{"not_picked":["EmptyMind","Nirvana","ForeignInfluence+1"],"picked":"TalkToTheHand+1","floor":18},{"not_picked":["BowlingBash+1","WindmillStrike+1","SashWhip","WheelKick"],"picked":"SKIP","floor":21},{"not_picked":["JustLucky+1","Vengeance","Protect+1"],"picked":"TalkToTheHand+1","floor":23},{"not_picked":["Protect","Vengeance","ClearTheMind"],"picked":"Study+1","floor":24},{"not_picked":["CrushJoints+1","SashWhip","Conclude"],"picked":"EmptyFist+1","floor":27},{"not_picked":["Tantrum","Evaluate","SashWhip"],"picked":"Vault","floor":28},{"not_picked":["ClearTheMind","SashWhip","CrushJoints"],"picked":"Wallop","floor":30},{"not_picked":["Collect","SignatureMove+1","BowlingBash"],"picked":"Wallop","floor":31},{"not_picked":["Alpha","Blasphemy","Establishment+1"],"picked":"DevaForm+1","floor":33},{"not_picked":["MentalFortress+1","Collect","EmptyBody+1"],"picked":"LikeWater+1","floor":35},{"not_picked":["CrushJoints+1","Crescendo+1","Meditate+1"],"picked":"Wireheading+1","floor":39},{"not_picked":["EmptyMind+1","Perseverance","FollowUp+1"],"picked":"FlurryOfBlows+1","floor":40},{"not_picked":["DeceiveReality","ThirdEye+1","Protect","FlyingSleeves+1"],"picked":"SKIP","floor":44},{"not_picked":["SashWhip+1","Swivel","DeceiveReality+1"],"picked":"CutThroughFate+1","floor":46},{"not_picked":["FollowUp+1","EmptyBody","WindmillStrike"],"picked":"Halt+1","floor":47},{"not_picked":["Protect","Pray","LessonLearned"],"picked":"EmptyFist+1","floor":48},{"not_picked":["Evaluate","SignatureMove+1","CrushJoints+1"],"picked":"DevaForm+1","floor":54}],"player_experience":1735268,"relics_obtained":[{"floor":9,"key":"Bottled Tornado"},{"floor":11,"key":"Mummified Hand"},{"floor":12,"key":"Dead Branch"},{"floor":23,"key":"Frozen Egg 2"},{"floor":26,"key":"Ginger"},{"floor":31,"key":"Turnip"},{"floor":40,"key":"TungstenRod"},{"floor":44,"key":"HornCleat"},{"floor":54,"key":"Happy Flower"}],"event_choices":[{"damage_healed":0,"gold_gain":0,"player_choice":"Success","damage_taken":3,"relics_obtained":["Question Card"],"max_hp_gain":0,"max_hp_loss":0,"event_name":"Scrap Ooze","floor":3,"gold_loss":0},{"damage_healed":0,"gold_gain":59,"player_choice":"Gained Gold","damage_taken":0,"max_hp_gain":0,"max_hp_loss":0,"event_name":"Golden Wing","floor":8,"gold_loss":0},{"damage_healed":18,"gold_gain":0,"player_choice":"Healed","damage_taken":0,"max_hp_gain":0,"max_hp_loss":0,"event_name":"The Cleric","floor":14,"gold_loss":35},{"damage_healed":0,"gold_gain":0,"cards_transformed":["Strike_P"],"player_choice":"Transformed","damage_taken":0,"max_hp_gain":0,"max_hp_loss":0,"event_name":"Transmorgrifier","floor":19,"gold_loss":0,"cards_obtained":["Omniscience"]},{"damage_healed":0,"gold_gain":0,"player_choice":"Ignored","damage_taken":0,"max_hp_gain":0,"max_hp_loss":0,"event_name":"Tomb of Lord Red Mask","floor":36,"gold_loss":0},{"damage_healed":0,"gold_gain":0,"player_choice":"Max HP","damage_taken":0,"max_hp_gain":0,"max_hp_loss":4,"event_name":"Winding Halls","floor":38,"gold_loss":0}],"is_beta":false,"boss_relics":[{"not_picked":["Ectoplasm","VioletLotus"],"picked":"expansioncontent:StudyCardRelic"},{"not_picked":["Runic Dome","Cursed Key"],"picked":"SlaversCollar"}],"items_purged_floors":[20,22],"is_endless":false,"potions_floor_spawned":[1,4,23,27,31,40,44,48,54],"ascension_level":0}}