{"host":"pcbz64t4k17ey4z1","time":1607773674,"event":{"mods":["2.2 Compatiblity","AchievementEnabler","Act Like it!","Aspiration","BaseMod","Beaked The Cultist","Better Match","BetterRewards","Card Forge","Colored Map","Colored Powertips","Conspire","Disable Question Mark Monsters","Fireblade Mod","Friendly Minions","GifTheSpireLib","Glutton Mod","Googly Eyes","Hermit","Hubris","Infinite Spire","Koishi","Marisa????????","Minty Spire (QoL Compilation)","Permanent Neow","Potionbrewer","Quick Restart","Random Character Button","Rare Cards Sparkle","Relic Filter","Replay The Spire","Shade Mod","Shop Mod","Small Relic Pack","StSLib","Stuff the Spire","SuperFastMode","The Animator","The Cursed","The Druid","The Gatherer","The Hierophant","The IronCluck","The Runesmith","Waifu the Spire","Wandering Minibosses","vexMod"],"gold_per_floor":[116,130,149,166,178,211,211,243,268,302,302,333,353,369,369,442,442,400,419,438,450,462,495,495,495,495],"floor_reached":25,"playtime":1186,"items_purged":["Strike_P"],"score":849,"play_id":"52ed1d43-6ce3-428e-9dfe-80c7ec865be2","local_time":"20201212114754","is_ascension_mode":true,"campfire_choices":[{"data":"Judgement","floor":7.0,"key":"SMITH"},{"data":"Vigilance","floor":15.0,"key":"SMITH"},{"data":"Replay:Hum","floor":15.0,"key":"SMITH"},{"floor":24.0,"key":"REST"}],"circlet_count":0,"master_deck":["AscendersBane","Strike_P+13","Defend_P+1","Defend_P+1","Defend_P+1","Defend_P+1","Eruption","Vigilance+1","Replay:Hum+1","Judgement+1","JustLucky+1","Judgement+1","Indignation+1","Replay:DivineShield+1","Omniscience+1"],"relics":["PureWater","Hammer of Thor","Seething Fire","Anvil of the Gods","Lee\u0027s Waffle","Peace Pipe","hubris:MysteriousPyramids","conspire:Boomerang","Melange","infinitespire:FocusingShard","hubris:BottledRain","vexMod:RetaliationKit","StuffTheSpire:HeavyRock","Sundial","White Beast Statue","Replay:Arrowhead","aspiration:Nostalgia","animator:LivingPicture","aspiration:RitualDagger","Snack Pack"],"acts_visited":["Exordium","TheCity"],"potions_floor_usage":[25,25],"damage_taken":[{"damage":0.0,"enemies":"2 Louse","floor":1.0,"turns":3.0},{"damage":0.0,"enemies":"Cultist","floor":2.0,"turns":1.0},{"damage":0.0,"enemies":"Small Slimes","floor":3.0,"turns":3.0},{"damage":0.0,"enemies":"Looter","floor":4.0,"turns":1.0},{"damage":0.0,"enemies":"Large Slime","floor":5.0,"turns":1.0},{"damage":2.0,"enemies":"3 Sentries","floor":6.0,"turns":4.0},{"damage":0.0,"enemies":"Lagavulin","floor":8.0,"turns":2.0},{"damage":0.0,"enemies":"Gremlin Nob","floor":10.0,"turns":2.0},{"damage":0.0,"enemies":"3 Sentries","floor":12.0,"turns":2.0},{"damage":0.0,"enemies":"Blue Slaver","floor":13.0,"turns":1.0},{"damage":2.0,"enemies":"Exordium Wildlife","floor":14.0,"turns":2.0},{"damage":38.0,"enemies":"Slime Boss","floor":16.0,"turns":4.0},{"damage":52.0,"enemies":"2 Thieves","floor":18.0,"turns":5.0},{"damage":27.0,"enemies":"Shell Parasite","floor":19.0,"turns":2.0},{"damage":6.0,"enemies":"3 Cultists","floor":20.0,"turns":2.0},{"damage":10.0,"enemies":"Shelled Parasite and Fungi","floor":21.0,"turns":2.0},{"damage":3.0,"enemies":"Snake Plant","floor":22.0,"turns":1.0},{"damage":48.0,"enemies":"Book of Stabbing","floor":23.0,"turns":3.0},{"damage":98,"enemies":"Nightmare","floor":25,"turns":6}],"seed_played":"-2982807129237001205","potions_obtained":[{"floor":1.0,"key":"Ancient Potion"},{"floor":5.0,"key":"Cursed Concoction"},{"floor":10.0,"key":"infinitespire:BlackPotion"},{"floor":12.0,"key":"Elixir"},{"floor":23.0,"key":"Strength Potion"}],"is_trial":false,"path_per_floor":["M","M","M","M","M","E","R","E","T","E","?","E","M","M","R","B",null,"M","M","M","M","M","E","R","NM"],"character_chosen":"WATCHER","items_purchased":["Lee\u0027s Waffle","Peace Pipe","hubris:MysteriousPyramids","Melange","infinitespire:FocusingShard","hubris:BottledRain","StuffTheSpire:HeavyRock","Sundial"],"campfire_rested":1,"item_purchase_floors":[0,0,0,0,0,0,0,0],"current_hp_per_floor":[75,75,75,75,75,73,73,73,73,73,73,73,73,71,71,33,65,13,72,75,68,75,44,66,0,0],"gold":495,"neow_bonus":"","is_daily":false,"chose_seed":false,"campfire_upgraded":3,"win_rate":0.0,"timestamp":1607773674,"path_taken":["M","M","M","M","M","E","R","E","T","E","?","E","M","M","R","BOSS","M","M","M","M","M","E","R","NM"],"items_purchased_type":["Relic","Relic","Relic","Relic","Relic","Relic","Relic","Relic"],"build_version":"2020-11-30","purchased_purges":1,"victory":false,"max_hp_per_floor":[75,75,75,75,75,75,75,75,75,75,75,75,75,75,75,75,75,75,75,75,75,75,75,75,75,75],"card_choices":[{"not_picked":["Crescendo","Replay:AtTheReady","WaveOfTheHand"],"picked":"SKIP","floor":1.0},{"not_picked":["Crescendo","Replay:AtTheReady","WaveOfTheHand"],"picked":"SKIP","floor":1.0},{"not_picked":["Protect","Vengeance"],"picked":"Replay:Hum","floor":2.0},{"not_picked":["DeceiveReality","CutThroughFate","Replay:ManipulateFuture"],"picked":"SKIP","floor":3.0},{"not_picked":["ClearTheMind","Replay:Battleflow"],"picked":"Judgement","floor":4.0},{"not_picked":["BowlingBash","EmptyBody","Crescendo"],"picked":"SKIP","floor":5.0},{"not_picked":["FollowUp","Halt"],"picked":"JustLucky","floor":6.0},{"not_picked":["WheelKick","FlurryOfBlows"],"picked":"Judgement","floor":8.0},{"not_picked":["Protect","EmptyBody","DeceiveReality"],"picked":"SKIP","floor":10.0},{"not_picked":["LikeWater","SandsOfTime"],"picked":"Indignation","floor":12.0},{"not_picked":["Replay:ManipulateFuture","Indignation","JustLucky"],"picked":"SKIP","floor":13.0},{"not_picked":["TalkToTheHand","FollowUp"],"picked":"Replay:DivineShield","floor":14.0},{"not_picked":["Replay:LoomingThreat","Wish"],"picked":"Omniscience","floor":16.0},{"not_picked":["Halt","DeceiveReality","Prostrate+1"],"picked":"SKIP","floor":18.0},{"not_picked":["Replay:ManipulateFuture","ThirdEye","Study+1"],"picked":"SKIP","floor":19.0},{"not_picked":["Protect","Wallop","Study"],"picked":"SKIP","floor":20.0},{"not_picked":["JustLucky","Replay:DivineShield","Replay:BluntJabs"],"picked":"SKIP","floor":21.0},{"not_picked":["SashWhip+1","Replay:Vibes","WindmillStrike"],"picked":"SKIP","floor":22.0},{"not_picked":["Pray","EmptyFist","FlyingSleeves"],"picked":"SKIP","floor":23.0}],"player_experience":3714074,"relics_obtained":[{"floor":6.0,"key":"White Beast Statue"},{"floor":10.0,"key":"Replay:Arrowhead"},{"floor":12.0,"key":"aspiration:Nostalgia"},{"floor":23.0,"key":"Snack Pack"}],"event_choices":[{"damage_healed":0.0,"max_hp_gain":0.0,"max_hp_loss":0.0,"gold_gain":0.0,"event_name":"Upgrade Shrine","player_choice":"Upgraded","floor":11.0,"gold_loss":0.0,"damage_taken":0.0,"cards_upgraded":["Judgement"]}],"is_beta":false,"boss_relics":[{"not_picked":["relicPack:StarArrow","relicPack:ShieldShield"],"picked":"aspiration:RitualDagger"}],"items_purged_floors":[0],"is_endless":false,"potions_floor_spawned":[1,5,8,10,12,13,14,16,18,19,20,21,22,23],"killed_by":"Nightmare","ascension_level":17}}