{"host":"59ckh7bj2z84pzgo","time":1607764249,"event":{"mods":["BaseMod","Better Vampires","Marked Mod","Minty Spire (QoL Compilation)","Replay The Spire","Spicy Shops","StSLib","TestMod","¡¾ÒÅÎï¿¨ÅÆ¡¿REMEMod"],"gold_per_floor":[119,119,119,135,149,149,149,182,207,207,217,238,266,283,283,362,362,377,393,413,111,123,123,155,155,155,274,314,347,347,410,410,514,514,559,391,430,477,427,427,456,513,513,557,588,192,192,248,248,263,263],"floor_reached":50,"playtime":3488,"items_purged":["Strike_R"],"score":1484,"play_id":"e45309ca-99b9-4152-9a03-5cda20835d4a","local_time":"20201212171049","is_ascension_mode":true,"campfire_choices":[{"data":"Uppercut","floor":6.0,"key":"SMITH"},{"data":"Seeing Red","floor":15.0,"key":"SMITH"},{"floor":23.0,"key":"REST"},{"floor":30.0,"key":"REST"},{"data":"Corruption","floor":32.0,"key":"SMITH"},{"data":"Dark Embrace","floor":40.0,"key":"SMITH"},{"floor":47,"key":"RECALL"},{"data":"Fiend Fire","floor":49,"key":"SMITH"}],"circlet_count":0,"master_deck":["AscendersBane","Strike_R","Strike_R","Strike_R","Defend_R+1","Defend_R","Defend_R+1","Defend_R+1","Bash","Machine Learning","Uppercut+1","Thunderclap","Corruption+1","Armaments","Seeing Red+1","Fiend Fire","REME_FearOfPain+1","Anger+1","Ghostly Armor","Dark Embrace+1","Fiend Fire+1","Clumsy","Fiend Fire","Iron Wave+1","Warcry","Shrug It Off","Pummel","ReplayTheSpireMod:LeadingStrike+1","Replay:Many Hands","testmod-Wormhole+1","REME_ShortnessOfBreath","Dark Shackles","Armaments+1","Demon Form","Flame Barrier+1","Sentinel","Dual Wield","Body Slam+1"],"relics":["Burning Blood","REME_ComplimentaryCards","testmod-TestBox","testmod-ConstraintPeriapt","Regal Pillow","War Paint","ReplayTheSpireMod:Ring of Exchange","Ring of Fury","Replay:Wax Seal","Odd Mushroom","REME_HandOfSuture","ChewingGum","DollysMirror","Vajra","REME_ArchaeologicalTools","Gremlin Food","Eternal Feather","ReplayTheSpireMod:ShopPack","Unceasing Top","Blue Doll","InkBottle","Prayer Wheel","ReplayTheSpireMod:EnergyBall","King of Hearts"],"acts_visited":["Exordium","TheCity","TheBeyond"],"potions_floor_usage":[],"damage_taken":[{"damage":0.0,"enemies":"2 Louse","floor":1.0,"turns":1.0},{"damage":10.0,"enemies":"Jaw Worm","floor":4.0,"turns":3.0},{"damage":0.0,"enemies":"Small Slimes","floor":5.0,"turns":2.0},{"damage":24.0,"enemies":"Replay:BlueRogue","floor":8.0,"turns":9.0},{"damage":25.0,"enemies":"Gremlin Gang","floor":11.0,"turns":4.0},{"damage":20.0,"enemies":"The Mushroom Lair","floor":12.0,"turns":3.0},{"damage":16.0,"enemies":"Lagavulin","floor":13.0,"turns":6.0},{"damage":7.0,"enemies":"2 Fungi Beasts","floor":14.0,"turns":3.0},{"damage":38.0,"enemies":"Hexaghost","floor":16.0,"turns":8.0},{"damage":23.0,"enemies":"2 Thieves","floor":18.0,"turns":3.0},{"damage":12.0,"enemies":"Shell Parasite","floor":19.0,"turns":3.0},{"damage":1.0,"enemies":"Cultist and Chosen","floor":20.0,"turns":4.0},{"damage":25.0,"enemies":"Snecko","floor":22.0,"turns":4.0},{"damage":24.0,"enemies":"Book of Stabbing","floor":24.0,"turns":3.0},{"damage":40.0,"enemies":"REME_1_Revenger","floor":27.0,"turns":4.0},{"damage":6.0,"enemies":"Snake Plant","floor":28.0,"turns":3.0},{"damage":0.0,"enemies":"Shelled Parasite and Fungi","floor":29.0,"turns":1.0},{"damage":16.0,"enemies":"Replay:Snechameleon","floor":31.0,"turns":4.0},{"damage":30.0,"enemies":"Pondfish","floor":33.0,"turns":5.0},{"damage":6.0,"enemies":"3 Darklings","floor":35.0,"turns":6.0},{"damage":32.0,"enemies":"3 Shapes","floor":37.0,"turns":3.0},{"damage":8.0,"enemies":"Jaw Worm Horde","floor":41.0,"turns":3.0},{"damage":0,"enemies":"Sphere and 2 Shapes","floor":42,"turns":3},{"damage":20,"enemies":"4 Shapes","floor":44,"turns":7},{"damage":0,"enemies":"Mind Bloom Boss Battle","floor":45,"turns":2},{"damage":2,"enemies":"Giant Head","floor":48,"turns":4},{"damage":74,"enemies":"Time Eater","floor":50,"turns":7}],"seed_played":"5222824769868341859","potions_obtained":[{"floor":5.0,"key":"EntropicBrew"},{"floor":11.0,"key":"SpeedPotion"},{"floor":13.0,"key":"SpeedPotion"},{"floor":19.0,"key":"GamblersBrew"},{"floor":22.0,"key":"Cursed Concoction"},{"floor":27.0,"key":"LiquidMemories"},{"floor":28.0,"key":"PowerPotion"},{"floor":31.0,"key":"Adrenaline Potion"},{"floor":37.0,"key":"Weak Potion"}],"is_trial":false,"path_per_floor":["M","?","?","M","M","R","?","E","T","?","M","?","E","M","R","B",null,"M","M","M","$","M","R","E","?","T","E","M","M","R","E","R","B",null,"M","$","M","?","?","R","M","M","T","M","?","$","R","E","R","B"],"character_chosen":"IRONCLAD","items_purchased":["Dark Embrace","Fiend Fire","DollysMirror","Unceasing Top","ReplayTheSpireMod:EnergyBall"],"campfire_rested":2,"item_purchase_floors":[21,21,21,36,46],"current_hp_per_floor":[75,49,49,47,54,54,47,34,34,75,58,46,39,39,39,15,60,43,38,48,48,31,68,51,51,51,17,18,26,63,59,74,52,69,72,72,51,27,27,48,46,52,52,41,47,47,68,73,75,2,2],"gold":263,"neow_bonus":"RANDOM_COMMON_RELIC","is_daily":false,"chose_seed":false,"campfire_upgraded":5,"win_rate":0.0,"timestamp":1607764249,"path_taken":["M","?","?","M","M","R","?","E","T","?","?","?","E","M","R","BOSS","M","M","M","$","M","R","E","?","T","E","M","M","R","E","R","BOSS","M","$","M","?","?","R","M","?","T","M","?","$","R","E","R","BOSS"],"items_purchased_type":["Card","Card","Relic","Relic","Relic"],"build_version":"2020-11-30","purchased_purges":1,"victory":false,"max_hp_per_floor":[75,75,75,75,75,75,75,75,75,75,75,75,75,75,75,75,75,75,75,75,75,75,75,75,75,75,75,75,75,75,75,75,75,75,75,75,75,75,75,75,75,75,75,75,75,75,75,75,75,75,75],"card_choices":[{"not_picked":["Clash","Flex"],"picked":"Dual Wield","floor":1.0},{"not_picked":["REME_Scribble","Twin Strike"],"picked":"Uppercut","floor":4.0},{"not_picked":["ReplayTheSpireMod:Strike From Hell","Body Slam"],"picked":"Thunderclap","floor":5.0},{"not_picked":["Uppercut","Ghostly Armor"],"picked":"Corruption","floor":8.0},{"not_picked":["Clash","Wild Strike"],"picked":"Armaments","floor":11.0},{"not_picked":["Sword Boomerang","Cleave"],"picked":"Seeing Red","floor":13.0},{"not_picked":["Twin Strike","Rampage","Headbutt"],"picked":"SKIP","floor":14.0},{"not_picked":["REME_TheLastStrike","Hemogenesis"],"picked":"Fiend Fire","floor":16.0},{"not_picked":["Replay:Undeath\u0027s Touch","ReplayTheSpireMod:Limb From Limb"],"picked":"REME_FearOfPain+1","floor":18.0},{"not_picked":["Run Through","Body Slam"],"picked":"Anger+1","floor":19.0},{"not_picked":["Sword Boomerang","Heavy Blade+1"],"picked":"Ghostly Armor","floor":20.0},{"not_picked":["REME_Scribble","Rupture","ReplayTheSpireMod:Muscle Training"],"picked":"SKIP","floor":22.0},{"not_picked":["Shrug It Off","Run Through"],"picked":"Iron Wave+1","floor":24.0},{"not_picked":["Replay:Undeath\u0027s Touch","Anger"],"picked":"Warcry","floor":27.0},{"not_picked":["Pommel Strike","Headbutt"],"picked":"Shrug It Off","floor":28.0},{"not_picked":["Anger","Headbutt"],"picked":"Pummel","floor":29.0},{"not_picked":["Twin Strike","True Grit"],"picked":"ReplayTheSpireMod:LeadingStrike+1","floor":31.0},{"not_picked":["Brutality","Berserk"],"picked":"Replay:Many Hands","floor":33.0},{"not_picked":["testmod-SelfRegulatingSystem","Violence"],"picked":"testmod-Wormhole","floor":34.0},{"not_picked":["Replay:Sssssssssshield","testmod-ConditionedReflex"],"picked":"REME_ShortnessOfBreath","floor":34.0},{"not_picked":["testmod-Provocation","Specialist"],"picked":"Dark Shackles","floor":34.0},{"not_picked":["Heavy Blade","Replay:Undeath\u0027s Touch"],"picked":"Armaments+1","floor":35.0},{"not_picked":["Twin Strike+1","ReplayTheSpireMod:Muscle Training"],"picked":"Demon Form","floor":37.0},{"not_picked":["Cleave","Run Through"],"picked":"Flame Barrier+1","floor":38.0},{"not_picked":["REME_SingleHolding","Sword Boomerang"],"picked":"Sentinel","floor":38.0},{"not_picked":["Heavy Blade","Iron Wave","Sentinel"],"picked":"SKIP","floor":41.0},{"not_picked":["Ghostly Armor","Corruption"],"picked":"Dual Wield","floor":42},{"not_picked":["Thunderclap","Perfected Strike+1","Pommel Strike+1"],"picked":"SKIP","floor":44},{"not_picked":["Run Through","Clash"],"picked":"Body Slam+1","floor":45},{"not_picked":["Combust","Pommel Strike","Hemogenesis"],"picked":"SKIP","floor":48}],"player_experience":118993,"relics_obtained":[{"floor":3.0,"key":"ReplayTheSpireMod:Ring of Exchange"},{"floor":3.0,"key":"Ring of Fury"},{"floor":8.0,"key":"Replay:Wax Seal"},{"floor":12.0,"key":"Odd Mushroom"},{"floor":13.0,"key":"REME_HandOfSuture"},{"floor":24.0,"key":"Vajra"},{"floor":26.0,"key":"REME_ArchaeologicalTools"},{"floor":27.0,"key":"Gremlin Food"},{"floor":31.0,"key":"Eternal Feather"},{"floor":38.0,"key":"Blue Doll"},{"floor":43,"key":"InkBottle"},{"floor":45,"key":"Prayer Wheel"},{"floor":48,"key":"King of Hearts"}],"event_choices":[{"damage_healed":0.0,"max_hp_gain":0.0,"max_hp_loss":0.0,"gold_gain":0.0,"event_name":"Scrap Ooze","player_choice":"Success","floor":2.0,"gold_loss":0.0,"damage_taken":26.0,"relics_obtained":["War Paint"]},{"cards_removed":["Strike_R"],"damage_healed":0.0,"max_hp_gain":0.0,"max_hp_loss":0.0,"gold_gain":0.0,"event_name":"Golden Wing","player_choice":"Card Removal","floor":7.0,"gold_loss":0.0,"damage_taken":7.0},{"cards_removed":["Dual Wield"],"damage_healed":41.0,"max_hp_gain":0.0,"max_hp_loss":0.0,"gold_gain":0.0,"event_name":"Bonfire Elementals","player_choice":"Offered Uncommon","floor":10.0,"gold_loss":0.0,"damage_taken":0.0},{"damage_healed":0.0,"max_hp_gain":0.0,"max_hp_loss":0.0,"gold_gain":0.0,"event_name":"Mushrooms","player_choice":"Fought Mushrooms","floor":12.0,"gold_loss":0.0,"damage_taken":0.0},{"damage_healed":0.0,"max_hp_gain":0.0,"max_hp_loss":0.0,"gold_gain":0.0,"event_name":"Fountain of Cleansing","player_choice":"Ignored","floor":25.0,"gold_loss":0.0,"damage_taken":0.0},{"damage_healed":0.0,"max_hp_gain":0.0,"max_hp_loss":0.0,"gold_gain":0.0,"event_name":"Designer","player_choice":"Upgraded Two","floor":39.0,"gold_loss":50.0,"damage_taken":0.0,"cards_upgraded":["Defend_R","testmod-Wormhole"]},{"damage_healed":0,"gold_gain":0,"player_choice":"Fight","damage_taken":0,"max_hp_gain":0,"max_hp_loss":0,"event_name":"MindBloom","floor":45,"gold_loss":0}],"is_beta":false,"boss_relics":[{"not_picked":["ClockworkSouvenir","Sozu"],"picked":"ChewingGum"},{"not_picked":["Velvet Choker","Replay:Grab Bag"],"picked":"ReplayTheSpireMod:ShopPack"}],"items_purged_floors":[46],"is_endless":false,"potions_floor_spawned":[5,11,12,13,19,22,27,28,31,37,44,48],"killed_by":"Time Eater","ascension_level":20}}