{"host":"dlyy4wv9zatha4f7","time":1607806425,"event":{"mods":["BaseMod","Better Third Choice","Colored Map","GifTheSpireLib","Minty Spire (QoL Compilation)","Small Relic Pack","Spicy Shops","StSLib","SuperFastMode","Unceasing Turn Reminder"],"gold_per_floor":[115,131,131,131,56,87,87,119,119,119,119,129,129,144,144,249,299,313,313,313],"floor_reached":19,"playtime":677,"items_purged":["Pain"],"score":236,"play_id":"710eddab-58ed-4331-ad96-43621261b0e7","local_time":"20201212225345","is_ascension_mode":true,"campfire_choices":[{"floor":7.0,"key":"DIG"},{"floor":10.0,"key":"DIG"},{"floor":13.0,"key":"DIG"},{"floor":15.0,"key":"DIG"}],"circlet_count":0,"master_deck":["Strike_R","Strike_R","Strike_R","Strike_R+1","Strike_R","Defend_R","Defend_R","Defend_R","Defend_R","Bash","Rage","Thunderclap","Regret","Hemokinesis","Burning Pact","Feel No Pain","Pommel Strike","Offering","Warcry","Inflame"],"relics":["Burning Blood","Lizard Tail","Shovel","WarpedTongs","Meat on the Bone","relicPack:NeonSign","Sundial","Champion Belt","Juzu Bracelet","relicPack:OneForAll","Dream Catcher","Mummified Hand","Tiny House"],"acts_visited":["Exordium","TheCity"],"potions_floor_usage":[],"damage_taken":[{"damage":0.0,"enemies":"Small Slimes","floor":1.0,"turns":3.0},{"damage":3.0,"enemies":"2 Louse","floor":2.0,"turns":3.0},{"damage":31.0,"enemies":"Lagavulin","floor":6.0,"turns":8.0},{"damage":35.0,"enemies":"Gremlin Nob","floor":8.0,"turns":4.0},{"damage":2.0,"enemies":"Cultist","floor":12.0,"turns":3.0},{"damage":7.0,"enemies":"2 Fungi Beasts","floor":14.0,"turns":4.0},{"damage":54.0,"enemies":"Hexaghost","floor":16.0,"turns":11.0},{"damage":24.0,"enemies":"Spheric Guardian","floor":18.0,"turns":5.0},{"damage":0,"enemies":"Shell Parasite","floor":19,"turns":1}],"seed_played":"-4843598078734051603","potions_obtained":[{"floor":1.0,"key":"Explosive Potion"},{"floor":8.0,"key":"Fire Potion"},{"floor":14.0,"key":"BloodPotion"},{"floor":16.0,"key":"Weak Potion"},{"floor":17.0,"key":"Fire Potion"},{"floor":18.0,"key":"ElixirPotion"}],"is_trial":false,"path_per_floor":["M","M","?","?","$","E","R","E","T","R","?","M","R","M","R","B",null,"M","M"],"character_chosen":"IRONCLAD","items_purchased":[],"campfire_rested":0,"item_purchase_floors":[],"current_hp_per_floor":[72,72,72,72,72,47,47,30,30,30,30,46,46,45,45,23,65,47,47,47],"gold":313,"neow_bonus":"ONE_RARE_RELIC","is_daily":false,"chose_seed":false,"campfire_upgraded":0,"win_rate":0.0,"timestamp":1607806425,"path_taken":["M","M","?","?","$","E","R","E","T","R","?","M","R","M","R","BOSS","M","M"],"items_purchased_type":[],"build_version":"2020-11-30","purchased_purges":1,"victory":false,"max_hp_per_floor":[72,72,72,72,72,72,72,72,72,72,72,72,72,72,72,72,77,77,77,77],"card_choices":[{"not_picked":["Pommel Strike","Heavy Blade"],"picked":"Rage","floor":1.0},{"not_picked":["Flex","Shrug It Off"],"picked":"Thunderclap","floor":2.0},{"not_picked":["Clothesline","Shockwave"],"picked":"Hemokinesis","floor":6.0},{"not_picked":["Sever Soul","Seeing Red"],"picked":"Burning Pact","floor":8.0},{"not_picked":["Thunderclap","Warcry"],"picked":"Feel No Pain","floor":12.0},{"not_picked":["Iron Wave","Twin Strike"],"picked":"Pommel Strike","floor":14.0},{"not_picked":["Feed","Juggernaut"],"picked":"Offering","floor":16.0},{"not_picked":["Thunderclap","Rampage"],"picked":"Warcry","floor":17.0},{"not_picked":["Body Slam+1","Havoc"],"picked":"Inflame","floor":18.0}],"player_experience":2204749,"relics_obtained":[{"floor":6.0,"key":"Meat on the Bone"},{"floor":7.0,"key":"relicPack:NeonSign"},{"floor":8.0,"key":"Sundial"},{"floor":9.0,"key":"Champion Belt"},{"floor":10.0,"key":"Juzu Bracelet"},{"floor":13.0,"key":"Dream Catcher"},{"floor":15.0,"key":"Mummified Hand"}],"event_choices":[{"damage_healed":0.0,"max_hp_gain":0.0,"max_hp_loss":0.0,"gold_gain":0.0,"event_name":"Big Fish","player_choice":"Box","floor":3.0,"gold_loss":0.0,"damage_taken":0.0,"relics_obtained":["Shovel"],"cards_obtained":["Regret"]},{"damage_healed":0.0,"max_hp_gain":0.0,"max_hp_loss":0.0,"gold_gain":0.0,"event_name":"Accursed Blacksmith","player_choice":"Rummage","floor":4.0,"gold_loss":0.0,"damage_taken":0.0,"relics_obtained":["WarpedTongs"],"cards_obtained":["Pain"]}],"is_beta":false,"boss_relics":[{"not_picked":["Cursed Key","Ectoplasm"],"picked":"Tiny House"}],"items_purged_floors":[5],"is_endless":false,"potions_floor_spawned":[1,8,14,16,18],"killed_by":"Shell Parasite","ascension_level":7}}