{"host":"jm9833yuloeli2yd","time":1607795578,"event":{"mods":["AchievementEnabler","BaseMod","Better Altar","Better Match","Better Note","Better Sensory Stone","Better Skull","Better Vampires","Colored Map","Colored Powertips","DeckTracker","Minty Spire (QoL Compilation)","Permanent Neow","Quick Restart","StSLib","SuperFastMode"],"gold_per_floor":[114,114,130,130,19,47,59,59,59,75,101,20,20,51,51,128,128,143,46,46,46,58,58,93,107,107,107,132,158,190,5,5,82,82,96,21,21,32,32,57,77,112,189,189,189,189],"floor_reached":45,"playtime":1693,"items_purged":["Strike_B+1"],"score":1165,"play_id":"168d5f5c-2344-4ef1-9134-bbd0b1cbdfbb","local_time":"20201212125258","is_ascension_mode":true,"campfire_choices":[{"data":"Sunder","floor":8.0,"key":"SMITH"},{"data":"Consume","floor":13.0,"key":"SMITH"},{"data":"Capacitor","floor":15.0,"key":"SMITH"},{"data":"Double Energy","floor":23.0,"key":"SMITH"},{"floor":27.0,"key":"REST"},{"data":"Panacea","floor":32.0,"key":"SMITH"},{"floor":44,"key":"RECALL"}],"circlet_count":0,"master_deck":["AscendersBane","Strike_B+1","Strike_B+1","Defend_B+1","Defend_B+1","Defend_B+1","Defend_B+1","Zap","Dualcast","Capacitor+1","Streamline","Sunder+1","Cold Snap","Consume+1","Cold Snap","Self Repair","Electrodynamics","CurseOfTheBell","Hologram","Panacea+1","Double Energy+1","Turbo","Steam","Glacier","Capacitor","Hologram","Echo Form","FTL","Panacea+1","Pain","Core Surge","Compile Driver","Chill+1"],"relics":["Cracked Core","NeowsBlessing","Question Card","Dead Branch","White Beast Statue","InkBottle","Pear","Calling Bell","DataDisk","Gremlin Horn","Ice Cream","Letter Opener","Turnip","Akabeko","Red Mask","Boot","Runic Dome","WarpedTongs","Blue Candle","Molten Egg 2"],"acts_visited":["Exordium","TheCity","TheBeyond"],"potions_floor_usage":[45],"damage_taken":[{"damage":0.0,"enemies":"Small Slimes","floor":1.0,"turns":1.0},{"damage":0.0,"enemies":"2 Louse","floor":3.0,"turns":1.0},{"damage":0.0,"enemies":"Lagavulin","floor":6.0,"turns":1.0},{"damage":0.0,"enemies":"Cultist","floor":7.0,"turns":2.0},{"damage":0.0,"enemies":"Red Slaver","floor":10.0,"turns":2.0},{"damage":32.0,"enemies":"Gremlin Nob","floor":11.0,"turns":4.0},{"damage":16.0,"enemies":"Lagavulin","floor":14.0,"turns":8.0},{"damage":18.0,"enemies":"Slime Boss","floor":16.0,"turns":8.0},{"damage":10.0,"enemies":"Spheric Guardian","floor":18.0,"turns":4.0},{"damage":20.0,"enemies":"Chosen","floor":22.0,"turns":5.0},{"damage":13.0,"enemies":"Slavers","floor":24.0,"turns":4.0},{"damage":25.0,"enemies":"Snake Plant","floor":25.0,"turns":3.0},{"damage":4.0,"enemies":"Gremlin Leader","floor":28.0,"turns":6.0},{"damage":0.0,"enemies":"Masked Bandits","floor":29.0,"turns":2.0},{"damage":15.0,"enemies":"Slavers","floor":30.0,"turns":4.0},{"damage":19.0,"enemies":"Champ","floor":33.0,"turns":12.0},{"damage":0.0,"enemies":"3 Shapes","floor":35.0,"turns":4.0},{"damage":7.0,"enemies":"3 Darklings","floor":38.0,"turns":3.0},{"damage":39.0,"enemies":"Giant Head","floor":40.0,"turns":9.0},{"damage":6.0,"enemies":"Sphere and 2 Shapes","floor":41.0,"turns":3.0},{"damage":25,"enemies":"Reptomancer","floor":42,"turns":5},{"damage":39,"enemies":"Nemesis","floor":45,"turns":3}],"seed_played":"-6993919228645899096","potions_obtained":[{"floor":1.0,"key":"ColorlessPotion"},{"floor":10.0,"key":"Fruit Juice"},{"floor":11.0,"key":"GamblersBrew"},{"floor":14.0,"key":"CultistPotion"},{"floor":16.0,"key":"SkillPotion"},{"floor":18.0,"key":"Fire Potion"},{"floor":22.0,"key":"SkillPotion"},{"floor":24.0,"key":"LiquidBronze"},{"floor":28.0,"key":"GamblersBrew"},{"floor":29.0,"key":"LiquidBronze"},{"floor":30.0,"key":"Fruit Juice"},{"floor":33.0,"key":"DistilledChaos"}],"is_trial":false,"path_per_floor":["M","?","M","?","$","E","M","R","T","M","E","$","R","E","R","B",null,"M","$","?","?","M","R","E","M","T","R","E","?","E","$","R","B",null,"M","$","?","M","?","E","M","E","T","R","E"],"character_chosen":"DEFECT","items_purchased":["Streamline","BlessingOfTheForge","Self Repair","Panacea","Capacitor","FocusPotion","Hologram"],"campfire_rested":1,"item_purchase_floors":[5,5,12,19,31,31,31],"current_hp_per_floor":[64,57,57,57,57,57,57,57,57,57,25,25,25,31,31,13,68,65,65,65,86,73,73,60,35,35,60,63,63,55,60,60,41,79,91,91,91,84,84,55,49,34,34,34,0,0],"gold":189,"neow_bonus":"THREE_ENEMY_KILL","is_daily":false,"chose_seed":false,"campfire_upgraded":5,"win_rate":0.0,"timestamp":1607795578,"path_taken":["M","?","M","?","$","E","?","R","T","M","E","?","R","E","R","BOSS","M","$","?","?","?","R","E","M","T","R","E","?","E","?","R","BOSS","M","$","?","?","?","E","M","E","T","R","E"],"items_purchased_type":["Card","Potion","Card","Card","Card","Potion","Card"],"build_version":"2020-11-30","purchased_purges":1,"victory":false,"max_hp_per_floor":[71,71,71,71,71,71,71,71,71,71,71,71,71,86,86,86,86,86,86,86,86,86,86,86,86,86,86,86,86,86,91,91,91,91,91,91,91,91,91,91,91,91,91,91,91,91],"card_choices":[{"not_picked":["Coolheaded","Conserve Battery"],"picked":"Capacitor","floor":1.0},{"not_picked":["White Noise","Turbo"],"picked":"Beam Cell","floor":3.0},{"not_picked":["Fusion","Rebound","Turbo"],"picked":"Sunder","floor":6.0},{"not_picked":["Turbo","Melter","Rip and Tear"],"picked":"Cold Snap","floor":7.0},{"not_picked":["Gash","Hyperbeam","Streamline"],"picked":"Consume","floor":10.0},{"not_picked":["Skim","Streamline","Self Repair"],"picked":"Cold Snap","floor":11.0},{"not_picked":["Leap","Gash","Go for the Eyes"],"picked":"Chaos","floor":14.0},{"not_picked":["All For One","Machine Learning","Meteor Strike"],"picked":"Electrodynamics","floor":16.0},{"not_picked":["Lockon","Rip and Tear","Gash"],"picked":"Hologram","floor":18.0},{"not_picked":["Conserve Battery+1","Undo","Compile Driver"],"picked":"Double Energy","floor":22.0},{"not_picked":["Redo+1","Rip and Tear","Defragment"],"picked":"Turbo","floor":24.0},{"not_picked":["Barrage","Gash","All For One"],"picked":"Steam","floor":25.0},{"not_picked":["Darkness","Redo","Capacitor"],"picked":"Glacier","floor":28.0},{"not_picked":["Leap","Streamline+1","Tempest","Reprogram"],"picked":"SKIP","floor":30.0},{"not_picked":["Rainbow","Machine Learning","Meteor Strike"],"picked":"Echo Form","floor":33.0},{"not_picked":["Redo","Tempest+1","Conserve Battery"],"picked":"FTL","floor":35.0},{"not_picked":["Conserve Battery","Cold Snap+1","Reinforced Body+1","Compile Driver"],"picked":"SKIP","floor":38.0},{"not_picked":["Steam+1","Heatsinks","Hologram"],"picked":"Core Surge","floor":40.0},{"not_picked":["Skim","Barrage","Compile Driver","Melter"],"picked":"SKIP","floor":41.0},{"not_picked":["Skim","Barrage","Melter"],"picked":"Compile Driver","floor":41.0},{"not_picked":["Tempest","BootSequence","Gash+1"],"picked":"Chill+1","floor":42}],"player_experience":1028090,"relics_obtained":[{"floor":6.0,"key":"Dead Branch"},{"floor":9.0,"key":"White Beast Statue"},{"floor":11.0,"key":"InkBottle"},{"floor":14.0,"key":"Pear"},{"floor":17.0,"key":"DataDisk"},{"floor":17.0,"key":"Gremlin Horn"},{"floor":17.0,"key":"Ice Cream"},{"floor":24.0,"key":"Letter Opener"},{"floor":26.0,"key":"Turnip"},{"floor":28.0,"key":"Akabeko"},{"floor":29.0,"key":"Red Mask"},{"floor":30.0,"key":"Boot"},{"floor":40.0,"key":"Blue Candle"},{"floor":42,"key":"Molten Egg 2"}],"event_choices":[{"cards_removed":["Strike_B"],"damage_healed":0.0,"max_hp_gain":0.0,"max_hp_loss":0.0,"gold_gain":0.0,"event_name":"Golden Wing","player_choice":"Card Removal","floor":2.0,"gold_loss":0.0,"damage_taken":7.0},{"cards_removed":["Beam Cell"],"damage_healed":0.0,"max_hp_gain":0.0,"max_hp_loss":0.0,"gold_gain":0.0,"event_name":"WeMeetAgain","player_choice":"Gave Card","floor":4.0,"gold_loss":0.0,"damage_taken":0.0,"relics_obtained":["Question Card"]},{"damage_healed":0.0,"max_hp_gain":0.0,"max_hp_loss":0.0,"gold_gain":0.0,"event_name":"Back to Basics","player_choice":"Simplicity","floor":20.0,"gold_loss":0.0,"damage_taken":0.0,"cards_upgraded":["Strike_B","Strike_B","Strike_B","Defend_B","Defend_B","Defend_B","Defend_B"]},{"cards_removed":["Chaos"],"damage_healed":21.0,"max_hp_gain":0.0,"max_hp_loss":0.0,"gold_gain":0.0,"event_name":"Bonfire Elementals","player_choice":"Offered Uncommon","floor":21.0,"gold_loss":0.0,"damage_taken":0.0},{"damage_healed":0.0,"max_hp_gain":0.0,"max_hp_loss":0.0,"gold_gain":0.0,"event_name":"Masked Bandits","player_choice":"Fought Bandits","floor":29.0,"gold_loss":0.0,"damage_taken":0.0},{"damage_healed":0.0,"max_hp_gain":0.0,"max_hp_loss":0.0,"gold_gain":0.0,"event_name":"Duplicator","player_choice":"Copied","floor":37.0,"gold_loss":0.0,"damage_taken":0.0,"cards_obtained":["Panacea"]},{"damage_healed":0.0,"max_hp_gain":0.0,"max_hp_loss":0.0,"gold_gain":0.0,"event_name":"Accursed Blacksmith","player_choice":"Rummage","floor":39.0,"gold_loss":0.0,"damage_taken":0.0,"relics_obtained":["WarpedTongs"],"cards_obtained":["Pain"]}],"is_beta":false,"boss_relics":[{"not_picked":["Tiny House","Runic Pyramid"],"picked":"Calling Bell"},{"not_picked":["Cursed Key","Velvet Choker"],"picked":"Runic Dome"}],"items_purged_floors":[36],"is_endless":false,"potions_floor_spawned":[1,10,11,14,16,18,22,24,25,28,29,30,33,35,38,40,41,42],"killed_by":"Nemesis","ascension_level":20}}