{"host":"9jbduwjxg0e72hbg","time":1607768074,"event":{"mods":["AchievementEnabler","Act Like it!","Aspiration","BaseMod","Better Match","Better Skull","Better Third Choice","BetterRewards","Conspire","Elementarium","Energized Spire","Gensokyo","GifTheSpireLib","Gold Saver","GungeonMod","Hallownest","Hubris","Infinite Spire","Jedi Mod","Marisa????????","Menagerie","Minty Spire (QoL Compilation)","Pale of the Ancients","Replay The Spire","SCP261 Mod","Shop Mod","Spicy Shops","StSLib","Stuff the Spire","The Animator","The Blue Laboratory","The Gatherer","Wandering Minibosses","vexMod"],"gold_per_floor":[3,1507,1530,1530,1530],"floor_reached":19,"playtime":590,"items_purged":[],"score":661,"play_id":"750389b5-7423-4b77-98fd-982225e13dcf","local_time":"20201212021434","is_ascension_mode":true,"campfire_choices":[{"floor":17,"key":"REST"},{"data":"Mind Blast","floor":17,"key":"SMITH"}],"circlet_count":0,"master_deck":["animator:Strike_Kancolle","animator:Defend_Kancolle","animator:Strike+1","animator:Strike","animator:Defend","animator:Defend","animator:Defend","animator:Shimakaze","animator:Kuroyukihime","animator:Geryuganshoop","animator:FielNirvalen","animator:ShinjiMatou","animator:Patchouli","animator:MetalKnight+1","animator:Rena","animator:Darkness","animator:Kazuma+1","animator:Jibril","animator:CrowleyEusford","animator:Emilia","animator:Archer","animator:SilverFang","animator:Souei","animator:Assassin","animator:YaoHaDucy","animator:MamizouFutatsuiwa","animator:MisaKurobane","animator:Hibiki","animator:GuildGirl","animator:Aqua","animator:NagisaMomoe","animator:IrohaTamaki","animator:Shigure","animator:TanyaDegurechaff","animator:Urushihara","animator:Mitsuba","animator:Saber","animator:Shuna","animator:MaesHughes+1","animator:Arpeggio","animator:Archer","animator:TsurugaMeisai","animator:EmiyaShirou","animator:Chris","animator:CrowleyEusford","animator:TakanashiRikka","animator:MamizouFutatsuiwa","animator:Kaijin","animator:Aqua","animator:Aqua","animator:Yoichi","animator:Shion","animator:Saber","animator:Magilou","animator:Hibiki","animator:Hitei","animator:Rider","animator:Illya","animator:Benimaru","animator:RoryMercury","animator:MamizouFutatsuiwa","animator:TanyaDegurechaff","animator:GazelDwargon+1","animator:Ciel","animator:Azekura","animator:Genos","animator:SuzuneAmano","animator:IchigoKurosaki","animator:Kira","animator:Biyorigo","animator:SakuraMatou","animator:Genos","animator:Kazuma","animator:Vanir","animator:MisaKurobane","animator:Kira","animator:Arpeggio","animator:Illya","animator:DolaCouronne","animator:Sloth","animator:Aisha","animator:HarukoHaruhara","animator:IchigoKurosaki","animator:TakanashiRikka","animator:Canti","animator:RoryMercury","animator:Mikaela","animator:Tatsumaki","animator:Sonic","animator:Archer","Mind Blast+1","Mind Blast+1","animator:KyokoSakura","Mind Blast+1","Mind Blast+1","Mind Blast+1","Mind Blast+1","Mind Blast+1","Mind Blast+1","Mind Blast+1","animator:Saitama"],"relics":["animator:LivingPicture","animator:ColorlessFragment","animator:PurgingStone","animator:HeavyHalberd","Replay:Wax Seal","animator:AlchemistGlove","jedi:fakemustache","DemoMod:Orange","Membership Card","Chemical X","Replay:Rubber Ducky","DemoMod:GreenGuonStone","infinitespire:EmpoweringShard","Chameleon Ring","vexMod:Spyglass","vexMod:Cooldron","infinitespire:Magic Flask","Juzu Bracelet","DemoMod:MonsterBlood","conspire:Flyswatter","Toy Ornithopter","StuffTheSpire:ForceGauntlet","hubris:TenFootPole","hubris:TinFlute","Replay:PocketPolymizer","wanderingMiniBosses:CarrionFlame","Gensokyo:PortableGap","conspire:InfiniteJournal","StuffTheSpire:GrapeVine"],"acts_visited":["Exordium","TheBeyond"],"potions_floor_usage":[18,18,18,18],"damage_taken":[{"damage":6,"enemies":"3 Shapes","floor":3,"turns":2},{"damage":0,"enemies":"Donu and Deca","floor":18,"turns":2}],"seed_played":"-2609978856481245852","potions_obtained":[],"is_trial":false,"path_per_floor":["M","T","R","B",null],"character_chosen":"THE_ANIMATOR","items_purchased":["animator:HeavyHalberd","animator:Kuroyukihime","animator:Geryuganshoop","animator:FielNirvalen","animator:ShinjiMatou","Replay:Wax Seal","animator:AlchemistGlove","animator:ColorlessFragment","jedi:fakemustache","animator:Patchouli","DemoMod:Orange","animator:MetalKnight+1","animator:Rena","animator:Darkness","animator:Kazuma+1","animator:Jibril","animator:CrowleyEusford","Membership Card","Chemical X","Replay:Rubber Ducky","DemoMod:GreenGuonStone","infinitespire:EmpoweringShard","Chameleon Ring","animator:Emilia","animator:Archer","animator:SilverFang","animator:Souei","animator:Assassin","animator:YaoHaDucy","animator:MamizouFutatsuiwa","animator:MisaKurobane","animator:Hibiki","animator:GuildGirl","animator:Aqua","animator:NagisaMomoe","animator:IrohaTamaki","animator:Shigure","vexMod:Spyglass","vexMod:Cooldron","infinitespire:Magic Flask","Juzu Bracelet","animator:TanyaDegurechaff","animator:Urushihara","animator:Mitsuba","animator:Saber","animator:Shuna","animator:MaesHughes+1","animator:Arpeggio","animator:Archer","animator:TsurugaMeisai","animator:EmiyaShirou","animator:Chris","animator:CrowleyEusford","animator:TakanashiRikka","animator:MamizouFutatsuiwa","DemoMod:MonsterBlood","conspire:Flyswatter","Toy Ornithopter","EntropicBrew","animator:Kaijin","animator:Aqua","animator:Yoichi","animator:Shion","animator:Saber","animator:Magilou","animator:Hibiki","StuffTheSpire:ForceGauntlet","animator:Hitei","animator:Rider","animator:Illya","animator:Benimaru","animator:RoryMercury","animator:MamizouFutatsuiwa","animator:TanyaDegurechaff","hubris:TenFootPole","hubris:TinFlute","animator:GazelDwargon+1","animator:Ciel","animator:Azekura","animator:Genos","animator:SuzuneAmano","animator:IchigoKurosaki","animator:Kira","animator:Biyorigo","animator:SakuraMatou","animator:Genos","animator:Kazuma","animator:Vanir","animator:MisaKurobane","animator:Kira","animator:Arpeggio","animator:Illya","animator:DolaCouronne","animator:Sloth","animator:Aisha","animator:HarukoHaruhara","animator:IchigoKurosaki","animator:TakanashiRikka","animator:Canti","animator:RoryMercury","animator:Mikaela","animator:Tatsumaki","animator:Sonic","animator:Archer","Replay:PocketPolymizer"],"campfire_rested":1,"item_purchase_floors":[0,0,0,0,0,0,0,0,0,0,0,0,0,0,0,0,0,0,0,0,0,0,0,0,0,0,0,0,0,0,0,0,0,0,0,0,0,0,0,0,0,0,0,0,0,0,0,0,0,0,0,0,0,0,0,0,0,0,0,0,0,0,0,0,0,0,0,0,0,0,0,0,0,0,0,0,0,0,0,0,0,0,0,0,0,0,0,0,0,0,0,0,0,0,0,0,0,0,0,0,0,0,0,0,0],"current_hp_per_floor":[85,79,79,82,82],"gold":1530,"neow_bonus":"","is_daily":false,"chose_seed":false,"campfire_upgraded":1,"win_rate":0.0,"timestamp":1607768074,"path_taken":["M","?","R","BOSS"],"items_purchased_type":["Relic","Card","Card","Card","Card","Relic","Relic","Relic","Relic","Card","Relic","Card","Card","Card","Card","Card","Card","Relic","Relic","Relic","Relic","Relic","Relic","Card","Card","Card","Card","Card","Card","Card","Card","Card","Card","Card","Card","Card","Card","Relic","Relic","Relic","Relic","Card","Card","Card","Card","Card","Card","Card","Card","Card","Card","Card","Card","Card","Card","Relic","Relic","Relic","Potion","Card","Card","Card","Card","Card","Card","Card","Relic","Card","Card","Card","Card","Card","Card","Card","Relic","Relic","Card","Card","Card","Card","Card","Card","Card","Card","Card","Card","Card","Card","Card","Card","Card","Card","Card","Card","Card","Card","Card","Card","Card","Card","Card","Card","Card","Card","Relic"],"build_version":"2020-11-30","purchased_purges":0,"victory":true,"max_hp_per_floor":[85,85,82,82,82],"card_choices":[{"not_picked":["animator:DolaCouronne+1","animator:Assassin"],"picked":"animator:KyokoSakura","floor":3}],"player_experience":779610,"relics_obtained":[{"floor":4,"key":"StuffTheSpire:GrapeVine"}],"event_choices":[],"is_beta":false,"boss_relics":[],"items_purged_floors":[],"is_endless":false,"potions_floor_spawned":[],"ascension_level":4}}