{"host":"x5ow3h9y3elojghk","time":1607769653,"event":{"mods":["BaseMod","Downfall","Duelist Mod","KinomotoSakuraMod(ƒæ÷Æ±æ”£)","Marisa£®ÏF”Í°°ƒß¿Ì…≥£©","Minty Spire (QoL Compilation)","Reimu£®≤©¿ˆ¡È√Œ£©","Remilia£®¿Ÿ√◊¿Ú—«£©","StSLib","The Administrix","The Bug Knight","The Construct","The Cursed","The Hierophant","The Poker Player","The Runesmith","The Senshi","The Servant 0.9.4","Youmu£®ªÍ∆«—˝√Œ£©","[IsaacMod]“‘»ˆº‚À˛"],"gold_per_floor":[110,122,188,233,233,233,233,233],"floor_reached":7,"playtime":304,"items_purged":[],"score":43,"play_id":"32c2af73-8179-4800-9691-a1806256b493","local_time":"20201212184053","is_ascension_mode":false,"campfire_choices":[{"data":"DoctorFetus","floor":6,"key":"SMITH"}],"circlet_count":0,"master_deck":["hierophant:Strike_Hierophant","hierophant:Strike_Hierophant","hierophant:Strike_Hierophant","hierophant:Strike_Hierophant","hierophant:Punish","hierophant:Defend_Hierophant","hierophant:Defend_Hierophant","hierophant:Defend_Hierophant","hierophant:Defend_Hierophant","hierophant:ChurchCoffers","DoctorFetus+1","hierophant:BulkyChest","hierophant:Patience","Bomb"],"relics":["hierophant:PropheticMaskRelic","HushsDoor","Damocles","NeowsBlessing","Prayer Wheel","Singing Bowl","Pantograph","Toy Ornithopter","Golden Idol"],"acts_visited":["Exordium"],"potions_floor_usage":[],"damage_taken":[{"damage":0,"enemies":"Small Slimes","floor":1,"turns":1},{"damage":0,"enemies":"Cultist","floor":2,"turns":1},{"damage":0,"enemies":"Jaw Worm","floor":3,"turns":1},{"damage":23,"enemies":"Large Slime","floor":4,"turns":6},{"damage":9,"enemies":"3 Sentries","floor":7,"turns":1}],"seed_played":"6410385825049909702","potions_obtained":[],"is_trial":false,"path_per_floor":["M","M","M","M","?","R","E"],"character_chosen":"HIEROPHANT","items_purchased":[],"campfire_rested":0,"item_purchase_floors":[],"current_hp_per_floor":[75,77,81,58,38,38,0,0],"gold":233,"neow_bonus":"THREE_ENEMY_KILL","is_daily":false,"chose_seed":false,"campfire_upgraded":1,"win_rate":0.0,"timestamp":1607769653,"path_taken":["M","M","M","M","?","R","E"],"items_purchased_type":[],"build_version":"2020-11-30","purchased_purges":0,"victory":false,"max_hp_per_floor":[75,77,81,81,81,81,81,81],"card_choices":[{"not_picked":[],"picked":"DoctorFetus","floor":0},{"not_picked":["hierophant:SecretStash","hierophant:Embezzle","hierophant:HolyVerse"],"picked":"SKIP","floor":1},{"not_picked":["hierophant:Encroach","hierophant:AuricShield"],"picked":"hierophant:BulkyChest","floor":2},{"not_picked":["hierophant:HolyVerse","hierophant:Flagellation","hierophant:Doubloon"],"picked":"Singing Bowl","floor":2},{"not_picked":["hierophant:Doubloon","hierophant:HammerAndAnvil","hierophant:Alms"],"picked":"Singing Bowl","floor":3},{"not_picked":["hierophant:FlamingChariot","hierophant:Alms","hierophant:Remorse"],"picked":"Singing Bowl","floor":3},{"not_picked":["hierophant:DisplayOfPower","hierophant:RepressedViolence"],"picked":"hierophant:Patience","floor":4},{"not_picked":["hierophant:Purify","hierophant:PristineSoul"],"picked":"Bomb","floor":4}],"player_experience":276719,"relics_obtained":[{"floor":1,"key":"Prayer Wheel"},{"floor":2,"key":"Singing Bowl"},{"floor":3,"key":"Pantograph"},{"floor":4,"key":"Toy Ornithopter"}],"event_choices":[{"damage_healed":0,"gold_gain":0,"player_choice":"Take Damage","damage_taken":20,"relics_obtained":["Golden Idol"],"max_hp_gain":0,"max_hp_loss":0,"event_name":"Golden Idol","floor":5,"gold_loss":0}],"is_beta":false,"boss_relics":[],"items_purged_floors":[],"is_endless":false,"potions_floor_spawned":[],"killed_by":"3 Sentries","ascension_level":0}}