{"host":"6azrrw3tf7wb0f4b","time":1607812088,"event":{"mods":["BaseMod","DeckTracker","Minty Spire (QoL Compilation)","SuperFastMode"],"gold_per_floor":[112,130,130,55,55,55,70,70,70,70,101,117,128,143,143,143,143],"floor_reached":16,"playtime":201,"items_purged":[],"score":184,"play_id":"0e2f4424-a097-4694-bef4-0fa1eb40add3","local_time":"20201213072808","is_ascension_mode":true,"campfire_choices":[{"data":"Combust","floor":6,"key":"SMITH"},{"data":"True Grit","floor":8,"key":"SMITH"},{"data":"Rupture","floor":15,"key":"SMITH"}],"circlet_count":0,"master_deck":["AscendersBane","Strike_R","Strike_R","Strike_R","Strike_R","Defend_R","Defend_R","Defend_R","Bash","Combust+1","True Grit+1","Intimidate","Clothesline","Rupture","Evolve","Rupture+1"],"relics":["Burning Blood","NeowsBlessing","Bottled Tornado","Letter Opener","Paper Frog"],"acts_visited":["Exordium"],"potions_floor_usage":[],"damage_taken":[{"damage":0,"enemies":"Cultist","floor":1,"turns":1},{"damage":0,"enemies":"Small Slimes","floor":2,"turns":1},{"damage":0,"enemies":"Jaw Worm","floor":7,"turns":1},{"damage":26,"enemies":"3 Sentries","floor":11,"turns":5},{"damage":12,"enemies":"Looter","floor":12,"turns":3},{"damage":8,"enemies":"2 Fungi Beasts","floor":13,"turns":3},{"damage":12,"enemies":"Lots of Slimes","floor":14,"turns":2},{"damage":51,"enemies":"Slime Boss","floor":16,"turns":5}],"seed_played":"-3535026107103120552","potions_obtained":[{"floor":1,"key":"LiquidBronze"},{"floor":14,"key":"DuplicationPotion"}],"is_trial":false,"path_per_floor":["M","M","?","?","T","R","M","R","T","?","E","M","M","M","R","B"],"character_chosen":"IRONCLAD","items_purchased":[],"campfire_rested":0,"item_purchase_floors":[],"current_hp_per_floor":[74,75,80,80,80,80,80,80,80,73,53,47,45,39,39,0,0],"gold":143,"neow_bonus":"THREE_ENEMY_KILL","is_daily":false,"chose_seed":false,"campfire_upgraded":3,"win_rate":0.0,"timestamp":1607812088,"path_taken":["M","M","?","?","?","R","M","R","T","?","E","M","M","M","R","BOSS"],"items_purchased_type":[],"build_version":"2020-11-30","purchased_purges":0,"victory":false,"max_hp_per_floor":[75,75,80,80,80,80,80,80,80,80,80,80,80,80,80,80,80],"card_choices":[{"not_picked":["Sentinel","Iron Wave"],"picked":"Combust","floor":1},{"not_picked":["Anger","Clash"],"picked":"True Grit","floor":2},{"not_picked":["Flex","Combust"],"picked":"Intimidate","floor":7},{"not_picked":["Warcry","Reckless Charge"],"picked":"Clothesline","floor":11},{"not_picked":["Blood for Blood","True Grit"],"picked":"Rupture","floor":12},{"not_picked":["Metallicize","Thunderclap"],"picked":"Evolve","floor":13},{"not_picked":["Barricade","Evolve"],"picked":"Rupture","floor":14}],"player_experience":594187,"relics_obtained":[{"floor":5,"key":"Bottled Tornado"},{"floor":9,"key":"Letter Opener"},{"floor":11,"key":"Paper Frog"}],"event_choices":[{"damage_healed":0,"gold_gain":0,"player_choice":"Donut","damage_taken":0,"max_hp_gain":5,"max_hp_loss":0,"event_name":"Big Fish","floor":3,"gold_loss":0},{"cards_removed":["Strike_R"],"damage_healed":0,"gold_gain":0,"player_choice":"Card Removal","damage_taken":0,"max_hp_gain":0,"max_hp_loss":0,"event_name":"The Cleric","floor":4,"gold_loss":75},{"cards_removed":["Defend_R"],"damage_healed":0,"gold_gain":0,"player_choice":"Card Removal","damage_taken":7,"max_hp_gain":0,"max_hp_loss":0,"event_name":"Golden Wing","floor":10,"gold_loss":0}],"is_beta":false,"boss_relics":[],"items_purged_floors":[],"is_endless":false,"potions_floor_spawned":[1,14],"killed_by":"Slime Boss","ascension_level":16}}