{"host":"e87rn453naquue3h","time":1607732410,"event":{"mods":["AchievementEnabler","BaseMod","Minty Spire (QoL Compilation)","Relic Stats","StSLib"],"gold_per_floor":[109,109,120,137,155,189,189,43,43,58,58,89,102,136,136,240,240,259,273,273,293,312,340,340,374,429,429,173,203,213,41,41,144,144,164,164,178,4,24,24,24,52,99,131,131,147,31,43,43,43],"floor_reached":51,"playtime":6084,"items_purged":[],"score":1293,"play_id":"e8155868-1828-41f0-9684-817415906fbb","local_time":"20201211192010","is_ascension_mode":true,"campfire_choices":[{"floor":7.0,"key":"REST"},{"data":"Wallop","floor":11.0,"key":"SMITH"},{"data":"Eruption","floor":15.0,"key":"SMITH"},{"data":"SandsOfTime","floor":24,"key":"SMITH"},{"floor":27,"key":"REST"},{"data":"FlurryOfBlows","floor":32,"key":"SMITH"},{"data":"SandsOfTime","floor":40,"key":"SMITH"},{"floor":45,"key":"REST"},{"floor":49,"key":"REST"}],"circlet_count":0,"master_deck":["AscendersBane","Strike_P","Strike_P","Strike_P","Strike_P","Defend_P","Defend_P","Defend_P","Defend_P","Eruption+1","Vigilance","ClearTheMind","EmptyFist","EmptyMind","FlurryOfBlows+1","Wallop+1","Halt","BattleHymn+1","Establishment+1","CutThroughFate","Scrawl","Adaptation+1","Conclude","SandsOfTime+1","ThirdEye+1","Fasting2+1","Flash of Steel","DeusExMachina","SandsOfTime+1","Pain","Protect+1","Panache+1","Writhe","WheelKick","Parasite","Fasting2+1"],"relics":["PureWater","FaceOfCleric","Eternal Feather","Vajra","Frozen Egg 2","Anchor","Darkstone Periapt","VioletLotus","Boot","Pen Nib","TeardropLocket","Art of War","Cursed Key","WarpedTongs","Blue Candle","Juzu Bracelet","Kunai"],"acts_visited":["Exordium","TheCity","TheBeyond"],"potions_floor_usage":[23,25,29,44,50,50],"damage_taken":[{"damage":5.0,"enemies":"Jaw Worm","floor":1.0,"turns":4.0},{"damage":0.0,"enemies":"Cultist","floor":3.0,"turns":3.0},{"damage":6.0,"enemies":"Small Slimes","floor":4.0,"turns":4.0},{"damage":11.0,"enemies":"2 Fungi Beasts","floor":5.0,"turns":4.0},{"damage":44.0,"enemies":"3 Sentries","floor":6.0,"turns":10.0},{"damage":3.0,"enemies":"Exordium Thugs","floor":10.0,"turns":4.0},{"damage":0.0,"enemies":"Gremlin Nob","floor":12.0,"turns":3.0},{"damage":0.0,"enemies":"Exordium Wildlife","floor":13.0,"turns":3.0},{"damage":15.0,"enemies":"Lagavulin","floor":14.0,"turns":4.0},{"damage":0.0,"enemies":"Slime Boss","floor":16.0,"turns":4.0},{"damage":13,"enemies":"2 Thieves","floor":18,"turns":3},{"damage":0,"enemies":"Spheric Guardian","floor":19,"turns":3},{"damage":0,"enemies":"Centurion and Healer","floor":21,"turns":4},{"damage":13,"enemies":"Snake Plant","floor":22,"turns":4},{"damage":12,"enemies":"Book of Stabbing","floor":23,"turns":4},{"damage":38,"enemies":"Slavers","floor":25,"turns":4},{"damage":4,"enemies":"Book of Stabbing","floor":29,"turns":3},{"damage":10,"enemies":"Shelled Parasite and Fungi","floor":30,"turns":3},{"damage":2,"enemies":"Automaton","floor":33,"turns":6},{"damage":25,"enemies":"3 Darklings","floor":35,"turns":4},{"damage":12,"enemies":"Orb Walker","floor":37,"turns":3},{"damage":14,"enemies":"Spire Growth","floor":39,"turns":4},{"damage":15,"enemies":"Reptomancer","floor":42,"turns":3},{"damage":21,"enemies":"Nemesis","floor":44,"turns":3},{"damage":27,"enemies":"Writhing Mass","floor":46,"turns":3},{"damage":17,"enemies":"Maw","floor":48,"turns":4},{"damage":55,"enemies":"Donu and Deca","floor":50,"turns":7}],"seed_played":"8814392373651911637","potions_obtained":[{"floor":1.0,"key":"SneckoOil"},{"floor":6.0,"key":"SpeedPotion"},{"floor":13.0,"key":"Fire Potion"},{"floor":14.0,"key":"LiquidBronze"},{"floor":16.0,"key":"Strength Potion"},{"floor":18,"key":"BlessingOfTheForge"},{"floor":30,"key":"SkillPotion"},{"floor":37,"key":"BottledMiracle"},{"floor":39,"key":"LiquidMemories"},{"floor":46,"key":"Block Potion"}],"is_trial":false,"path_per_floor":["M","?","M","M","M","E","R","$","T","M","R","E","M","E","R","B",null,"M","M","?","M","M","E","R","E","T","R","$","E","M","$","R","B",null,"M","?","M","$","M","R","$","E","T","E","R","M","$","M","R","B",null],"character_chosen":"WATCHER","items_purchased":["Vajra","TeardropLocket","Fasting2+1","Flash of Steel","Panache+1","Fasting2+1","PowerPotion"],"campfire_rested":4,"item_purchase_floors":[8,28,31,31,38,47,47],"current_hp_per_floor":[67,67,68,63,53,10,43,43,43,41,50,51,52,38,50,51,79,67,68,62,63,51,40,55,18,18,61,61,58,49,49,64,63,89,65,71,60,60,47,65,65,51,57,37,89,69,69,53,110,56],"gold":43,"neow_bonus":"TEN_PERCENT_HP_BONUS","is_daily":false,"chose_seed":false,"campfire_upgraded":5,"win_rate":0.0,"timestamp":1607732410,"path_taken":["M","?","M","M","M","E","R","$","T","M","R","E","M","E","R","BOSS","M","M","?","?","?","E","R","E","T","R","$","E","M","$","R","BOSS","M","?","M","?","M","R","$","E","T","E","R","M","$","M","R","BOSS"],"items_purchased_type":["Relic","Relic","Card","Card","Card","Card","Potion"],"build_version":"2020-11-30","purchased_purges":0,"victory":true,"max_hp_per_floor":[79,79,80,81,82,83,83,83,83,84,84,85,86,87,87,88,88,89,90,90,91,92,93,93,94,94,94,94,95,96,96,96,97,97,98,104,105,105,106,106,106,107,113,114,114,121,121,122,122,123],"relic_stats":{"Darkstone Periapt":18,"counters":[27,108],"Blue Candle":[8],"Eternal Feather":132,"Pen Nib":[13],"Juzu Bracelet":0,"Boot":[34],"Cursed Key":1,"WarpedTongs":[27],"FaceOfCleric":26,"VioletLotus":[24],"Art of War":[5],"Kunai":[10],"obtain_stats":[{"Darkstone Periapt":14,"Blue Candle":42,"Vajra":8,"Eternal Feather":6,"Pen Nib":26,"Juzu Bracelet":43,"TeardropLocket":28,"Frozen Egg 2":9,"Boot":23,"Cursed Key":34,"WarpedTongs":36,"Anchor":12,"FaceOfCleric":2,"VioletLotus":17,"Art of War":29,"Kunai":44,"PureWater":0},{"Darkstone Periapt":9,"Blue Candle":23,"Vajra":5,"Eternal Feather":5,"Pen Nib":16,"Juzu Bracelet":23,"TeardropLocket":16,"Frozen Egg 2":5,"Boot":15,"Cursed Key":19,"WarpedTongs":20,"Anchor":7,"FaceOfCleric":1,"VioletLotus":10,"Art of War":17,"Kunai":24,"PureWater":0},{"Darkstone Periapt":39,"Blue Candle":91,"Vajra":25,"Eternal Feather":25,"Pen Nib":65,"Juzu Bracelet":91,"TeardropLocket":65,"Frozen Egg 2":25,"Boot":61,"Cursed Key":77,"WarpedTongs":81,"Anchor":32,"FaceOfCleric":4,"VioletLotus":43,"Art of War":68,"Kunai":94,"PureWater":0}]},"card_choices":[{"not_picked":["WaveOfTheHand","FlyingSleeves"],"picked":"ClearTheMind","floor":1.0},{"not_picked":["Evaluate","FlyingSleeves"],"picked":"EmptyFist","floor":3.0},{"not_picked":["Study","Crescendo"],"picked":"EmptyMind","floor":4.0},{"not_picked":["Weave","CarveReality"],"picked":"FlurryOfBlows","floor":5.0},{"not_picked":["InnerPeace","PathToVictory"],"picked":"Wallop","floor":6.0},{"not_picked":["EmptyBody","FlurryOfBlows"],"picked":"Halt","floor":10.0},{"not_picked":["ReachHeaven","Halt"],"picked":"BattleHymn+1","floor":12.0},{"not_picked":["FearNoEvil","JustLucky"],"picked":"Establishment+1","floor":13.0},{"not_picked":["Evaluate","CrushJoints"],"picked":"CutThroughFate","floor":14.0},{"not_picked":["Omniscience","Alpha"],"picked":"Scrawl","floor":16.0},{"not_picked":["EmptyMind","ReachHeaven"],"picked":"Adaptation+1","floor":18},{"not_picked":["Halt","JustLucky"],"picked":"Conclude","floor":19},{"not_picked":["Crescendo","FlyingSleeves"],"picked":"SandsOfTime","floor":21},{"not_picked":["ThirdEye","Swivel","PathToVictory"],"picked":"SKIP","floor":22},{"not_picked":["PathToVictory","ClearTheMind+1"],"picked":"ThirdEye+1","floor":23},{"not_picked":["Evaluate","Crescendo","Consecrate"],"picked":"SKIP","floor":25},{"not_picked":["JustLucky","ThirdEye","FollowUp"],"picked":"SKIP","floor":29},{"not_picked":["Conclude","Halt","FlyingSleeves"],"picked":"SKIP","floor":30},{"not_picked":["Wish","Ragnarok"],"picked":"DeusExMachina","floor":33},{"not_picked":["ClearTheMind","Pray"],"picked":"SandsOfTime","floor":35},{"not_picked":["Prostrate","EmptyMind+1"],"picked":"Protect+1","floor":37},{"not_picked":["Evaluate","SashWhip","WaveOfTheHand"],"picked":"SKIP","floor":39},{"not_picked":["EmptyBody","TalkToTheHand","SashWhip"],"picked":"SKIP","floor":42},{"not_picked":["Study+1","Ragnarok"],"picked":"WheelKick","floor":44},{"not_picked":["Consecrate","Meditate+1","Adaptation+1"],"picked":"SKIP","floor":46},{"not_picked":["JustLucky","Study+1","Consecrate"],"picked":"SKIP","floor":48}],"player_experience":2246028,"relics_obtained":[{"floor":6.0,"key":"Eternal Feather"},{"floor":9.0,"key":"Frozen Egg 2"},{"floor":12.0,"key":"Anchor"},{"floor":14.0,"key":"Darkstone Periapt"},{"floor":23,"key":"Boot"},{"floor":26,"key":"Pen Nib"},{"floor":29,"key":"Art of War"},{"floor":42,"key":"Blue Candle"},{"floor":43,"key":"Juzu Bracelet"},{"floor":44,"key":"Kunai"}],"event_choices":[{"damage_healed":0.0,"max_hp_gain":0.0,"max_hp_loss":0.0,"gold_gain":0.0,"event_name":"FaceTrader","player_choice":"Trade","floor":2.0,"gold_loss":0.0,"damage_taken":0.0,"relics_obtained":["FaceOfCleric"]},{"damage_healed":0,"gold_gain":0,"player_choice":"","damage_taken":6,"max_hp_gain":0,"max_hp_loss":0,"event_name":"Knowing Skull","floor":20,"potions_obtained":[],"gold_loss":0,"cards_obtained":[]},{"damage_healed":0,"gold_gain":0,"player_choice":"Rummage","damage_taken":0,"relics_obtained":["WarpedTongs"],"max_hp_gain":0,"max_hp_loss":0,"event_name":"Accursed Blacksmith","floor":36,"gold_loss":0,"cards_obtained":["Pain"]}],"is_beta":false,"boss_relics":[{"not_picked":["Pandora\u0027s Box","Velvet Choker"],"picked":"VioletLotus"},{"not_picked":["Astrolabe","Runic Pyramid"],"picked":"Cursed Key"}],"items_purged_floors":[],"is_endless":false,"potions_floor_spawned":[1,6,13,14,16,18,21,22,30,37,39,42,46],"ascension_level":10}}