{"host":"v0n6ky7dmveherv3","time":1607798138,"event":{"mods":["BaseMod","Better Third Choice","Downfall","Minty Spire (QoL Compilation)","StSLib"],"gold_per_floor":[115,10,23,23,37,72,72,98,124,134,134,148,177,127,127,226,226,244,257,272,47,67,67,67,95,141,141,141,141,170,181,181,285,285,300,318,318,336,350,350,381,381,381,381,381,97,128,3,3,3,3],"floor_reached":50,"playtime":2032,"items_purged":["Strike_G","Strike_G","Strike_G"],"score":665,"play_id":"5f36adc3-b80a-4c5c-86dd-00df6167e6f8","local_time":"20201212113538","is_ascension_mode":true,"campfire_choices":[{"data":"Accuracy","floor":7,"key":"SMITH"},{"floor":11,"key":"REST"},{"data":"Cloak And Dagger","floor":15,"key":"SMITH"},{"data":"A Thousand Cuts","floor":24,"key":"SMITH"},{"data":"Blade Dance","floor":27,"key":"SMITH"},{"data":"Phantasmal Killer","floor":29,"key":"SMITH"},{"data":"Calculated Gamble","floor":32,"key":"SMITH"},{"data":"A Thousand Cuts","floor":40,"key":"SMITH"},{"data":"Blade Dance","floor":42,"key":"SMITH"},{"data":"Infinite Blades","floor":45,"key":"SMITH"},{"data":"Blade Dance","floor":49,"key":"SMITH"}],"circlet_count":0,"master_deck":["Strike_G","Defend_G","Defend_G","Defend_G","Defend_G","Defend_G","Survivor","Neutralize","Infinite Blades+1","Accuracy+1","Skewer","Dagger Spray","Blade Dance+1","Footwork","Leg Sweep","Backflip","Cloak And Dagger+1","Phantasmal Killer+1","A Thousand Cuts+1","PiercingWail+1","Calculated Gamble+1","Blur","Finisher","A Thousand Cuts+1","Blade Dance+1","Choke+1","Terror+1","Blade Dance+1","Tools of the Trade","Deflect+1"],"relics":["Ring of the Snake","Tingsha","Omamori","Lantern","Vajra","MealTicket","Calling Bell","Anchor","Shuriken","WingedGreaves","Lee\u0027s Waffle","Blood Vial","Nunchaku","Pantograph","Coffee Dripper","PreservedInsect","CaptainsWheel","Gremlin Horn"],"acts_visited":["Exordium","TheCity","TheBeyond"],"potions_floor_usage":[6,8,13,19,20,23,30,33,39,50],"damage_taken":[{"damage":5,"enemies":"Cultist","floor":1,"turns":4},{"damage":4,"enemies":"Jaw Worm","floor":3,"turns":3},{"damage":0,"enemies":"Small Slimes","floor":5,"turns":3},{"damage":15,"enemies":"Lagavulin","floor":6,"turns":5},{"damage":10,"enemies":"3 Sentries","floor":8,"turns":6},{"damage":0,"enemies":"Exordium Thugs","floor":10,"turns":3},{"damage":1,"enemies":"Looter","floor":12,"turns":3},{"damage":4,"enemies":"Gremlin Nob","floor":13,"turns":3},{"damage":11,"enemies":"Hexaghost","floor":16,"turns":7},{"damage":0,"enemies":"Spheric Guardian","floor":18,"turns":3},{"damage":12,"enemies":"2 Thieves","floor":19,"turns":4},{"damage":14,"enemies":"Snake Plant","floor":20,"turns":4},{"damage":3,"enemies":"Shelled Parasite and Fungi","floor":22,"turns":4},{"damage":0,"enemies":"Gremlin Leader","floor":23,"turns":2},{"damage":11,"enemies":"Book of Stabbing","floor":25,"turns":5},{"damage":6,"enemies":"Gremlin Leader","floor":30,"turns":6},{"damage":0,"enemies":"Cultist and Chosen","floor":31,"turns":3},{"damage":33,"enemies":"Automaton","floor":33,"turns":6},{"damage":9,"enemies":"Orb Walker","floor":35,"turns":4},{"damage":21,"enemies":"3 Shapes","floor":36,"turns":4},{"damage":4,"enemies":"Sphere and 2 Shapes","floor":38,"turns":3},{"damage":4,"enemies":"Writhing Mass","floor":39,"turns":4},{"damage":11,"enemies":"Giant Head","floor":41,"turns":6},{"damage":40,"enemies":"Nemesis","floor":47,"turns":5},{"damage":81,"enemies":"Time Eater","floor":50,"turns":10}],"seed_played":"2241026700520497332","potions_obtained":[{"floor":1,"key":"Fire Potion"},{"floor":3,"key":"Weak Potion"},{"floor":6,"key":"BlessingOfTheForge"},{"floor":16,"key":"SpeedPotion"},{"floor":18,"key":"FearPotion"},{"floor":19,"key":"SmokeBomb"},{"floor":25,"key":"Slimebound:ThreeZeroPotion"},{"floor":31,"key":"ColorlessPotion"},{"floor":38,"key":"SneckoOil"},{"floor":39,"key":"EssenceOfSteel"}],"is_trial":false,"path_per_floor":["M","$","M","$","M","E","R","E","T","M","R","M","E","?","R","B",null,"M","M","M","$","M","E","R","E","T","R","?","R","E","M","R","B",null,"M","M","?","M","M","R","E","R","T","?","R","$","E","$","R","B"],"character_chosen":"THE_SILENT","items_purchased":["Accuracy","Skewer","Lee\u0027s Waffle","Blade Dance","Tools of the Trade"],"campfire_rested":1,"item_purchase_floors":[2,2,21,46,46],"current_hp_per_floor":[44,44,40,40,40,25,25,15,15,15,36,35,31,31,31,20,70,70,58,44,77,74,74,74,63,63,63,49,49,45,47,47,41,82,73,54,54,52,50,50,41,41,41,78,78,78,38,53,53,0,0],"gold":3,"neow_bonus":"ONE_RARE_RELIC","is_daily":false,"chose_seed":false,"campfire_upgraded":10,"win_rate":0.0,"timestamp":1607798138,"path_taken":["M","$","M","?","M","E","R","E","T","M","R","?","E","?","R","BOSS","M","M","M","$","M","E","R","E","T","R","?","R","E","M","R","BOSS","M","M","?","M","M","R","E","R","T","?","R","?","E","$","R","BOSS"],"items_purchased_type":["Card","Card","Relic","Card","Card"],"build_version":"2020-11-30","purchased_purges":3,"victory":false,"max_hp_per_floor":[70,70,70,70,70,70,70,70,70,70,70,70,70,70,70,70,70,70,70,70,77,77,77,77,77,77,77,82,82,82,82,82,82,82,82,82,78,78,78,78,78,78,78,78,78,78,78,78,78,78,78],"card_choices":[{"not_picked":["Expertise","Tactician"],"picked":"Infinite Blades","floor":1},{"not_picked":["Sucker Punch","Quick Slash"],"picked":"Dagger Spray","floor":3},{"not_picked":["Outmaneuver","Burst"],"picked":"Blade Dance","floor":5},{"not_picked":["Prepared","Finisher"],"picked":"Footwork","floor":6},{"not_picked":["Sucker Punch","Riddle With Holes"],"picked":"Leg Sweep","floor":8},{"not_picked":["Sucker Punch","Predator"],"picked":"Backflip","floor":10},{"not_picked":["Predator","Underhanded Strike"],"picked":"Cloak And Dagger","floor":12},{"not_picked":["Reflex","Calculated Gamble"],"picked":"Phantasmal Killer","floor":13},{"not_picked":["Unload","Doppelganger"],"picked":"A Thousand Cuts","floor":16},{"not_picked":["Finisher","Predator","Sucker Punch"],"picked":"SKIP","floor":18},{"not_picked":["Caltrops","Deadly Poison+1","Prepared"],"picked":"SKIP","floor":19},{"not_picked":["Underhanded Strike","Slice"],"picked":"PiercingWail+1","floor":20},{"not_picked":["Endless Agony+1","Underhanded Strike"],"picked":"Calculated Gamble","floor":22},{"not_picked":["Well Laid Plans+1","Blur","Venomology"],"picked":"SKIP","floor":25},{"not_picked":["Endless Agony+1","Quick Slash","Blur"],"picked":"SKIP","floor":30},{"not_picked":["Endless Agony+1","Quick Slash"],"picked":"Blur","floor":30},{"not_picked":["Dagger Throw","Outmaneuver"],"picked":"Finisher","floor":31},{"not_picked":["Tools of the Trade","Glass Knife"],"picked":"A Thousand Cuts","floor":33},{"not_picked":["All Out Attack+1","Poisoned Stab+1","Well Laid Plans+1"],"picked":"SKIP","floor":35},{"not_picked":["Noxious Fumes+1","Deadly Poison"],"picked":"Blade Dance","floor":36},{"not_picked":["PiercingWail+1","Eviscerate+1"],"picked":"Choke+1","floor":38},{"not_picked":["PiercingWail","Riddle With Holes","Deadly Poison"],"picked":"SKIP","floor":39},{"not_picked":["Flying Knee","Reflex"],"picked":"Terror+1","floor":41},{"not_picked":["Crippling Poison","Poisoned Stab+1"],"picked":"Deflect+1","floor":47}],"player_experience":81870,"relics_obtained":[{"floor":6,"key":"Omamori"},{"floor":8,"key":"Lantern"},{"floor":9,"key":"Vajra"},{"floor":13,"key":"MealTicket"},{"floor":17,"key":"Anchor"},{"floor":17,"key":"Shuriken"},{"floor":17,"key":"WingedGreaves"},{"floor":25,"key":"Blood Vial"},{"floor":26,"key":"Nunchaku"},{"floor":30,"key":"Pantograph"},{"floor":41,"key":"PreservedInsect"},{"floor":43,"key":"CaptainsWheel"},{"floor":47,"key":"Gremlin Horn"}],"event_choices":[{"cards_removed":["Strike_G"],"damage_healed":0,"gold_gain":0,"player_choice":"Card Removal","damage_taken":0,"max_hp_gain":0,"max_hp_loss":0,"event_name":"The Cleric","floor":14,"gold_loss":50},{"damage_healed":0,"gold_gain":0,"player_choice":"Shed Blood","damage_taken":19,"max_hp_gain":5,"max_hp_loss":0,"event_name":"Forgotten Altar","floor":28,"gold_loss":0},{"damage_healed":0,"gold_gain":0,"player_choice":"Max HP","damage_taken":0,"max_hp_gain":0,"max_hp_loss":4,"event_name":"Winding Halls","floor":37,"gold_loss":0},{"damage_healed":37,"gold_gain":0,"player_choice":"Heal","damage_taken":0,"max_hp_gain":0,"max_hp_loss":0,"event_name":"MindBloom","floor":44,"gold_loss":0,"cards_obtained":["Doubt"]}],"is_beta":false,"boss_relics":[{"not_picked":["Cursed Key","Velvet Choker"],"picked":"Calling Bell"},{"not_picked":["Astrolabe","Philosopher\u0027s Stone"],"picked":"Coffee Dripper"}],"items_purged_floors":[21,46,48],"is_endless":false,"potions_floor_spawned":[1,3,6,16,18,19,25,31,38,39],"killed_by":"Time Eater","ascension_level":3}}