{"host":"w4b7hmige5bnqipq","time":1607736212,"event":{"mods":["BaseMod","Minty Spire (QoL Compilation)","Rare Cards Sparkle","SuperFastMode","everything is the same but u backflip on backflip","slay the spire mod where everything is the same but ironclad has a cowboy hat"],"gold_per_floor":[113,132,57,73,83,117,117,129,210,222,222],"floor_reached":10,"playtime":239,"items_purged":["Strike_G"],"score":136,"play_id":"1f6e7b9b-3ad6-46fe-b13a-39f8a6893c5e","local_time":"20201212102332","is_ascension_mode":true,"campfire_choices":[{"floor":7,"key":"DIG"}],"circlet_count":0,"master_deck":["AscendersBane","Strike_G","Strike_G","Strike_G","Strike_G","Defend_G","Defend_G","Defend_G","Defend_G","Defend_G","Survivor","Neutralize","Corpse Explosion","Dash","Escape Plan","Bouncing Flask","Escape Plan","Crippling Poison"],"relics":["Ring of the Snake","Shovel","MawBank","Letter Opener"],"acts_visited":["Exordium"],"potions_floor_usage":[5,6],"damage_taken":[{"damage":17,"enemies":"Cultist","floor":1,"turns":5},{"damage":1,"enemies":"Small Slimes","floor":2,"turns":4},{"damage":0,"enemies":"Jaw Worm","floor":4,"turns":4},{"damage":4,"enemies":"Large Slime","floor":5,"turns":6},{"damage":12,"enemies":"Lagavulin","floor":6,"turns":5},{"damage":28,"enemies":"Gremlin Nob","floor":10,"turns":3}],"seed_played":"9146512825267116580","potions_obtained":[{"floor":1,"key":"Explosive Potion"},{"floor":5,"key":"DuplicationPotion"}],"is_trial":false,"path_per_floor":["M","M","$","M","M","E","R","$","T","E"],"character_chosen":"THE_SILENT","items_purchased":[],"campfire_rested":0,"item_purchase_floors":[],"current_hp_per_floor":[42,41,41,41,37,25,25,25,25,0,0],"gold":222,"neow_bonus":"ONE_RANDOM_RARE_CARD","is_daily":false,"chose_seed":false,"campfire_upgraded":0,"win_rate":0.0,"timestamp":1607736212,"path_taken":["M","M","?","M","M","E","R","$","T","E"],"items_purchased_type":[],"build_version":"2020-11-30","purchased_purges":1,"victory":false,"max_hp_per_floor":[66,66,66,66,66,66,66,66,66,66,66],"card_choices":[{"not_picked":["Endless Agony","Dodge and Roll"],"picked":"Dash","floor":1},{"not_picked":["Outmaneuver","Slice"],"picked":"Escape Plan","floor":2},{"not_picked":["Outmaneuver","Infinite Blades"],"picked":"Bouncing Flask","floor":4},{"not_picked":["Poisoned Stab","Flying Knee"],"picked":"Escape Plan","floor":5},{"not_picked":["Dodge and Roll","Slice"],"picked":"Crippling Poison","floor":6}],"player_experience":380784,"relics_obtained":[{"floor":6,"key":"Shovel"},{"floor":7,"key":"MawBank"},{"floor":9,"key":"Letter Opener"}],"event_choices":[],"is_beta":false,"boss_relics":[],"items_purged_floors":[3],"is_endless":false,"potions_floor_spawned":[1,5],"killed_by":"Gremlin Nob","ascension_level":20}}