{"host":"xj1vcaj0kpg926bu","time":1607764705,"event":{"mods":["2.2 Compatiblity","Act Like it!","BaseMod","Friendly Minions","Hallownest","Minty Spire (QoL Compilation)","Prisma Mod","StSLib","The Animator"],"gold_per_floor":[113,88,88,99,45,74,74,106,106,106,125,71,104,0,0,100,100,100,100],"floor_reached":18,"playtime":628,"items_purged":[],"score":251,"play_id":"914c32c3-b933-465b-839c-0d48832fb996","local_time":"20201212171825","is_ascension_mode":false,"campfire_choices":[{"data":"PrismaMod:IllyaCheapAttack","floor":10,"key":"SMITH"},{"data":"PrismaMod:IllyaUncommonDefend","floor":15,"key":"SMITH"}],"circlet_count":0,"master_deck":["PrismaMod:IllyaCommonAttack","PrismaMod:IllyaCommonDefend","PrismaMod:IllyaCommonAttack","PrismaMod:IllyaCommonDefend","PrismaMod:IllyaCommonAttack","PrismaMod:IllyaCommonDefend","PrismaMod:IllyaCommonAttack","PrismaMod:IllyaCommonDefend","PrismaMod:IllyaCommonAttack","PrismaMod:IllyaCommonDefend","PrismaMod:IllyaUncommonAttack","PrismaMod:IllyaUncommonDefend+1","PrismaMod:IllyaAOECommonAttack","PrismaMod:IllyaBerserCAR","PrismaMod:IllyaCheapAttack+1","PrismaMod:IllyaPoisonTippedWeapons","PrismaMod:IllyaRubysPotion","PrismaMod:IllyaPoisonTippedWeapons","PrismaMod:IllyaPoisonTippedWeapons","PrismaMod:IllyaInstallArcher"],"relics":["PrismaMod:PrismaZwei","NeowsBlessing","Pocketwatch","Hallownest:DreamNailRelic","Singing Bowl","Incense Burner","Regal Pillow","Potion Belt"],"acts_visited":["Exordium","Hallownest:Greenpath"],"potions_floor_usage":[],"damage_taken":[{"damage":0,"enemies":"Hallownest:monsterHuskWarrior","floor":1,"turns":1},{"damage":0,"enemies":"Hallownest:2_Baldur","floor":4,"turns":1},{"damage":0,"enemies":"Hallownest:eliteVengeflyKing","floor":6,"turns":1},{"damage":0,"enemies":"Hallownest:eliteCrystalGuardian","floor":8,"turns":5},{"damage":4,"enemies":"Hallownest:2_MossCreeps","floor":11,"turns":5},{"damage":0,"enemies":"Hallownest:eliteMossKnight","floor":13,"turns":4},{"damage":47,"enemies":"Hallownest:BossBrokenVessel","floor":16,"turns":10},{"damage":6,"enemies":"Hallownest:Flukemon_and_Top","floor":18,"turns":2}],"seed_played":"1796000840375489996","potions_obtained":[{"floor":8,"key":"SmokeBomb"},{"floor":11,"key":"SteroidPotion"},{"floor":16,"key":"SneckoOil"}],"is_trial":false,"path_per_floor":["M","$","?","M","$","E","?","E","T","R","M","$","E","?","R","B",null,"M"],"character_chosen":"ILLYA","items_purchased":["PrismaMod:IllyaBerserCAR","PrismaMod:IllyaPoisonTippedWeapons","PrismaMod:IllyaPoisonTippedWeapons"],"campfire_rested":0,"item_purchase_floors":[2,5,12],"current_hp_per_floor":[75,75,75,75,75,75,75,77,77,77,77,77,79,79,79,32,79,73,73],"gold":100,"neow_bonus":"THREE_ENEMY_KILL","is_daily":false,"chose_seed":false,"campfire_upgraded":2,"win_rate":0.0,"timestamp":1607764705,"path_taken":["M","$","?","M","$","E","?","E","T","R","M","?","E","?","R","BOSS","M"],"items_purchased_type":["Card","Card","Card"],"build_version":"2020-11-30","purchased_purges":0,"victory":false,"max_hp_per_floor":[75,75,75,75,75,75,75,77,77,77,77,77,79,79,79,79,79,79,79],"card_choices":[{"not_picked":["PrismaMod:IllyaCheapChannelPoison","PrismaMod:IllyaFeed"],"picked":"PrismaMod:IllyaAOECommonAttack","floor":1},{"not_picked":["PrismaMod:IllyaCommandSeal","PrismaMod:IllyaRussianRoulette"],"picked":"PrismaMod:IllyaCheapAttack","floor":4},{"not_picked":["PrismaMod:IllyaBoysLove","PrismaMod:IllyaDetonatingBlow"],"picked":"PrismaMod:IllyaRubysPotion","floor":6},{"not_picked":["PrismaMod:IllyaCheapAttack","PrismaMod:IllyaRussianRoulette","PrismaMod:IllyaAlice"],"picked":"Singing Bowl","floor":8},{"not_picked":["PrismaMod:IllyaBride","PrismaMod:IllyaCommonEvoke"],"picked":"PrismaMod:IllyaPoisonTippedWeapons","floor":11},{"not_picked":["PrismaMod:IllyaPoisonBomb","PrismaMod:IllyaStunPoison","PrismaMod:IllyaPoisonTippedWeapons"],"picked":"Singing Bowl","floor":13},{"not_picked":["PrismaMod:IllyaInstallAvenger","PrismaMod:IllyaCarnivalPrismaAstolfo"],"picked":"PrismaMod:IllyaInstallArcher","floor":16}],"player_experience":459430,"relics_obtained":[{"floor":6,"key":"Pocketwatch"},{"floor":8,"key":"Singing Bowl"},{"floor":9,"key":"Incense Burner"},{"floor":13,"key":"Regal Pillow"}],"event_choices":[],"is_beta":false,"boss_relics":[{"not_picked":["Black Star","Calling Bell"],"picked":"PrismaMod:PrismaZwei"}],"items_purged_floors":[],"is_endless":false,"potions_floor_spawned":[8,11,16],"killed_by":"Hallownest:Flukemon_and_Top","ascension_level":0}}