{"host":"v98566chcnixoavo","time":1607773579,"event":{"mods":["BaseMod","Decade(王小明)","DeckTracker","FGO Abigail","Friendly Minions","Highlight Path","Kiyohime（清姬）","Luminous","Marisa（F雨　魔理沙）","Minty Spire (QoL Compilation)","Prisma Mod","Railgun Mod","Reimu（博丽灵梦）","StSLib","Td1madao Mod","The Alterego","UnlockEverythingMod","WarShipGirlsR/战舰少女R mod","Youmu（魂魄妖梦）","【东方二次创作】八云紫mod","【功能Mod】Neow奖励","【功能Mod】混沌之环修复补丁","【功能Mod】聪明的最终Boss"],"gold_per_floor":[116,116,131,143,162,197,216,228,278,278,291,291,291,283,283,262,262],"floor_reached":16,"playtime":793,"items_purged":[],"score":106,"play_id":"b12bc3c1-545f-451c-988c-4a2af35a5226","local_time":"20201212194619","is_ascension_mode":false,"campfire_choices":[{"data":"alterego_mod:IndependentAction","floor":10,"key":"SMITH"},{"data":"alterego_mod:Exercise","floor":12,"key":"SMITH"},{"data":"alterego_mod:Schoolgirl","floor":15,"key":"SMITH"}],"circlet_count":0,"master_deck":["alterego_mod:Strike","alterego_mod:Strike","alterego_mod:Strike","alterego_mod:Strike","alterego_mod:Defend","alterego_mod:Defend","alterego_mod:Defend","alterego_mod:Defend","alterego_mod:Impale","alterego_mod:BigMeatyClaws","alterego_mod:BrynhildrsRune","alterego_mod:GIGAMILK","alterego_mod:IndependentAction+1","alterego_mod:Cooking","alterego_mod:Maid","alterego_mod:Bounce","alterego_mod:Schoolgirl+1","alterego_mod:BustOut","alterego_mod:Exercise+1","alterego_mod:Collar","Poor:ReiMu"],"relics":["alterego_mod:MasochisticConstitution","Smiling Mask","PreservedInsect","Dream Catcher","YidongShenshe:ReiMu"],"acts_visited":["Exordium"],"potions_floor_usage":[6],"damage_taken":[{"damage":12,"enemies":"Small Slimes","floor":1,"turns":5},{"damage":5,"enemies":"Cultist","floor":3,"turns":3},{"damage":9,"enemies":"2 Louse","floor":4,"turns":4},{"damage":23,"enemies":"Looter","floor":5,"turns":4},{"damage":17,"enemies":"Gremlin Nob","floor":6,"turns":3},{"damage":15,"enemies":"3 Louse","floor":7,"turns":4},{"damage":38,"enemies":"Gremlin Gang","floor":8,"turns":8},{"damage":20,"enemies":"Blue Slaver","floor":11,"turns":7},{"damage":6,"enemies":"Lots of Slimes","floor":14,"turns":4},{"damage":0,"enemies":"The Guardian","floor":16,"turns":2}],"seed_played":"184507561139370136","potions_obtained":[{"floor":1,"key":"AttackPotion"},{"floor":3,"key":"Energy Potion"},{"floor":5,"key":"GrandPatriotsElixir:ReiMu"},{"floor":8,"key":"Ancient Potion"}],"is_trial":false,"path_per_floor":["M","?","M","M","M","E","M","M","T","R","M","R","?","M","R","B"],"character_chosen":"The_Alterego","items_purchased":[],"campfire_rested":0,"item_purchase_floors":[],"current_hp_per_floor":[59,59,55,64,52,36,46,29,29,29,20,20,20,18,18,21,21],"gold":262,"neow_bonus":"ONE_RANDOM_RARE_CARD","is_daily":false,"chose_seed":false,"campfire_upgraded":3,"win_rate":0.0,"timestamp":1607773579,"path_taken":["M","?","?","M","M","E","M","M","T","R","M","R","?","M","R","BOSS"],"items_purchased_type":[],"build_version":"2020-11-30","purchased_purges":0,"victory":false,"max_hp_per_floor":[71,71,72,73,74,75,76,77,77,77,78,78,78,79,79,79,79],"card_choices":[{"not_picked":["alterego_mod:Birthday","alterego_mod:PresenceConcealment"],"picked":"alterego_mod:IndependentAction","floor":1},{"not_picked":["alterego_mod:PresenceConcealment","alterego_mod:PerceptionDisorder"],"picked":"alterego_mod:Cooking","floor":3},{"not_picked":["alterego_mod:Punishment","alterego_mod:RidiculouslyBig"],"picked":"alterego_mod:Maid","floor":4},{"not_picked":["alterego_mod:1TonWallop","alterego_mod:BiFurious"],"picked":"alterego_mod:Bounce","floor":5},{"not_picked":["alterego_mod:Cushion","alterego_mod:PerceptionDisorder"],"picked":"alterego_mod:Schoolgirl","floor":6},{"not_picked":["alterego_mod:Punishment","alterego_mod:TrashNCrash"],"picked":"alterego_mod:BustOut","floor":7},{"not_picked":["alterego_mod:Maid","alterego_mod:MagicResistance"],"picked":"alterego_mod:Exercise","floor":8},{"not_picked":["alterego_mod:Jiggle","alterego_mod:DiscoLights"],"picked":"alterego_mod:Collar","floor":11},{"not_picked":["alterego_mod:Vow","alterego_mod:Skirt","alterego_mod:Jiggle"],"picked":"SKIP","floor":14}],"player_experience":204619,"relics_obtained":[{"floor":6,"key":"PreservedInsect"},{"floor":9,"key":"Dream Catcher"}],"event_choices":[{"damage_healed":0,"gold_gain":0,"player_choice":"Gave Potion","damage_taken":0,"relics_obtained":["Smiling Mask"],"max_hp_gain":0,"max_hp_loss":0,"event_name":"WeMeetAgain","floor":2,"gold_loss":0},{"damage_healed":0,"gold_gain":0,"player_choice":"带走神社","damage_taken":0,"relics_obtained":["YidongShenshe:ReiMu"],"max_hp_gain":0,"max_hp_loss":0,"event_name":"yidonshenshe","floor":13,"gold_loss":0,"cards_obtained":["Poor:ReiMu"]}],"is_beta":false,"boss_relics":[],"items_purged_floors":[],"is_endless":false,"potions_floor_spawned":[1,3,5,8],"killed_by":"The Guardian","ascension_level":0}}