{"host":"27hat5v0dffgaxzm","time":1607796266,"event":{"mods":["BaseMod","Colored Map","Colored Powertips","Highlight Path","Minty Spire (QoL Compilation)","Permanent Neow","Quick Restart"],"gold_per_floor":[109,184,334,304,24,24,41,41,41],"floor_reached":8,"playtime":164,"items_purged":["Doubt"],"score":88,"play_id":"fb42a000-bb3d-495a-b661-4aab08c76a37","local_time":"20201213030426","is_ascension_mode":true,"campfire_choices":[{"data":"Bullet Time","floor":6,"key":"SMITH"}],"circlet_count":0,"master_deck":["AscendersBane","Strike_G","Strike_G","Strike_G","Strike_G","Strike_G","Defend_G","Defend_G","Defend_G","Defend_G","Defend_G","Survivor","Neutralize","Bullet Time+1","Deadly Poison","All Out Attack"],"relics":["Ring of the Snake","Membership Card","Regal Pillow"],"acts_visited":["Exordium"],"potions_floor_usage":[8],"damage_taken":[{"damage":11,"enemies":"Jaw Worm","floor":1,"turns":5},{"damage":8,"enemies":"Small Slimes","floor":7,"turns":4},{"damage":32,"enemies":"Gremlin Nob","floor":8,"turns":3}],"seed_played":"-1621560692339187725","potions_obtained":[{"floor":4,"key":"Fire Potion"},{"floor":4,"key":"Regen Potion"}],"is_trial":false,"path_per_floor":["M","?","?","?","$","R","M","E"],"character_chosen":"THE_SILENT","items_purchased":["Membership Card","Regal Pillow"],"campfire_rested":0,"item_purchase_floors":[5,5],"current_hp_per_floor":[33,22,22,22,22,22,14,0,0],"gold":41,"neow_bonus":"THREE_RARE_CARDS","is_daily":false,"chose_seed":false,"campfire_upgraded":1,"win_rate":0.0,"timestamp":1607796266,"path_taken":["M","?","?","?","$","R","?","E"],"items_purchased_type":["Relic","Relic"],"build_version":"2020-11-30","purchased_purges":1,"victory":false,"max_hp_per_floor":[66,66,66,66,66,66,66,66,66],"card_choices":[{"not_picked":["Burst","After Image"],"picked":"Bullet Time","floor":0},{"not_picked":["Terror","Bane"],"picked":"Deadly Poison","floor":1},{"not_picked":["Infinite Blades","Blade Dance"],"picked":"All Out Attack","floor":7}],"player_experience":309474,"relics_obtained":[],"event_choices":[{"damage_healed":0,"gold_gain":75,"player_choice":"Gather Gold","damage_taken":11,"max_hp_gain":0,"max_hp_loss":0,"event_name":"World of Goop","floor":2,"gold_loss":0},{"damage_healed":0,"gold_gain":150,"player_choice":"AGREE","damage_taken":0,"max_hp_gain":0,"max_hp_loss":0,"event_name":"Liars Game","floor":3,"gold_loss":0,"cards_obtained":["Doubt"]},{"damage_healed":0,"gold_gain":0,"player_choice":"Bought 2 Potions","damage_taken":0,"max_hp_gain":0,"max_hp_loss":0,"event_name":"The Woman in Blue","floor":4,"gold_loss":0}],"is_beta":false,"boss_relics":[],"items_purged_floors":[5],"is_endless":false,"potions_floor_spawned":[],"killed_by":"Gremlin Nob","ascension_level":20}}