{"host":"ocll6kdfqxraqtza","time":1607800894,"event":{"mods":["2.2 Compatiblity","Act Like it!","Aspiration","BaseMod","Better Third Choice","Gensokyo","Hallownest","Hermit","Hubris","Jorbs\u0027s Wanderer Trilogy","Luminous","Marisa（霧雨　魔理沙）","Minty Spire (QoL Compilation)","Reimu（博??梦）","Replay The Spire","Shade Mod","StSLib","The Alterego","The Bug Knight","The Cursed","The Hierophant","The Runesmith","TheBandit","Wandering Minibosses","vexMod"],"gold_per_floor":[118,118,135,135,155,155,190,190,216,216,216,234,234,261,261,365,365,379,394,394,412,428,462,462,462,462,462,136,149,3,3,3],"floor_reached":31,"playtime":853,"items_purged":["Doubt"],"score":328,"play_id":"0a9fc177-893c-4344-a9b4-73d73b0353df","local_time":"20201213032134","is_ascension_mode":true,"campfire_choices":[{"data":"Eruption","floor":6,"key":"SMITH"},{"data":"FlurryOfBlows","floor":11,"key":"SMITH"},{"data":"Replay:DivineShield","floor":13,"key":"SMITH"},{"data":"Ragnarok","floor":24,"key":"SMITH"},{"data":"DeceiveReality","floor":27,"key":"SMITH"}],"circlet_count":0,"master_deck":["Strike_P","Strike_P","Strike_P","Strike_P","Defend_P","Defend_P+1","Defend_P","Defend_P","Eruption+1","Vigilance","Wallop+1","FlurryOfBlows+1","Replay:DivineShield+1","Blasphemy+1","EmptyMind","FlyingSleeves+1","Ragnarok+1","stsjorbsmod:Sacrifice","ReachHeaven","Weave","Study+1","Perseverance+1","WindmillStrike+1","DeceiveReality+1","EmptyMind"],"relics":["PureWater","aspiration:Nostalgia","stsjorbsmod:BookOfTrialsRelic","ReplayTheSpireMod:Ring of Exchange","Ring of Fury","Centennial Puzzle","Nunchaku","Bag of Preparation","aspiration:FutureDiary","Gremlin Horn","hubris:AstralHammer","Eternal Feather","Bronze Scales"],"acts_visited":["Exordium","Gensokyo:Gensokyoer"],"potions_floor_usage":[14,22,31],"damage_taken":[{"damage":0,"enemies":"Cultist","floor":1,"turns":3},{"damage":1,"enemies":"Jaw Worm","floor":3,"turns":3},{"damage":0,"enemies":"2 Louse","floor":5,"turns":2},{"damage":18,"enemies":"Lagavulin","floor":7,"turns":5},{"damage":0,"enemies":"Looter","floor":12,"turns":3},{"damage":0,"enemies":"HollowMod:MossKnight","floor":14,"turns":4},{"damage":25,"enemies":"Hexaghost","floor":16,"turns":6},{"damage":7,"enemies":"Gensokyo:3_Dogs","floor":18,"turns":2},{"damage":6,"enemies":"Gensokyo:AngelMirror","floor":19,"turns":1},{"damage":0,"enemies":"Gensokyo:Wraith","floor":21,"turns":1},{"damage":0,"enemies":"Gensokyo:Chomper_and_Gloop","floor":22,"turns":3},{"damage":44,"enemies":"Gensokyo:Koishi","floor":23,"turns":3},{"damage":3,"enemies":"Gensokyo:Monolith_and_Dog","floor":29,"turns":2},{"damage":99999,"enemies":"Gensokyo:3_Gloops","floor":31,"turns":3}],"seed_played":"-5708205756603169955","potions_obtained":[{"floor":1,"key":"Toxic Potion"},{"floor":3,"key":"AttackPotion"},{"floor":14,"key":"ZuzhouPotion:ReiMu"},{"floor":21,"key":"Swift Potion"},{"floor":23,"key":"MagicPotion:ReiMu"}],"is_trial":false,"path_per_floor":["M","?","M","?","M","R","E","?","T","?","R","M","R","E","R","B",null,"M","M","?","M","M","E","R","?","T","R","$","M","$","M"],"character_chosen":"WATCHER","items_purchased":["Eternal Feather","Bronze Scales"],"campfire_rested":0,"item_purchase_floors":[28,30],"current_hp_per_floor":[72,72,71,57,57,57,39,39,39,39,39,39,39,39,60,35,72,65,59,59,59,59,15,15,15,15,15,15,12,12,0,0],"gold":3,"neow_bonus":"NOSTALGIA","is_daily":false,"chose_seed":false,"campfire_upgraded":5,"win_rate":0.0,"timestamp":1607800894,"path_taken":["M","?","M","?","M","R","E","?","T","?","R","M","R","E","R","BOSS","M","?","?","M","M","E","R","?","T","R","$","?","$","M"],"items_purchased_type":["Relic","Relic"],"build_version":"2020-11-30","purchased_purges":1,"victory":false,"max_hp_per_floor":[72,72,72,72,72,72,72,72,72,72,72,72,72,72,72,72,72,72,72,67,67,67,67,67,67,67,67,67,67,67,67,67],"card_choices":[{"not_picked":["Weave","InnerPeace"],"picked":"Wallop","floor":1},{"not_picked":["Replay:Hum","FlyingSleeves"],"picked":"FlurryOfBlows","floor":3},{"not_picked":["Nirvana","Vengeance"],"picked":"Replay:DivineShield","floor":5},{"not_picked":["JustLucky","SashWhip"],"picked":"Blasphemy","floor":7},{"not_picked":["Halt","Replay:ManipulateFuture"],"picked":"EmptyMind","floor":12},{"not_picked":["Meditate","Replay:Cycle"],"picked":"FlyingSleeves","floor":14},{"not_picked":["DeusExMachina","Replay:AllIn"],"picked":"Ragnarok","floor":16},{"not_picked":["Replay:Hum","EmptyBody"],"picked":"ReachHeaven","floor":18},{"not_picked":["Indignation","Replay:ManipulateFuture"],"picked":"Weave","floor":19},{"not_picked":["Nirvana","EmptyMind"],"picked":"Study+1","floor":21},{"not_picked":["Collect","BowlingBash"],"picked":"Perseverance+1","floor":22},{"not_picked":["Replay:BluntJabs","ClearTheMind"],"picked":"WindmillStrike+1","floor":23},{"not_picked":["Consecrate","WindmillStrike"],"picked":"EmptyMind","floor":29}],"player_experience":447026,"relics_obtained":[{"floor":2,"key":"ReplayTheSpireMod:Ring of Exchange"},{"floor":2,"key":"Ring of Fury"},{"floor":7,"key":"Centennial Puzzle"},{"floor":9,"key":"Nunchaku"},{"floor":14,"key":"Bag of Preparation"},{"floor":23,"key":"hubris:AstralHammer"}],"event_choices":[{"damage_healed":71,"gold_gain":0,"player_choice":"Upgrade","damage_taken":14,"max_hp_gain":0,"max_hp_loss":72,"event_name":"betterThird:BetterShining","floor":4,"gold_loss":0,"cards_upgraded":["Defend_P","Wallop"]},{"damage_healed":0,"gold_gain":0,"player_choice":"Bought 0 Potions","damage_taken":0,"max_hp_gain":0,"max_hp_loss":0,"event_name":"The Woman in Blue","floor":10,"gold_loss":0}],"is_beta":false,"boss_relics":[{"not_picked":["Calling Bell","Black Star"],"picked":"aspiration:FutureDiary"}],"items_purged_floors":[28],"is_endless":false,"potions_floor_spawned":[1,3,14,21,23],"killed_by":"Gensokyo:3_Gloops","ascension_level":3}}