{"host":"chv1qanoipyt46jc","time":1607752182,"event":{"mods":["2.2 Compatiblity","AchievementEnabler","BaseMod","BetterRewards","CapriCore","Card Filter","Conspire","Gold Saver","Grow up Mod","Minty Spire (QoL Compilation)","Rare Cards Sparkle","Relic Filter","Remove Card Discount Mod","Reorder Act Four","Robot Space Explorer","StSLib"],"gold_per_floor":[2062,2072,2104,2115,2155,2155,2189,2189,2270,2270,2313,2313,2313,2354,2354,2459,2459,2500,2513,2525,2545,2582,2582,2597,2597,2597,2597,2624,2455,2513,2573,2573,2681,2681,2691,2729,2742,2742,2751,2751,2777,2777,2803,2803,2817,2854,2854,2872,2872,2872,2872,2872,2872,2905,2930],"floor_reached":56,"playtime":1953,"items_purged":["RobotSpaceExplorer:Strike","RobotSpaceExplorer:Strike","RobotSpaceExplorer:Strike","RobotSpaceExplorer:Strike","RobotSpaceExplorer:Defend","RobotSpaceExplorer:Defend","RobotSpaceExplorer:Defend","RobotSpaceExplorer:Defend","RobotSpaceExplorer:Scan","RobotSpaceExplorer:Probe","RobotSpaceExplorer:MiniBoosters"],"score":1523,"play_id":"99ad873f-ddbb-4591-ad12-c732a8ff9783","local_time":"20201211234942","is_ascension_mode":false,"campfire_choices":[{"data":"HandOfGreed","floor":6,"key":"SMITH"},{"data":"RobotSpaceExplorer:PlasmaMissile","floor":8,"key":"SMITH"},{"data":"Apotheosis","floor":10,"key":"SMITH"},{"data":"RobotSpaceExplorer:PowerGlove","floor":12,"key":"SMITH"},{"data":"RobotSpaceExplorer:PowerGlove","floor":15,"key":"SMITH"},{"floor":23,"key":"RECALL"},{"data":"RobotSpaceExplorer:MiniLasers","floor":25,"key":"SMITH"},{"data":"RobotSpaceExplorer:FranticSearch","floor":27,"key":"SMITH"},{"data":"RobotSpaceExplorer:ShovelStrike","floor":32,"key":"SMITH"},{"data":"RobotSpaceExplorer:Comet","floor":40,"key":"SMITH"},{"data":"conspire:Banana","floor":42,"key":"SMITH"},{"data":"RobotSpaceExplorer:MiniDrones","floor":44,"key":"SMITH"},{"data":"RobotSpaceExplorer:ScrapMissile","floor":47,"key":"SMITH"},{"data":"Madness","floor":49,"key":"SMITH"},{"data":"Madness","floor":53,"key":"SMITH"}],"circlet_count":0,"master_deck":["RobotSpaceExplorer:MiniLasers+1","Apotheosis+1","HandOfGreed+1","RobotSpaceExplorer:PlasmaMissile+1","RobotSpaceExplorer:FranticSearch+1","RobotSpaceExplorer:PowerGlove+1","RobotSpaceExplorer:MiniDrones+1","RobotSpaceExplorer:ShovelStrike+1","RobotSpaceExplorer:ScrapMissile+1","RobotSpaceExplorer:PowerGlove+1","RobotSpaceExplorer:Comet+1","conspire:Banana+1","Madness+1","Madness+1"],"relics":["RobotSpaceExplorer:RoboCore","Medical Kit","Orrery","CeramicFish","conspire:Dentures","Coffee Dripper","MealTicket","TheAbacus","Tiny Chest","Sozu","Molten Egg 2","PreservedInsect","Gremlin Horn"],"acts_visited":["Exordium","TheCity","TheBeyond","TheEnding"],"potions_floor_usage":[55,55],"damage_taken":[{"damage":8,"enemies":"Small Slimes","floor":1,"turns":2},{"damage":0,"enemies":"Cultist","floor":2,"turns":3},{"damage":5,"enemies":"conspire:RoseBush","floor":3,"turns":2},{"damage":0,"enemies":"Blue Slaver","floor":4,"turns":1},{"damage":13,"enemies":"Exordium Thugs","floor":5,"turns":3},{"damage":28,"enemies":"Gremlin Nob","floor":7,"turns":4},{"damage":13,"enemies":"Red Slaver","floor":11,"turns":3},{"damage":0,"enemies":"2 Fungi Beasts","floor":14,"turns":2},{"damage":38,"enemies":"The Guardian","floor":16,"turns":7},{"damage":0,"enemies":"Chosen","floor":18,"turns":3},{"damage":15,"enemies":"2 Thieves","floor":19,"turns":4},{"damage":21,"enemies":"Sentry and Sphere","floor":20,"turns":4},{"damage":14,"enemies":"Snake Plant","floor":21,"turns":3},{"damage":0,"enemies":"Cultist and Chosen","floor":22,"turns":4},{"damage":5,"enemies":"conspire:HollyBat","floor":24,"turns":6},{"damage":52,"enemies":"Slavers","floor":28,"turns":5},{"damage":22,"enemies":"conspire:SneckoGhost","floor":30,"turns":3},{"damage":0,"enemies":"3 Cultists","floor":31,"turns":3},{"damage":8,"enemies":"Collector","floor":33,"turns":4},{"damage":28,"enemies":"3 Darklings","floor":35,"turns":3},{"damage":11,"enemies":"3 Shapes","floor":36,"turns":2},{"damage":13,"enemies":"3 Darklings","floor":37,"turns":3},{"damage":20,"enemies":"Reptomancer","floor":41,"turns":3},{"damage":0,"enemies":"Jaw Worm Horde","floor":45,"turns":2},{"damage":21,"enemies":"Sphere and 2 Shapes","floor":46,"turns":3},{"damage":66,"enemies":"Donu and Deca","floor":50,"turns":5},{"damage":56,"enemies":"Shield and Spear","floor":54,"turns":3},{"damage":117,"enemies":"The Heart","floor":55,"turns":5}],"seed_played":"-5896081243006991164","potions_obtained":[{"floor":1,"key":"EssenceOfSteel"},{"floor":2,"key":"DistilledChaos"},{"floor":14,"key":"AttackPotion"}],"is_trial":false,"path_per_floor":["M","M","M","M","M","R","E","R","T","R","M","R","?","M","R","B",null,"M","M","M","M","M","R","M","R","T","R","E","$","E","M","R","B",null,"M","M","M","$","?","R","E","R","T","R","M","M","R","?","R","B",null,"$","R","E","B",null],"character_chosen":"RobotSpaceExplorer","items_purchased":["Apotheosis","HandOfGreed","Medical Kit","RobotSpaceExplorer:PlasmaMissile","RobotSpaceExplorer:FranticSearch","RobotSpaceExplorer:PowerGlove","Orrery","TheAbacus"],"campfire_rested":0,"item_purchase_floors":[0,0,0,0,0,0,0,29],"current_hp_per_floor":[40,50,55,65,62,72,54,64,74,84,81,91,101,111,121,93,255,265,260,249,245,255,265,270,280,290,300,258,283,271,281,291,293,425,407,406,403,428,438,448,439,449,459,469,481,472,482,422,432,378,602,612,622,578,473],"gold":2930,"neow_bonus":"","is_daily":false,"chose_seed":false,"campfire_upgraded":14,"win_rate":0.0,"timestamp":1607752182,"path_taken":["M","M","M","M","M","R","E","R","T","R","M","R","?","M","R","BOSS","M","M","M","M","M","R","M","R","T","R","E","$","E","M","R","BOSS","M","M","M","$","?","R","E","R","T","R","M","M","R","?","R","BOSS","$","R","E","BOSS"],"items_purchased_type":["Card","Card","Relic","Card","Card","Card","Relic","Relic"],"build_version":"2020-11-30","purchased_purges":11,"victory":true,"max_hp_per_floor":[95,105,115,125,135,145,155,165,175,185,195,205,215,225,235,245,255,265,275,285,295,305,315,325,335,345,355,365,375,385,395,405,415,425,435,445,455,465,475,485,496,506,516,526,538,550,560,570,580,592,602,612,622,634,646],"card_choices":[{"not_picked":["RobotSpaceExplorer:MiniBoosters","RobotSpaceExplorer:SwiftStep"],"picked":"RobotSpaceExplorer:MiniDrones","floor":0},{"not_picked":["RobotSpaceExplorer:Calculate","RobotSpaceExplorer:DoubleFind"],"picked":"RobotSpaceExplorer:ShovelStrike","floor":0},{"not_picked":["RobotSpaceExplorer:ImprovisedAttack","RobotSpaceExplorer:Blitz"],"picked":"RobotSpaceExplorer:Probe","floor":0},{"not_picked":["RobotSpaceExplorer:GearShield","RobotSpaceExplorer:Blitz"],"picked":"RobotSpaceExplorer:MiniBoosters","floor":0},{"not_picked":["RobotSpaceExplorer:MiniDrones","RobotSpaceExplorer:SurgingShield"],"picked":"RobotSpaceExplorer:ScrapMissile","floor":0},{"not_picked":["RobotSpaceExplorer:SlimeMissile","RobotSpaceExplorer:SurgingStrike","RobotSpaceExplorer:ExhaustFan"],"picked":"SKIP","floor":1},{"not_picked":["RobotSpaceExplorer:Counterblock","RobotSpaceExplorer:StunGrenade","RobotSpaceExplorer:Ammunition"],"picked":"SKIP","floor":2},{"not_picked":["RobotSpaceExplorer:Explosion","RobotSpaceExplorer:FrostMissile"],"picked":"RobotSpaceExplorer:PowerGlove","floor":3},{"not_picked":["RobotSpaceExplorer:FranticSearch","RobotSpaceExplorer:ToxicBomb","RobotSpaceExplorer:RigExplosive"],"picked":"SKIP","floor":4},{"not_picked":["RobotSpaceExplorer:SlimeMissile","RobotSpaceExplorer:Electropulse","RobotSpaceExplorer:SurgingShield"],"picked":"SKIP","floor":5},{"not_picked":["RobotSpaceExplorer:ShockKick","RobotSpaceExplorer:MetalStrike","RobotSpaceExplorer:Reload"],"picked":"SKIP","floor":7},{"not_picked":["RobotSpaceExplorer:RigExplosive","RobotSpaceExplorer:SurgingStrike","RobotSpaceExplorer:GlueShot"],"picked":"SKIP","floor":11},{"not_picked":["RobotSpaceExplorer:MiniDrones","RobotSpaceExplorer:Counterblock","RobotSpaceExplorer:DualCore"],"picked":"SKIP","floor":14},{"not_picked":["RobotSpaceExplorer:SwiftStep","RobotSpaceExplorer:StunGrenade+1","RobotSpaceExplorer:Probe+1"],"picked":"SKIP","floor":18},{"not_picked":["RobotSpaceExplorer:FrostMissile","RobotSpaceExplorer:SurgingShield","RobotSpaceExplorer:SlimeMissile"],"picked":"SKIP","floor":19},{"not_picked":["RobotSpaceExplorer:SlimeMissile","RobotSpaceExplorer:BlastShield","RobotSpaceExplorer:FranticSearch"],"picked":"SKIP","floor":20},{"not_picked":["RobotSpaceExplorer:MetalStrike","RobotSpaceExplorer:MiniDrones","RobotSpaceExplorer:Probe"],"picked":"SKIP","floor":21},{"not_picked":["RobotSpaceExplorer:Counterblock","RobotSpaceExplorer:Blitz","RobotSpaceExplorer:MiniDrones"],"picked":"SKIP","floor":22},{"not_picked":["RobotSpaceExplorer:FreezeRay","RobotSpaceExplorer:FrostMissile","RobotSpaceExplorer:GlueSpray"],"picked":"SKIP","floor":24},{"not_picked":["RobotSpaceExplorer:Pulsar+1","RobotSpaceExplorer:FreezeRay","RobotSpaceExplorer:StunGrenade"],"picked":"SKIP","floor":28},{"not_picked":["RobotSpaceExplorer:FreezeRay","RobotSpaceExplorer:ShockKick","RobotSpaceExplorer:Fix"],"picked":"SKIP","floor":30},{"not_picked":["RobotSpaceExplorer:SurgingStrike","RobotSpaceExplorer:LuckyStrike","RobotSpaceExplorer:Ammunition+1"],"picked":"SKIP","floor":31},{"not_picked":["RobotSpaceExplorer:ChargingLaser","RobotSpaceExplorer:BlastShield"],"picked":"RobotSpaceExplorer:Comet","floor":33},{"not_picked":["RobotSpaceExplorer:Electropulse","RobotSpaceExplorer:Pulsar+1","RobotSpaceExplorer:ShovelStrike+1"],"picked":"SKIP","floor":35},{"not_picked":["RobotSpaceExplorer:StarDust+1","RobotSpaceExplorer:Probe+1","RobotSpaceExplorer:ShockKick+1"],"picked":"SKIP","floor":36},{"not_picked":["RobotSpaceExplorer:FrostMissile+1","RobotSpaceExplorer:StarLightning","RobotSpaceExplorer:BigMissile+1"],"picked":"SKIP","floor":37},{"not_picked":["Trip","PanicButton"],"picked":"conspire:Banana","floor":39},{"not_picked":["RobotSpaceExplorer:StunGrenade+1","RobotSpaceExplorer:GlueShot","RobotSpaceExplorer:FranticSearch"],"picked":"SKIP","floor":41},{"not_picked":["RobotSpaceExplorer:Pulsar+1","RobotSpaceExplorer:GlueShot+1","RobotSpaceExplorer:ShockKick+1"],"picked":"SKIP","floor":45},{"not_picked":["RobotSpaceExplorer:Smokescreen","RobotSpaceExplorer:ShovelStrike+1","RobotSpaceExplorer:FranticSearch+1"],"picked":"SKIP","floor":46},{"not_picked":["RobotSpaceExplorer:ToxicBomb","RobotSpaceExplorer:PowerCollector","RobotSpaceExplorer:Fix"],"picked":"SKIP","floor":54}],"player_experience":296655,"relics_obtained":[{"floor":7,"key":"CeramicFish"},{"floor":9,"key":"conspire:Dentures"},{"floor":28,"key":"MealTicket"},{"floor":30,"key":"Tiny Chest"},{"floor":41,"key":"Molten Egg 2"},{"floor":43,"key":"PreservedInsect"},{"floor":54,"key":"Gremlin Horn"}],"event_choices":[{"damage_healed":0,"gold_gain":0,"player_choice":"Bought 0 Potions","damage_taken":0,"max_hp_gain":0,"max_hp_loss":0,"event_name":"The Woman in Blue","floor":13,"gold_loss":0},{"damage_healed":0,"gold_gain":0,"player_choice":"Memory 1","damage_taken":0,"max_hp_gain":0,"max_hp_loss":0,"event_name":"SensoryStone","floor":39,"gold_loss":0},{"damage_healed":0,"gold_gain":0,"player_choice":"Embrace Madness","damage_taken":70,"max_hp_gain":0,"max_hp_loss":0,"event_name":"Winding Halls","floor":48,"gold_loss":0,"cards_obtained":["Madness","Madness"]}],"is_beta":false,"boss_relics":[{"not_picked":["SacredBark","Pandora\u0027s Box"],"picked":"Coffee Dripper"},{"not_picked":["Cursed Key","Tiny House"],"picked":"Sozu"}],"items_purged_floors":[29,29,29,29,29,29,29,29,29,29,29],"is_endless":false,"potions_floor_spawned":[1,2,7,14,19,20,28,30,45,54],"ascension_level":0}}