{"host":"4par9lyhj7bf4dsa","time":1607816769,"event":{"mods":["AchievementEnabler","BaseMod","Colored Map","Minty Spire (QoL Compilation)","Relic Stats","StSLib"],"gold_per_floor":[117,117,136,136,61,61,75,88,88,99,129,29,29,56,56,155,155,168,184,184,201,212,212,239,239,239,270,270,270,287,322,322,422,422,440,440,451,461,481,481,481,515,527,554,586,625,637,662,674,686,698,710,1,30,30,30],"floor_reached":55,"playtime":6211,"items_purged":["Pain","Clumsy","Defend_G"],"score":1278,"play_id":"0a200dc9-958c-4778-afda-c5eb22402234","local_time":"20201213104609","is_ascension_mode":true,"campfire_choices":[{"data":"Leg Sweep","floor":6,"key":"SMITH"},{"data":"Neutralize","floor":13,"key":"SMITH"},{"data":"Bane","floor":15,"key":"SMITH"},{"data":"Crippling Poison","floor":23,"key":"SMITH"},{"data":"Footwork","floor":25,"key":"SMITH"},{"data":"Wraith Form v2","floor":29,"key":"SMITH"},{"data":"Night Terror","floor":32,"key":"SMITH"},{"floor":47,"key":"RECALL"},{"data":"Deadly Poison","floor":49,"key":"SMITH"},{"data":"Burst","floor":52,"key":"SMITH"}],"circlet_count":0,"master_deck":["AscendersBane","Strike_G","Strike_G+1","Defend_G","Defend_G","Defend_G","Defend_G","Survivor","Neutralize+1","Deadly Poison+1","Leg Sweep+1","Dagger Spray","Bane+1","Dash","Crippling Poison+1","Wraith Form v2+1","Acrobatics+1","Grand Finale","Quick Slash","Backflip","Footwork+1","Blur+1","Blur","Night Terror+1","Burst+1","Dark Shackles","Blur","Acrobatics+1","Infinite Blades"],"relics":["Cursed Key","WarpedTongs","Meat on the Bone","Lantern","Philosopher\u0027s Stone","Akabeko","Regal Pillow","Smiling Mask","Torii","Busted Crown","MawBank","Potion Belt","Shuriken","Oddly Smooth Stone","Pen Nib"],"acts_visited":["Exordium","TheCity","TheBeyond","TheEnding"],"potions_floor_usage":[11,14,27,27,33,33,44,46,54,54,54,55],"damage_taken":[{"damage":0,"enemies":"2 Louse","floor":1,"turns":3},{"damage":5,"enemies":"Cultist","floor":3,"turns":4},{"damage":1,"enemies":"Small Slimes","floor":7,"turns":3},{"damage":5,"enemies":"Red Slaver","floor":8,"turns":4},{"damage":1,"enemies":"2 Fungi Beasts","floor":10,"turns":3},{"damage":5,"enemies":"3 Sentries","floor":11,"turns":6},{"damage":0,"enemies":"Gremlin Nob","floor":14,"turns":4},{"damage":11,"enemies":"Slime Boss","floor":16,"turns":12},{"damage":29,"enemies":"3 Byrds","floor":18,"turns":6},{"damage":12,"enemies":"Chosen","floor":19,"turns":6},{"damage":12,"enemies":"Snake Plant","floor":21,"turns":6},{"damage":15,"enemies":"Snecko","floor":22,"turns":6},{"damage":1,"enemies":"Gremlin Leader","floor":24,"turns":7},{"damage":15,"enemies":"Slavers","floor":27,"turns":5},{"damage":0,"enemies":"Centurion and Healer","floor":30,"turns":8},{"damage":8,"enemies":"Gremlin Leader","floor":31,"turns":6},{"damage":10,"enemies":"Champ","floor":33,"turns":24},{"damage":1,"enemies":"Orb Walker","floor":35,"turns":5},{"damage":0,"enemies":"3 Shapes","floor":37,"turns":3},{"damage":11,"enemies":"Writhing Mass","floor":38,"turns":10},{"damage":7,"enemies":"3 Darklings","floor":39,"turns":6},{"damage":1,"enemies":"Reptomancer","floor":42,"turns":9},{"damage":11,"enemies":"Transient","floor":44,"turns":5},{"damage":27,"enemies":"4 Shapes","floor":45,"turns":6},{"damage":0,"enemies":"Giant Head","floor":46,"turns":14},{"damage":0,"enemies":"3 Darklings","floor":48,"turns":3},{"damage":13,"enemies":"Awakened One","floor":50,"turns":25},{"damage":60,"enemies":"Shield and Spear","floor":54,"turns":11},{"damage":12,"enemies":"The Heart","floor":55,"turns":3}],"seed_played":"6726600821758127064","potions_obtained":[{"floor":3,"key":"Block Potion"},{"floor":7,"key":"Strength Potion"},{"floor":16,"key":"BlessingOfTheForge"},{"floor":19,"key":"GamblersBrew"},{"floor":21,"key":"Block Potion"},{"floor":22,"key":"PowerPotion"},{"floor":27,"key":"DistilledChaos"},{"floor":30,"key":"Poison Potion"},{"floor":31,"key":"Weak Potion"},{"floor":37,"key":"Energy Potion"},{"floor":42,"key":"Fruit Juice"},{"floor":44,"key":"BlessingOfTheForge"},{"floor":45,"key":"Strength Potion"},{"floor":54,"key":"EssenceOfSteel"}],"is_trial":false,"path_per_floor":["M","?","M","?","$","R","M","M","T","M","E","$","R","E","R","B",null,"M","M","?","M","M","R","E","R","T","E","?","R","M","E","R","B",null,"M","?","M","M","M","?","?","E","T","M","M","E","R","M","R","B",null,"R","$","E","B"],"character_chosen":"THE_SILENT","items_purchased":["Shuriken","Oddly Smooth Stone","Infinite Blades","ColorlessPotion","Regen Potion","Regen Potion"],"campfire_rested":0,"item_purchase_floors":[53,53,53,53,53,53],"current_hp_per_floor":[63,49,44,44,44,44,43,38,38,37,32,32,32,44,44,45,64,47,47,47,47,44,44,43,43,43,40,40,40,40,44,44,46,64,63,58,58,47,40,40,40,39,39,45,30,42,42,42,42,41,64,64,64,46,34,34],"gold":30,"neow_bonus":"BOSS_RELIC","is_daily":false,"chose_seed":false,"campfire_upgraded":9,"win_rate":0.0,"timestamp":1607816769,"path_taken":["M","?","M","?","$","R","?","M","T","M","E","$","R","E","R","BOSS","M","M","?","M","M","R","E","R","T","E","?","R","M","E","R","BOSS","M","?","M","M","M","?","?","E","T","M","M","E","R","M","R","BOSS","R","$","E","BOSS"],"items_purchased_type":["Relic","Relic","Card","Potion","Potion","Potion"],"build_version":"2020-11-30","purchased_purges":3,"victory":false,"max_hp_per_floor":[70,70,70,70,70,70,70,70,70,70,70,70,70,70,70,70,70,70,70,70,70,70,70,70,70,70,70,70,70,70,70,70,70,70,70,70,70,70,70,70,66,66,66,71,71,71,71,71,71,71,71,71,71,71,71,71],"relic_stats":{"Regal Pillow":0,"Busted Crown":24,"Torii":36,"counters":[29,213],"Shuriken":[4],"Pen Nib":[0],"Cursed Key":1,"Smiling Mask":75,"MawBank":132,"obtain_stats":[{"Potion Belt":46,"Lantern":14,"Regal Pillow":27,"Torii":31,"Oddly Smooth Stone":53,"Pen Nib":54,"Cursed Key":0,"Smiling Mask":28,"MawBank":42,"Akabeko":24,"WarpedTongs":4,"Busted Crown":34,"Shuriken":53,"Philosopher\u0027s Stone":17,"Ring of the Snake":0,"Meat on the Bone":11},{"Potion Belt":25,"Lantern":7,"Regal Pillow":14,"Torii":16,"Oddly Smooth Stone":27,"Pen Nib":28,"Cursed Key":0,"Smiling Mask":14,"MawBank":22,"Akabeko":13,"WarpedTongs":2,"Busted Crown":17,"Shuriken":27,"Philosopher\u0027s Stone":8,"Ring of the Snake":0,"Meat on the Bone":6},{"Potion Belt":171,"Lantern":27,"Regal Pillow":75,"Torii":89,"Oddly Smooth Stone":199,"Pen Nib":210,"Cursed Key":0,"Smiling Mask":75,"MawBank":146,"Akabeko":70,"WarpedTongs":7,"Busted Crown":113,"Shuriken":199,"Philosopher\u0027s Stone":39,"Ring of the Snake":0,"Meat on the Bone":23}],"WarpedTongs":[184],"Meat on the Bone":168},"card_choices":[{"not_picked":["Tactician","Bane"],"picked":"Deadly Poison","floor":1},{"not_picked":["Accuracy","Bouncing Flask"],"picked":"Leg Sweep","floor":3},{"not_picked":["Concentrate","Slice"],"picked":"Dagger Spray","floor":7},{"not_picked":["Infinite Blades","Tactician"],"picked":"Bane","floor":8},{"not_picked":["Predator","Flechettes"],"picked":"Dash","floor":10},{"not_picked":["Acrobatics","Deadly Poison","Prepared"],"picked":"SKIP","floor":11},{"not_picked":["Setup","Deadly Poison"],"picked":"Crippling Poison","floor":14},{"not_picked":["Storm of Steel","A Thousand Cuts"],"picked":"Wraith Form v2","floor":16},{"not_picked":["Riddle With Holes","Endless Agony","Underhanded Strike"],"picked":"SKIP","floor":18},{"not_picked":["Endless Agony","Cloak And Dagger"],"picked":"Acrobatics+1","floor":19},{"not_picked":["Slice","Flying Knee"],"picked":"Backflip","floor":21},{"not_picked":["Distraction+1","Bane","A Thousand Cuts"],"picked":"SKIP","floor":22},{"not_picked":["Eviscerate","Masterful Stab"],"picked":"Footwork","floor":24},{"not_picked":["Quick Slash+1","Acrobatics"],"picked":"Blur+1","floor":27},{"not_picked":["Dagger Throw","Poisoned Stab"],"picked":"Blur","floor":30},{"not_picked":["Bullet Time","Dagger Throw"],"picked":"Night Terror","floor":31},{"not_picked":["Die Die Die","Grand Finale"],"picked":"Burst","floor":33},{"not_picked":["Leg Sweep"],"picked":"SKIP","floor":35},{"not_picked":[],"picked":"Dark Shackles","floor":36},{"not_picked":["Deflect+1"],"picked":"SKIP","floor":37},{"not_picked":[],"picked":"Blur","floor":38},{"not_picked":["Masterful Stab"],"picked":"SKIP","floor":39},{"not_picked":["Underhanded Strike+1"],"picked":"SKIP","floor":42},{"not_picked":["Flying Knee"],"picked":"SKIP","floor":44},{"not_picked":["Accuracy"],"picked":"SKIP","floor":45},{"not_picked":[],"picked":"Acrobatics+1","floor":46},{"not_picked":["Expertise"],"picked":"SKIP","floor":48},{"not_picked":["Dagger Spray"],"picked":"SKIP","floor":54}],"player_experience":860856,"relics_obtained":[{"floor":11,"key":"Meat on the Bone"},{"floor":14,"key":"Lantern"},{"floor":24,"key":"Akabeko"},{"floor":27,"key":"Regal Pillow"},{"floor":31,"key":"Torii"},{"floor":42,"key":"MawBank"},{"floor":46,"key":"Potion Belt"},{"floor":54,"key":"Pen Nib"}],"event_choices":[{"damage_healed":0,"gold_gain":0,"player_choice":"Entered Light","damage_taken":14,"max_hp_gain":0,"max_hp_loss":0,"event_name":"Shining Light","floor":2,"gold_loss":0,"cards_upgraded":["Strike_G","Strike_G"]},{"damage_healed":0,"gold_gain":0,"player_choice":"Rummage","damage_taken":0,"relics_obtained":["WarpedTongs"],"max_hp_gain":0,"max_hp_loss":0,"event_name":"Accursed Blacksmith","floor":4,"gold_loss":0,"cards_obtained":["Pain"]},{"damage_healed":0,"gold_gain":0,"cards_transformed":["Strike_G","Strike_G"],"player_choice":"Became Test Subject","damage_taken":0,"max_hp_gain":0,"max_hp_loss":0,"event_name":"Drug Dealer","floor":20,"gold_loss":0,"cards_obtained":["Grand Finale","Quick Slash"]},{"damage_healed":0,"gold_gain":0,"player_choice":"Gave Potion","damage_taken":0,"relics_obtained":["Smiling Mask"],"max_hp_gain":0,"max_hp_loss":0,"event_name":"WeMeetAgain","floor":28,"gold_loss":0},{"damage_healed":0,"gold_gain":0,"player_choice":"Memory 2","damage_taken":5,"max_hp_gain":0,"max_hp_loss":0,"event_name":"SensoryStone","floor":36,"gold_loss":0},{"cards_removed":["Strike_G"],"damage_healed":0,"gold_gain":0,"player_choice":"Removed Attack","damage_taken":0,"max_hp_gain":0,"max_hp_loss":0,"event_name":"Falling","floor":40,"gold_loss":0},{"damage_healed":0,"gold_gain":0,"player_choice":"Max HP","damage_taken":0,"max_hp_gain":0,"max_hp_loss":4,"event_name":"Winding Halls","floor":41,"gold_loss":0}],"is_beta":false,"boss_relics":[{"not_picked":["Sozu","Ectoplasm"],"picked":"Philosopher\u0027s Stone"},{"not_picked":["Empty Cage","SacredBark"],"picked":"Busted Crown"}],"items_purged_floors":[5,12,53],"is_endless":false,"potions_floor_spawned":[3,7,16,19,21,22,27,30,31,37,42,44,45,54],"killed_by":"The Heart","ascension_level":12}}