{"host":"bbjnqymry46jz0fa","time":1607790630,"event":{"mods":["BaseMod","DeckTracker","Minty Spire (QoL Compilation)","Quick Restart","StSLib","SuperFastMode"],"gold_per_floor":[116,132,150,161,311,311,344,358,358,373,373,373,373],"floor_reached":12,"playtime":245,"items_purged":[],"score":148,"play_id":"066f80bc-ec04-4638-a6b7-80fef43a284a","local_time":"20201213013030","is_ascension_mode":true,"campfire_choices":[{"data":"Storm","floor":6.0,"key":"SMITH"},{"floor":11,"key":"REST"}],"circlet_count":0,"master_deck":["AscendersBane","Strike_B","Strike_B","Strike_B","Strike_B","Defend_B","Defend_B","Defend_B","Defend_B","Zap","Dualcast","Ball Lightning","Storm+1","Storm","Doubt","Turbo","Coolheaded","Auto Shields"],"relics":["Cracked Core","NeowsBlessing","Ancient Tea Set"],"acts_visited":["Exordium"],"potions_floor_usage":[12],"damage_taken":[{"damage":0.0,"enemies":"Small Slimes","floor":1.0,"turns":1.0},{"damage":0.0,"enemies":"Jaw Worm","floor":2.0,"turns":1.0},{"damage":0.0,"enemies":"2 Louse","floor":3.0,"turns":1.0},{"damage":7.0,"enemies":"Exordium Thugs","floor":4.0,"turns":4.0},{"damage":28.0,"enemies":"3 Sentries","floor":7.0,"turns":7.0},{"damage":4.0,"enemies":"3 Louse","floor":8.0,"turns":2.0},{"damage":19,"enemies":"Gremlin Gang","floor":10,"turns":7},{"damage":38,"enemies":"Lagavulin","floor":12,"turns":6}],"seed_played":"-3676954456463866568","potions_obtained":[{"floor":1.0,"key":"Strength Potion"},{"floor":2.0,"key":"Dexterity Potion"},{"floor":7.0,"key":"AttackPotion"},{"floor":10,"key":"ColorlessPotion"}],"is_trial":false,"path_per_floor":["M","M","M","M","?","R","E","M","T","M","R","E"],"character_chosen":"DEFECT","items_purchased":[],"campfire_rested":1,"item_purchase_floors":[],"current_hp_per_floor":[64,64,64,57,57,57,29,25,25,6,27,0,0],"gold":373,"neow_bonus":"THREE_ENEMY_KILL","is_daily":false,"chose_seed":false,"campfire_upgraded":1,"win_rate":0.0,"timestamp":1607790630,"path_taken":["M","M","M","M","?","R","E","M","T","M","R","E"],"items_purchased_type":[],"build_version":"2020-11-30","purchased_purges":0,"victory":false,"max_hp_per_floor":[71,71,71,71,71,71,71,71,71,71,71,71,71],"card_choices":[{"not_picked":["Undo","Coolheaded"],"picked":"Ball Lightning","floor":1.0},{"not_picked":["Gash","Redo"],"picked":"Storm","floor":2.0},{"not_picked":["Steam","Rip and Tear","Barrage"],"picked":"SKIP","floor":3.0},{"not_picked":["Hologram","Sunder"],"picked":"Storm","floor":4.0},{"not_picked":["Streamline","Redo"],"picked":"Turbo","floor":7.0},{"not_picked":["Redo","Streamline"],"picked":"Coolheaded","floor":8.0},{"not_picked":["Scrape","Go for the Eyes"],"picked":"Auto Shields","floor":10}],"player_experience":709094,"relics_obtained":[{"floor":7.0,"key":"Ancient Tea Set"}],"event_choices":[{"damage_healed":0.0,"max_hp_gain":0.0,"max_hp_loss":0.0,"gold_gain":150.0,"event_name":"Liars Game","player_choice":"AGREE","floor":5.0,"gold_loss":0.0,"damage_taken":0.0,"cards_obtained":["Doubt"]}],"is_beta":false,"boss_relics":[],"items_purged_floors":[],"is_endless":false,"potions_floor_spawned":[1,2,7,10],"killed_by":"Lagavulin","ascension_level":16}}