{"host":"aas8f8jvicx6tcxp","time":1607783168,"event":{"mods":["BaseMod","Better Third Choice","BetterRewards","Jorbs\u0027s Wanderer Trilogy","Minty Spire (QoL Compilation)","Robot Space Explorer","StSLib","The Cursed"],"gold_per_floor":[110,122,122,102,118,118,130,150,203,203,57,84,49,59,59,164,214,226,226,226,201,211,211,211,211],"floor_reached":24,"playtime":7689,"items_purged":[],"score":198,"play_id":"de07802a-048a-4c5d-861b-4a5f648c8119","local_time":"20201212082608","is_ascension_mode":false,"campfire_choices":[{"data":"Eruption","floor":6.0,"key":"SMITH"},{"floor":10.0,"key":"REST"},{"floor":15.0,"key":"REST"},{"data":"BattleHymn","floor":23,"key":"SMITH"}],"circlet_count":0,"master_deck":["Strike_P","Strike_P","Strike_P","Defend_P","Defend_P","Defend_P","Eruption+1","Vigilance","Perseverance","PathToVictory","FollowUp","FlurryOfBlows","CarveReality+1","PathToVictory","DevaForm","Prostrate","Swivel","Scrawl","BattleHymn+1","TalkToTheHand"],"relics":["Empty Cage","Toy Ornithopter","Orrery","White Beast Statue","Tiny House"],"acts_visited":["Exordium","TheCity"],"potions_floor_usage":[21,22,22],"damage_taken":[{"damage":12.0,"enemies":"2 Louse","floor":1.0,"turns":2.0},{"damage":0.0,"enemies":"Cultist","floor":2.0,"turns":3.0},{"damage":0.0,"enemies":"Small Slimes","floor":5.0,"turns":4.0},{"damage":14.0,"enemies":"3 Louse","floor":7.0,"turns":5.0},{"damage":9.0,"enemies":"Looter","floor":8.0,"turns":4.0},{"damage":35.0,"enemies":"Gremlin Nob","floor":12.0,"turns":5.0},{"damage":5.0,"enemies":"Exordium Wildlife","floor":14.0,"turns":4.0},{"damage":55.0,"enemies":"Slime Boss","floor":16.0,"turns":11.0},{"damage":19.0,"enemies":"3 Byrds","floor":18.0,"turns":5.0},{"damage":15,"enemies":"2 Thieves","floor":21,"turns":5},{"damage":20,"enemies":"Snecko","floor":22,"turns":6},{"damage":46,"enemies":"Slavers","floor":24,"turns":2}],"seed_played":"-4857328243242324422","potions_obtained":[{"floor":1.0,"key":"SneckoOil"},{"floor":2.0,"key":"SkillPotion"},{"floor":4.0,"key":"GamblersBrew"},{"floor":14.0,"key":"GamblersBrew"},{"floor":16.0,"key":"EssenceOfSteel"},{"floor":17.0,"key":"Energy Potion"},{"floor":18.0,"key":"AttackPotion"},{"floor":21,"key":"EssenceOfSteel"},{"floor":22,"key":"Strength Potion"}],"is_trial":false,"path_per_floor":["M","M","?","?","M","R","M","M","T","R","$","E","?","M","R","B",null,"M","?","$","M","M","R","E"],"character_chosen":"WATCHER","items_purchased":["Orrery"],"campfire_rested":2,"item_purchase_floors":[11],"current_hp_per_floor":[60,60,60,60,60,60,46,37,37,58,58,28,46,41,62,12,77,63,63,63,53,43,43,0,0],"gold":211,"neow_bonus":"BOSS_RELIC","is_daily":false,"chose_seed":false,"campfire_upgraded":2,"win_rate":0.0,"timestamp":1607783168,"path_taken":["M","M","?","?","?","R","M","M","T","R","$","E","?","M","R","BOSS","M","?","$","M","?","R","E"],"items_purchased_type":["Relic"],"build_version":"2020-11-30","purchased_purges":0,"victory":false,"max_hp_per_floor":[72,72,72,72,72,72,72,72,72,72,72,72,72,72,72,72,77,77,77,77,77,77,77,77,77],"card_choices":[{"not_picked":["Worship","EmptyBody"],"picked":"Perseverance","floor":1.0},{"not_picked":["Indignation","ClearTheMind"],"picked":"PathToVictory","floor":2.0},{"not_picked":["Consecrate","BowlingBash"],"picked":"MentalFortress","floor":5.0},{"not_picked":["JustLucky","EmptyBody"],"picked":"FollowUp","floor":7.0},{"not_picked":["InnerPeace","Prostrate"],"picked":"FlurryOfBlows","floor":8.0},{"not_picked":["Sanctity","FollowUp"],"picked":"CarveReality","floor":11.0},{"not_picked":["CrushJoints","FlyingSleeves"],"picked":"PathToVictory","floor":11.0},{"not_picked":["JustLucky","Halt"],"picked":"DevaForm","floor":11.0},{"not_picked":["CarveReality","PathToVictory"],"picked":"Prostrate","floor":11.0},{"not_picked":["FollowUp","Vault","BowlingBash"],"picked":"SKIP","floor":12.0},{"not_picked":["CrushJoints","CutThroughFate"],"picked":"Swivel","floor":14.0},{"not_picked":["Blasphemy","Omniscience"],"picked":"Scrawl","floor":16.0},{"not_picked":["MentalFortress","Evaluate"],"picked":"BattleHymn","floor":18.0},{"not_picked":["Conclude","FearNoEvil","BowlingBash"],"picked":"SKIP","floor":21},{"not_picked":["Consecrate","Blasphemy","BowlingBash"],"picked":"SKIP","floor":22}],"player_experience":185942,"relics_obtained":[{"floor":9.0,"key":"Toy Ornithopter"},{"floor":12.0,"key":"White Beast Statue"}],"event_choices":[{"damage_healed":0.0,"max_hp_gain":0.0,"max_hp_loss":0.0,"gold_gain":0.0,"event_name":"Golden Wing","player_choice":"Ignored","floor":3.0,"gold_loss":0.0,"damage_taken":0.0},{"damage_healed":0.0,"max_hp_gain":0.0,"max_hp_loss":0.0,"gold_gain":0.0,"event_name":"The Woman in Blue","player_choice":"Bought 1 Potion","floor":4.0,"gold_loss":0.0,"damage_taken":0.0},{"damage_healed":18.0,"max_hp_gain":0.0,"max_hp_loss":0.0,"gold_gain":0.0,"event_name":"The Cleric","player_choice":"Healed","floor":13.0,"gold_loss":35.0,"damage_taken":0.0},{"damage_healed":0.0,"max_hp_gain":0.0,"max_hp_loss":0.0,"gold_gain":0.0,"cards_transformed":["MentalFortress"],"event_name":"Transmorgrifier","player_choice":"Transformed","floor":19.0,"gold_loss":0.0,"damage_taken":0.0,"cards_obtained":["TalkToTheHand"]}],"is_beta":false,"boss_relics":[{"not_picked":["Runic Dome","Fusion Hammer"],"picked":"Tiny House"}],"items_purged_floors":[],"is_endless":false,"potions_floor_spawned":[1,2,5,14,16,18,21,22],"killed_by":"Slavers","ascension_level":0}}