{"host":"94aus4jnk6thj94q","time":1607754517,"event":{"mods":["BaseMod","Minty Spire (QoL Compilation)","Quick Restart","StSLib"],"gold_per_floor":[219,234,251,266,282,282,98,98,98,98,109,164,196,208,208,313,313,333,349,363,373,392,392,409,382,409,440,459,68,84,96,96,194,194,210,230,230,46,65,91,91,107,107,107,107,107,121,134,134,134,134,134,85,118,118,118],"floor_reached":55,"playtime":6238,"items_purged":[],"score":754,"play_id":"16f0cce2-084e-434c-8552-5430da19ba08","local_time":"20201212082837","is_ascension_mode":false,"campfire_choices":[{"floor":6.0,"key":"REST"},{"floor":8.0,"key":"REST"},{"floor":15.0,"key":"RECALL"},{"floor":23.0,"key":"REST"},{"data":"Capacitor","floor":32.0,"key":"SMITH"},{"floor":41.0,"key":"REST"},{"floor":44.0,"key":"REST"},{"data":"Defragment","floor":46.0,"key":"SMITH"},{"data":"Chaos","floor":49.0,"key":"SMITH"},{"data":"Consume","floor":52,"key":"SMITH"}],"circlet_count":0,"master_deck":["Strike_B","Strike_B","Strike_B","Strike_B","Defend_B+1","Defend_B","Defend_B","Defend_B","Zap","Dualcast","Defragment+1","Genetic Algorithm","BootSequence","Genetic Algorithm+1","Ball Lightning","Cold Snap","Capacitor+1","Redo","Coolheaded","Consume+1","Self Repair","Chill","Static Discharge+1","Ball Lightning","Chaos+1","Static Discharge","Conserve Battery","Defragment+1","Melter","Electrodynamics","Cold Snap+1","Blizzard","Defragment+1","Core Surge","Conserve Battery"],"relics":["FrozenCore","War Paint","Anchor","DataDisk","Velvet Choker","Pantograph","Calipers","Strawberry","Singing Bowl","Bottled Lightning","StrikeDummy"],"acts_visited":["Exordium","TheCity","TheBeyond","TheEnding"],"potions_floor_usage":[],"damage_taken":[{"damage":1.0,"enemies":"Cultist","floor":1.0,"turns":3.0},{"damage":1.0,"enemies":"Jaw Worm","floor":2.0,"turns":3.0},{"damage":16.0,"enemies":"Small Slimes","floor":3.0,"turns":3.0},{"damage":28.0,"enemies":"Exordium Thugs","floor":4.0,"turns":6.0},{"damage":0.0,"enemies":"Looter","floor":5.0,"turns":3.0},{"damage":0.0,"enemies":"3 Louse","floor":11.0,"turns":2.0},{"damage":0.0,"enemies":"3 Sentries","floor":13.0,"turns":5.0},{"damage":1.0,"enemies":"Large Slime","floor":14.0,"turns":4.0},{"damage":22.0,"enemies":"Slime Boss","floor":16.0,"turns":12.0},{"damage":0.0,"enemies":"Spheric Guardian","floor":18.0,"turns":6.0},{"damage":8.0,"enemies":"3 Byrds","floor":19.0,"turns":5.0},{"damage":0.0,"enemies":"Centurion and Healer","floor":20.0,"turns":9.0},{"damage":10.0,"enemies":"Sentry and Sphere","floor":21.0,"turns":6.0},{"damage":9.0,"enemies":"Snake Plant","floor":22.0,"turns":2.0},{"damage":0.0,"enemies":"Centurion and Healer","floor":24.0,"turns":8.0},{"damage":10.0,"enemies":"Book of Stabbing","floor":27.0,"turns":5.0},{"damage":7.0,"enemies":"Sentry and Sphere","floor":28.0,"turns":6.0},{"damage":9.0,"enemies":"Snecko","floor":30.0,"turns":6.0},{"damage":5.0,"enemies":"Chosen and Byrds","floor":31.0,"turns":6.0},{"damage":26.0,"enemies":"Collector","floor":33.0,"turns":10.0},{"damage":16.0,"enemies":"Orb Walker","floor":35.0,"turns":5.0},{"damage":0.0,"enemies":"3 Shapes","floor":36.0,"turns":3.0},{"damage":4.0,"enemies":"Jaw Worm Horde","floor":39.0,"turns":5.0},{"damage":36.0,"enemies":"Reptomancer","floor":40.0,"turns":4.0},{"damage":27.0,"enemies":"Transient","floor":42.0,"turns":5.0},{"damage":9.0,"enemies":"Writhing Mass","floor":47.0,"turns":7.0},{"damage":7.0,"enemies":"3 Darklings","floor":48.0,"turns":4.0},{"damage":5.0,"enemies":"Time Eater","floor":50.0,"turns":14.0},{"damage":17,"enemies":"Shield and Spear","floor":54,"turns":4},{"damage":87,"enemies":"The Heart","floor":55,"turns":6}],"seed_played":"-8627020337439416387","potions_obtained":[{"floor":4.0,"key":"BlessingOfTheForge"},{"floor":5.0,"key":"ColorlessPotion"},{"floor":11.0,"key":"Explosive Potion"},{"floor":13.0,"key":"EssenceOfSteel"},{"floor":27.0,"key":"Ancient Potion"},{"floor":28.0,"key":"FocusPotion"},{"floor":39.0,"key":"Fire Potion"},{"floor":40.0,"key":"SteroidPotion"},{"floor":47.0,"key":"DistilledChaos"}],"is_trial":false,"path_per_floor":["M","M","M","M","M","R","$","R","T","?","M","T","E","M","R","B",null,"M","M","M","M","M","R","M","$","T","E","M","$","M","M","R","B",null,"M","M","?","$","M","E","R","M","T","R","?","R","M","M","R","B",null,"R","$","E","B"],"character_chosen":"DEFECT","items_purchased":["Cold Snap","Capacitor","Redo","Coolheaded","Conserve Battery","Calipers","Melter","Blizzard","Strawberry","Conserve Battery"],"campfire_rested":5,"item_purchase_floors":[7,7,7,7,25,29,29,38,38,53],"current_hp_per_floor":[74,73,57,29,29,51,51,73,73,73,73,73,73,72,72,50,75,75,74,75,72,70,75,75,75,75,75,75,75,73,75,75,56,75,66,73,73,80,82,48,73,55,55,80,80,80,80,73,73,84,84,84,84,69,0,0],"gold":118,"neow_bonus":"HUNDRED_GOLD","is_daily":false,"chose_seed":false,"campfire_upgraded":4,"win_rate":0.0,"timestamp":1607754517,"path_taken":["M","M","M","M","M","R","$","R","T","?","M","?","E","M","R","BOSS","M","M","M","M","?","R","M","$","T","E","M","$","M","M","R","BOSS","M","M","?","$","M","E","R","M","T","R","?","R","?","M","R","BOSS","R","$","E","BOSS"],"items_purchased_type":["Card","Card","Card","Card","Card","Relic","Card","Card","Relic","Card"],"build_version":"2020-11-30","purchased_purges":0,"victory":false,"max_hp_per_floor":[75,75,75,75,75,75,75,75,75,75,75,75,75,75,75,75,75,75,75,75,75,75,75,75,75,75,75,75,75,75,75,75,75,75,75,75,75,82,82,84,84,86,86,86,82,82,84,84,84,84,84,84,84,86,86,86],"card_choices":[{"not_picked":["Streamline","Barrage"],"picked":"Defragment","floor":1.0},{"not_picked":["Recycle","Barrage"],"picked":"Genetic Algorithm","floor":2.0},{"not_picked":["Compile Driver","Chaos"],"picked":"BootSequence","floor":3.0},{"not_picked":["Echo Form","Go for the Eyes"],"picked":"Genetic Algorithm","floor":4.0},{"not_picked":["Streamline","Compile Driver"],"picked":"Ball Lightning","floor":5.0},{"not_picked":["Conserve Battery","Reinforced Body"],"picked":"Consume","floor":11.0},{"not_picked":["BootSequence","Glacier"],"picked":"Self Repair","floor":13.0},{"not_picked":["Force Field","Rebound"],"picked":"Chill","floor":14.0},{"not_picked":["Ball Lightning+1","Genetic Algorithm"],"picked":"Static Discharge+1","floor":18.0},{"not_picked":["Rebound+1","FTL","Sweeping Beam"],"picked":"SKIP","floor":19.0},{"not_picked":["Steam+1","Go for the Eyes+1"],"picked":"Ball Lightning","floor":20.0},{"not_picked":["Blizzard","Static Discharge"],"picked":"Chaos","floor":21.0},{"not_picked":["Sweeping Beam","Beam Cell+1","Hologram"],"picked":"SKIP","floor":22.0},{"not_picked":["Reinforced Body","Go for the Eyes+1"],"picked":"Static Discharge","floor":24.0},{"not_picked":["Ball Lightning+1","Rebound","Consume"],"picked":"SKIP","floor":27.0},{"not_picked":["Auto Shields","Seek"],"picked":"Defragment","floor":28.0},{"not_picked":["Hello World","Go for the Eyes","Conserve Battery+1"],"picked":"SKIP","floor":30.0},{"not_picked":["Lockon","Skim+1","Barrage+1"],"picked":"SKIP","floor":31.0},{"not_picked":["Machine Learning","Rainbow"],"picked":"Electrodynamics","floor":33.0},{"not_picked":["Conserve Battery+1","Turbo+1"],"picked":"Cold Snap+1","floor":35.0},{"not_picked":["Stack+1","Compile Driver+1","Scrape+1"],"picked":"SKIP","floor":36.0},{"not_picked":["Leap+1","Ball Lightning+1"],"picked":"Defragment+1","floor":39.0},{"not_picked":["Undo+1","Gash+1","Melter+1"],"picked":"Singing Bowl","floor":40.0},{"not_picked":["Ball Lightning","Static Discharge","Aggregate+1"],"picked":"Singing Bowl","floor":42.0},{"not_picked":["Sweeping Beam","Lockon","Compile Driver"],"picked":"Singing Bowl","floor":47.0},{"not_picked":["Doom and Gloom+1","Rip and Tear+1"],"picked":"Core Surge","floor":48.0},{"not_picked":["Sunder+1","Go for the Eyes","Consume"],"picked":"Singing Bowl","floor":54}],"player_experience":5597439,"relics_obtained":[{"floor":9.0,"key":"War Paint"},{"floor":12.0,"key":"Anchor"},{"floor":13.0,"key":"DataDisk"},{"floor":27.0,"key":"Pantograph"},{"floor":40.0,"key":"Singing Bowl"},{"floor":43.0,"key":"Bottled Lightning"},{"floor":54,"key":"StrikeDummy"}],"event_choices":[{"damage_healed":0.0,"max_hp_gain":0.0,"max_hp_loss":0.0,"gold_gain":0.0,"event_name":"Living Wall","player_choice":"Grow","floor":10.0,"gold_loss":0.0,"damage_taken":0.0,"cards_upgraded":["Defragment"]},{"damage_healed":0.0,"max_hp_gain":0.0,"max_hp_loss":0.0,"gold_gain":0.0,"event_name":"Tomb of Lord Red Mask","player_choice":"Ignored","floor":37.0,"gold_loss":0.0,"damage_taken":0.0},{"damage_healed":0.0,"max_hp_gain":0.0,"max_hp_loss":4.0,"gold_gain":0.0,"event_name":"Winding Halls","player_choice":"Max HP","floor":45.0,"gold_loss":0.0,"damage_taken":0.0}],"is_beta":false,"boss_relics":[{"not_picked":["Runic Dome","Cursed Key"],"picked":"Velvet Choker"},{"not_picked":["Black Star","Philosopher\u0027s Stone"],"picked":"FrozenCore"}],"items_purged_floors":[],"is_endless":false,"potions_floor_spawned":[4,5,11,13,24,27,28,30,39,40,47],"killed_by":"The Heart","ascension_level":0}}