{"host":"kw4o7b3ro2ktmmbe","time":1607737466,"event":{"mods":["BaseMod","Minty Spire (QoL Compilation)","StSLib","The Elementalist","Treasure Hunter"],"gold_per_floor":[115,115,115,125,125,125,207,284,308,308,308,372,372,217,217,365,365,432,437,448,448,461,487,487,487],"floor_reached":24,"playtime":3434,"items_purged":[],"score":314,"play_id":"5079eb14-c826-46bf-8842-1d15877f883e","local_time":"20201212144426","is_ascension_mode":false,"campfire_choices":[{"data":"elementalist:Ferruchemy","floor":6.0,"key":"SMITH"},{"data":"elementalist:Solar_Form","floor":11.0,"key":"SMITH"},{"data":"elementalist:Gaian_Form","floor":13.0,"key":"SMITH"},{"data":"TH:DeckOfManyThings","floor":15.0,"key":"SMITH"}],"circlet_count":0,"master_deck":["elementalist:Earth_Emblem","elementalist:Strike+Elemblue","elementalist:Defend_Elemblue+1","elementalist:Defend_Elemblue","elementalist:Defend_Elemblue+1","elementalist:Defend_Elemblue","elementalist:Firestrike","elementalist:Earthstrike","elementalist:Waterstrike","elementalist:Airstrike","elementalist:Crystal_Chalk","elementalist:Fission_Lance","elementalist:Fire_Emblem","elementalist:Solar_Form+1","elementalist:Ferruchemy+1","TH:CursedSword","elementalist:Gaian_Form+1","TH:TreasureMap","TH:DeckOfManyThings+1","elementalist:Flame","TH:ArmorSpikes","elementalist:Heavensfall","elementalist:Solar_Form","elementalist:Absolute_Zero","TH:ElvenBoots","elementalist:Aegis"],"relics":["elementalistmod:MagusStaff","elementalistmod:RedRibbon","Pear","Boot","Eternal Feather","Bag of Marbles","elementalistmod:YellowCirclet","Medical Kit","Sozu","MutagenicStrength","War Paint"],"acts_visited":["Exordium","TheCity"],"potions_floor_usage":[],"damage_taken":[{"damage":3.0,"enemies":"2 Louse","floor":1.0,"turns":2.0},{"damage":7.0,"enemies":"Jaw Worm","floor":4.0,"turns":2.0},{"damage":42.0,"enemies":"3 Sentries","floor":7.0,"turns":12.0},{"damage":9.0,"enemies":"Small Slimes","floor":12.0,"turns":7.0},{"damage":43.0,"enemies":"Hexaghost","floor":16.0,"turns":8.0},{"damage":30.0,"enemies":"Shell Parasite","floor":18.0,"turns":8.0},{"damage":20.0,"enemies":"2 Thieves","floor":19.0,"turns":4.0},{"damage":25.0,"enemies":"Snecko","floor":20.0,"turns":4.0},{"damage":32.0,"enemies":"3 Cultists","floor":22.0,"turns":5.0},{"damage":0,"enemies":"Gremlin Leader","floor":23,"turns":3},{"damage":16,"enemies":"Centurion and Healer","floor":24,"turns":3}],"seed_played":"-1524530435876900049","potions_obtained":[{"floor":7.0,"key":"CultistPotion"}],"is_trial":false,"path_per_floor":["M","?","?","M","?","R","E","T","T","?","R","M","R","$","R","B",null,"M","M","M","?","M","E","M"],"character_chosen":"THE_ELEMENTALIST","items_purchased":["Medical Kit"],"campfire_rested":0,"item_purchase_floors":[14],"current_hp_per_floor":[74,67,67,60,67,67,27,27,27,27,36,33,42,42,54,15,99,75,58,37,37,9,9,0,0],"gold":487,"neow_bonus":"TEN_PERCENT_HP_BONUS","is_daily":false,"chose_seed":false,"campfire_upgraded":4,"win_rate":0.0,"timestamp":1607737466,"path_taken":["M","?","?","M","?","R","E","?","T","?","R","M","R","?","R","BOSS","M","M","M","?","M","E","M"],"items_purchased_type":["Relic"],"build_version":"2020-11-30","purchased_purges":0,"victory":false,"max_hp_per_floor":[77,77,77,77,87,87,89,89,89,89,89,95,95,95,95,99,99,105,108,112,112,116,116,120,120],"card_choices":[{"not_picked":["elementalist:Stone_to_Mud","elementalist:Undertow"],"picked":"elementalist:Fission_Lance","floor":1.0},{"not_picked":["elementalist:Emberveil","elementalist:Fission_Lance"],"picked":"elementalist:Solar_Form","floor":4.0},{"not_picked":["TH:EnergyPotion"],"picked":"TH:CursedSword","floor":7.0},{"not_picked":["elementalist:Astral_Form","elementalist:Overheat"],"picked":"elementalist:Gaian_Form","floor":7.0},{"not_picked":["TH:DeckOfManyThings"],"picked":"TH:TreasureMap","floor":8.0},{"not_picked":["TH:EnergyPotion"],"picked":"TH:DeckOfManyThings","floor":9.0},{"not_picked":["elementalist:Prepared_Sand","elementalist:Etherstrike"],"picked":"elementalist:Flame","floor":12.0},{"not_picked":["TH:Mimic"],"picked":"TH:ArmorSpikes","floor":16.0},{"not_picked":["elementalist:Impact","elementalist:Kiln"],"picked":"elementalist:Heavensfall","floor":16.0},{"not_picked":["elementalist:Confluence","elementalist:Widdershins_Conversion+1"],"picked":"elementalist:Solar_Form","floor":18.0},{"not_picked":["elementalist:Overheat","elementalist:Stone_to_Mud+1","elementalist:Emberveil"],"picked":"SKIP","floor":19.0},{"not_picked":["elementalist:Monument","elementalist:Spark+1"],"picked":"elementalist:Absolute_Zero","floor":20.0},{"not_picked":["elementalist:Pressurize","elementalist:Overheat","elementalist:Monument"],"picked":"SKIP","floor":22.0},{"not_picked":["TH:Mimic"],"picked":"TH:ElvenBoots","floor":23},{"not_picked":["elementalist:Stone_to_Mud","elementalist:Cyclone"],"picked":"elementalist:Aegis","floor":23}],"player_experience":1724562,"relics_obtained":[{"floor":7.0,"key":"Boot"},{"floor":8.0,"key":"Eternal Feather"},{"floor":9.0,"key":"Bag of Marbles"},{"floor":23,"key":"War Paint"}],"event_choices":[{"cards_removed":["elementalist:Defend_Elemblue"],"damage_healed":0.0,"max_hp_gain":0.0,"max_hp_loss":0.0,"gold_gain":0.0,"event_name":"Golden Wing","player_choice":"Card Removal","floor":2.0,"gold_loss":0.0,"damage_taken":7.0},{"damage_healed":0.0,"max_hp_gain":0.0,"max_hp_loss":0.0,"gold_gain":0.0,"event_name":"Scrap Ooze","player_choice":"Success","floor":5.0,"gold_loss":0.0,"damage_taken":3.0,"relics_obtained":["Pear"]},{"damage_healed":0.0,"max_hp_gain":0.0,"max_hp_loss":0.0,"gold_gain":0.0,"event_name":"Drug Dealer","player_choice":"Inject Mutagens","floor":21.0,"gold_loss":0.0,"damage_taken":0.0,"relics_obtained":["MutagenicStrength"]}],"is_beta":false,"boss_relics":[{"not_picked":["Runic Dome","Calling Bell"],"picked":"Sozu"}],"items_purged_floors":[],"is_endless":false,"potions_floor_spawned":[7,18,20],"killed_by":"Centurion and Healer","ascension_level":0}}