{"host":"dekhxjxhillho72f","time":1607784640,"event":{"mods":["AchievementEnabler","BaseMod","Better Third Choice","Block Reminder","Colored Map","Colored Powertips","Hermit","Highlight Path","Minty Spire (QoL Compilation)","Permanent Neow","Quick Restart","Rare Cards Sparkle","Relic Stats","StSLib","slay the spire mod where everything is the same but ironclad has a cowboy hat"],"gold_per_floor":[364,374,324,343,343,359,375,375,421,441,454,88,88,105,105,105,105],"floor_reached":16,"playtime":528,"items_purged":["hermit:Snapshot"],"score":96,"play_id":"1c3fc663-e3e2-4a8f-b3ba-77580de089e1","local_time":"20201212155040","is_ascension_mode":false,"campfire_choices":[{"data":"hermit:FullyLoaded","floor":8,"key":"SMITH"},{"data":"hermit:PistolWhip","floor":13,"key":"SMITH"},{"floor":15,"key":"REST"}],"circlet_count":0,"master_deck":["hermit:Strike_Hermit","hermit:Strike_Hermit","hermit:Strike_Hermit","hermit:Strike_Hermit","hermit:Defend_Hermit","hermit:Defend_Hermit","hermit:Defend_Hermit","hermit:Covet","hermit:FullyLoaded+1","hermit:PistolWhip+1","hermit:Shortfuse","hermit:BodyArmor","hermit:HighCaliber"],"relics":["hermit:Momento","Regal Pillow","Calipers"],"acts_visited":["Exordium"],"potions_floor_usage":[10,14,16],"damage_taken":[{"damage":5,"enemies":"Cultist","floor":1,"turns":4},{"damage":1,"enemies":"2 Louse","floor":2,"turns":3},{"damage":0,"enemies":"Small Slimes","floor":4,"turns":3},{"damage":8,"enemies":"Red Slaver","floor":6,"turns":3},{"damage":6,"enemies":"Exordium Wildlife","floor":7,"turns":3},{"damage":10,"enemies":"Lots of Slimes","floor":10,"turns":3},{"damage":0,"enemies":"Blue Slaver","floor":11,"turns":2},{"damage":13,"enemies":"Exordium Wildlife","floor":14,"turns":5},{"damage":61,"enemies":"Hexaghost","floor":16,"turns":10}],"seed_played":"-1287415772581630285","potions_obtained":[{"floor":6,"key":"LiquidMemories"},{"floor":7,"key":"Explosive Potion"},{"floor":11,"key":"SpeedPotion"}],"is_trial":false,"path_per_floor":["M","M","?","M","?","M","M","R","T","M","M","$","R","M","R","B"],"character_chosen":"HERMIT","items_purchased":["Calipers"],"campfire_rested":1,"item_purchase_floors":[12],"current_hp_per_floor":[63,62,62,62,62,54,48,48,48,38,38,38,38,25,60,0,0],"gold":105,"neow_bonus":"TWO_FIFTY_GOLD","is_daily":false,"chose_seed":false,"campfire_upgraded":2,"win_rate":0.0,"timestamp":1607784640,"path_taken":["M","M","?","M","?","M","?","R","T","M","M","$","R","?","R","BOSS"],"items_purchased_type":["Relic"],"build_version":"2020-11-30","purchased_purges":1,"victory":false,"max_hp_per_floor":[68,68,68,68,68,68,68,68,68,68,68,68,68,68,68,68,68],"relic_stats":{"Regal Pillow":15,"counters":[9,36],"obtain_stats":[{"Regal Pillow":9,"Calipers":12,"hermit:Momento":0},{"Regal Pillow":5,"Calipers":7,"hermit:Momento":0},{"Regal Pillow":16,"Calipers":21,"hermit:Momento":0}]},"card_choices":[{"not_picked":["hermit:Manifest","hermit:HoleUp","hermit:LowProfile"],"picked":"SKIP","floor":1},{"not_picked":["hermit:CalledShot","hermit:BodyArmor"],"picked":"hermit:FullyLoaded","floor":2},{"not_picked":["hermit:Spite","hermit:Feint","hermit:LowProfile"],"picked":"SKIP","floor":4},{"not_picked":["hermit:Coalescence","hermit:Ricochet"],"picked":"hermit:Shortfuse","floor":6},{"not_picked":["hermit:Ricochet","hermit:Desperado","hermit:Magnum"],"picked":"SKIP","floor":7},{"not_picked":["hermit:Glare","hermit:Malice","hermit:Ricochet"],"picked":"SKIP","floor":10},{"not_picked":["hermit:SprayPray","hermit:ShadowCloak"],"picked":"hermit:BodyArmor","floor":11},{"not_picked":["hermit:Manifest","hermit:Coalescence"],"picked":"hermit:HighCaliber","floor":14}],"player_experience":253770,"relics_obtained":[{"floor":9,"key":"Regal Pillow"}],"event_choices":[{"cards_removed":["hermit:Defend_Hermit"],"damage_healed":0,"gold_gain":0,"player_choice":"Card Removal","damage_taken":0,"max_hp_gain":0,"max_hp_loss":0,"event_name":"The Cleric","floor":3,"gold_loss":50},{"damage_healed":0,"gold_gain":0,"player_choice":"1 cards matched","damage_taken":0,"max_hp_gain":0,"max_hp_loss":0,"event_name":"Match and Keep!","floor":5,"gold_loss":0,"cards_obtained":["hermit:PistolWhip"]}],"is_beta":false,"boss_relics":[],"items_purged_floors":[12],"is_endless":false,"potions_floor_spawned":[6,7,11],"killed_by":"Hexaghost","ascension_level":0}}