{"host":"x0ovlu53kkkog8rv","time":1607784736,"event":{"mods":["BaseMod","Colored Map","Minty Spire (QoL Compilation)","Quick Restart","SuperFastMode"],"gold_per_floor":[111,111,36,49,49,49,81,101,101,101,132,149,149,324,324,419,419,435,435,435,282,294,294,209,209,209,209,221,221,233,99,99,195,195,214,214,264,279,279,279,279],"floor_reached":40,"playtime":1350,"items_purged":["Defend_R","Defend_R"],"score":461,"play_id":"a3b906fb-b72d-4925-a578-c63b22b6aab3","local_time":"20201212235216","is_ascension_mode":true,"campfire_choices":[{"data":"Headbutt","floor":6.0,"key":"SMITH"},{"data":"Twin Strike","floor":10.0,"key":"SMITH"},{"floor":15.0,"key":"REST"},{"data":"Doubt","floor":23.0,"key":"PURGE"},{"data":"Pain","floor":29.0,"key":"PURGE"},{"floor":32.0,"key":"REST"}],"circlet_count":0,"master_deck":["Strike_R","Strike_R","Strike_R+1","Strike_R","Defend_R","Defend_R+1","Bash","Clothesline","Headbutt+1","Havoc","Twin Strike+1","Pommel Strike","Pommel Strike","Wild Strike","Twin Strike","Wild Strike","Headbutt+1","Inflame","Wild Strike+1","Berserk","Battle Trance+1","Wild Strike+1","Flash of Steel+1"],"relics":["Black Blood","NeowsBlessing","Mango","Self Forming Clay","Tiny Chest","Mark of Pain","Peace Pipe","Shuriken","Art of War","WarpedTongs","Molten Egg 2","Vajra","Du-Vu Doll"],"acts_visited":["Exordium","TheCity","TheBeyond"],"potions_floor_usage":[40],"damage_taken":[{"damage":0.0,"enemies":"Jaw Worm","floor":1.0,"turns":1.0},{"damage":0.0,"enemies":"Cultist","floor":4.0,"turns":1.0},{"damage":0.0,"enemies":"3 Sentries","floor":7.0,"turns":2.0},{"damage":12.0,"enemies":"Small Slimes","floor":8.0,"turns":3.0},{"damage":14.0,"enemies":"Gremlin Nob","floor":11.0,"turns":3.0},{"damage":7.0,"enemies":"Looter","floor":12.0,"turns":2.0},{"damage":27.0,"enemies":"Slime Boss","floor":16.0,"turns":12.0},{"damage":24.0,"enemies":"Spheric Guardian","floor":18.0,"turns":4.0},{"damage":20.0,"enemies":"2 Thieves","floor":22.0,"turns":4.0},{"damage":25.0,"enemies":"Snake Plant","floor":28.0,"turns":4.0},{"damage":6.0,"enemies":"Cultist and Chosen","floor":30.0,"turns":3.0},{"damage":70.0,"enemies":"Champ","floor":33.0,"turns":7.0},{"damage":26.0,"enemies":"3 Darklings","floor":35.0,"turns":5.0},{"damage":48,"enemies":"Mind Bloom Boss Battle","floor":37,"turns":4},{"damage":32,"enemies":"3 Shapes","floor":38,"turns":3},{"damage":46,"enemies":"Giant Head","floor":40,"turns":5}],"seed_played":"1038111258236313750","potions_obtained":[{"floor":4.0,"key":"LiquidMemories"},{"floor":11.0,"key":"HeartOfIron"},{"floor":16.0,"key":"AttackPotion"},{"floor":18.0,"key":"Ancient Potion"},{"floor":28.0,"key":"Block Potion"},{"floor":37,"key":"SkillPotion"}],"is_trial":false,"path_per_floor":["M","?","$","M","?","R","E","M","T","R","E","M","?","?","R","B",null,"M","?","T","$","M","R","?","?","T","T","M","R","M","$","R","B",null,"M","?","?","M","?","E"],"character_chosen":"IRONCLAD","items_purchased":["Twin Strike","Inflame","Wild Strike+1"],"campfire_rested":2,"item_purchase_floors":[21,31,31],"current_hp_per_floor":[80,80,80,80,85,85,99,93,93,93,85,84,64,64,93,72,99,81,81,81,81,67,67,67,67,67,67,48,48,48,48,77,13,99,85,85,49,29,29,0,0],"gold":279,"neow_bonus":"THREE_ENEMY_KILL","is_daily":false,"chose_seed":false,"campfire_upgraded":2,"win_rate":0.0,"timestamp":1607784736,"path_taken":["M","?","?","M","?","R","E","M","T","R","E","M","?","?","R","BOSS","M","?","?","?","M","R","?","?","T","?","M","R","M","$","R","BOSS","M","?","?","M","?","E"],"items_purchased_type":["Card","Card","Card"],"build_version":"2020-11-30","purchased_purges":2,"victory":false,"max_hp_per_floor":[80,80,80,80,85,85,99,99,99,99,99,99,99,99,99,99,99,99,99,99,99,99,99,99,99,99,99,99,99,99,99,99,99,99,99,94,94,94,94,94,94],"card_choices":[{"not_picked":["Disarm","Thunderclap"],"picked":"Clothesline","floor":1.0},{"not_picked":["Warcry","Thunderclap"],"picked":"Headbutt","floor":4.0},{"not_picked":["Combust","Rage"],"picked":"Havoc","floor":7.0},{"not_picked":["Warcry","Flex"],"picked":"Twin Strike","floor":8.0},{"not_picked":["Iron Wave","Inflame"],"picked":"Pommel Strike","floor":11.0},{"not_picked":["Corruption","Burning Pact"],"picked":"Pommel Strike","floor":12.0},{"not_picked":["Iron Wave+1","Havoc"],"picked":"Wild Strike","floor":18.0},{"not_picked":["Cleave","Second Wind"],"picked":"Wild Strike","floor":22.0},{"not_picked":["Warcry","Clothesline+1","True Grit"],"picked":"SKIP","floor":28.0},{"not_picked":["Demon Form","Second Wind"],"picked":"Headbutt+1","floor":30.0},{"not_picked":["Fiend Fire+1","Impervious"],"picked":"Berserk","floor":33.0},{"not_picked":["Intimidate","Sword Boomerang+1"],"picked":"Battle Trance+1","floor":35.0},{"not_picked":["Havoc+1","Warcry+1"],"picked":"Wild Strike+1","floor":38},{"not_picked":["Jack Of All Trades","Finesse"],"picked":"Flash of Steel+1","floor":39}],"player_experience":174742,"relics_obtained":[{"floor":7.0,"key":"Mango"},{"floor":9.0,"key":"Self Forming Clay"},{"floor":11.0,"key":"Tiny Chest"},{"floor":20.0,"key":"Shuriken"},{"floor":26.0,"key":"Molten Egg 2"},{"floor":27.0,"key":"Vajra"},{"floor":37,"key":"Du-Vu Doll"}],"event_choices":[{"cards_removed":["Strike_R"],"damage_healed":0.0,"max_hp_gain":0.0,"max_hp_loss":0.0,"gold_gain":0.0,"event_name":"Bonfire Elementals","player_choice":"Offered Basic","floor":2.0,"gold_loss":0.0,"damage_taken":0.0},{"damage_healed":0.0,"max_hp_gain":5.0,"max_hp_loss":0.0,"gold_gain":0.0,"event_name":"Big Fish","player_choice":"Donut","floor":5.0,"gold_loss":0.0,"damage_taken":0.0},{"damage_healed":0.0,"max_hp_gain":0.0,"max_hp_loss":0.0,"gold_gain":0.0,"event_name":"Shining Light","player_choice":"Entered Light","floor":13.0,"gold_loss":0.0,"damage_taken":20.0,"cards_upgraded":["Defend_R","Strike_R"]},{"damage_healed":0.0,"max_hp_gain":0.0,"max_hp_loss":0.0,"gold_gain":175.0,"event_name":"Liars Game","player_choice":"AGREE","floor":14.0,"gold_loss":0.0,"damage_taken":0.0,"cards_obtained":["Doubt"]},{"damage_healed":0.0,"max_hp_gain":0.0,"max_hp_loss":0.0,"gold_gain":0.0,"event_name":"The Mausoleum","player_choice":"Opened","floor":19.0,"gold_loss":0.0,"damage_taken":0.0,"relics_obtained":["Peace Pipe"]},{"damage_healed":0.0,"max_hp_gain":0.0,"max_hp_loss":0.0,"gold_gain":0.0,"event_name":"Addict","player_choice":"Obtained Relic","floor":24.0,"gold_loss":85.0,"damage_taken":0.0,"relics_obtained":["Art of War"]},{"damage_healed":0.0,"max_hp_gain":0.0,"max_hp_loss":0.0,"gold_gain":0.0,"event_name":"Accursed Blacksmith","player_choice":"Rummage","floor":25.0,"gold_loss":0.0,"damage_taken":0.0,"relics_obtained":["WarpedTongs"],"cards_obtained":["Pain"]},{"damage_healed":0,"gold_gain":0,"player_choice":"Max HP","damage_taken":0,"max_hp_gain":0,"max_hp_loss":5,"event_name":"Winding Halls","floor":36,"gold_loss":0},{"damage_healed":0,"gold_gain":0,"player_choice":"Fight","damage_taken":0,"max_hp_gain":0,"max_hp_loss":0,"event_name":"MindBloom","floor":37,"gold_loss":0},{"damage_healed":0,"gold_gain":0,"player_choice":"Memory 1","damage_taken":0,"max_hp_gain":0,"max_hp_loss":0,"event_name":"SensoryStone","floor":39,"gold_loss":0}],"is_beta":false,"boss_relics":[{"not_picked":["Snecko Eye","Ectoplasm"],"picked":"Mark of Pain"},{"not_picked":["Runic Pyramid","Coffee Dripper"],"picked":"Black Blood"}],"items_purged_floors":[3,21],"is_endless":false,"potions_floor_spawned":[4,11,16,18,28,37],"killed_by":"Giant Head","ascension_level":1}}