{"host":"5vwo9pnza5wfe8ad","time":1607744448,"event":{"mods":["BaseMod","Better Sensory Stone","Colored Map","Colored Powertips","Key Reminder","Minty Spire (QoL Compilation)","Permanent Neow","Rare Cards Sparkle","Shop Mod","StSLib","UnlockEverythingMod"],"gold_per_floor":[116,116,41,41,66,107,107,125,125,125,125],"floor_reached":10,"playtime":937,"items_purged":[],"score":128,"play_id":"3f1fafe7-763a-4df4-b0bf-070f75fca279","local_time":"20201211194047","is_ascension_mode":true,"campfire_choices":[{"floor":7.0,"key":"REST"}],"circlet_count":0,"master_deck":["AscendersBane","Strike_B","Strike_B","Strike_B","Defend_B","Defend_B","Defend_B","Defend_B","Zap","Dualcast","Deep Breath","Conserve Battery","Seek","Cold Snap"],"relics":["Cracked Core","Golden Idol","Lantern","Pocketwatch","Pear"],"acts_visited":["Exordium"],"potions_floor_usage":[10,10],"damage_taken":[{"damage":4.0,"enemies":"Small Slimes","floor":1.0,"turns":3.0},{"damage":34.0,"enemies":"Lagavulin","floor":6.0,"turns":8.0},{"damage":6.0,"enemies":"2 Louse","floor":8.0,"turns":4.0},{"damage":54,"enemies":"Gremlin Nob","floor":10,"turns":3}],"seed_played":"7575477030696611656","potions_obtained":[{"floor":6.0,"key":"Swift Potion"},{"floor":8.0,"key":"DuplicationPotion"}],"is_trial":false,"path_per_floor":["M","?","?","?","T","E","R","M","T","E"],"character_chosen":"DEFECT","items_purchased":[],"campfire_rested":1,"item_purchase_floors":[],"current_hp_per_floor":[60,65,65,39,39,5,27,21,31,0,0],"gold":125,"neow_bonus":"RANDOM_COLORLESS","is_daily":false,"chose_seed":false,"campfire_upgraded":0,"win_rate":0.0,"timestamp":1607744447,"path_taken":["M","?","?","?","?","E","R","M","T","E"],"items_purchased_type":[],"build_version":"2020-11-30","purchased_purges":0,"victory":false,"max_hp_per_floor":[71,76,76,76,76,76,76,76,86,86,86],"card_choices":[{"not_picked":["Trip","Good Instincts"],"picked":"Deep Breath","floor":0.0},{"not_picked":["Stack","Go for the Eyes"],"picked":"Conserve Battery","floor":1.0},{"not_picked":["Reprogram","Streamline"],"picked":"Seek","floor":6.0},{"not_picked":["Recycle","Turbo"],"picked":"Cold Snap","floor":8.0}],"player_experience":141816,"relics_obtained":[{"floor":5.0,"key":"Lantern"},{"floor":6.0,"key":"Pocketwatch"},{"floor":9.0,"key":"Pear"}],"event_choices":[{"damage_healed":0.0,"max_hp_gain":5.0,"max_hp_loss":0.0,"gold_gain":0.0,"event_name":"Big Fish","player_choice":"Donut","floor":2.0,"gold_loss":0.0,"damage_taken":0.0},{"cards_removed":["Strike_B"],"damage_healed":0.0,"max_hp_gain":0.0,"max_hp_loss":0.0,"gold_gain":0.0,"event_name":"The Cleric","player_choice":"Card Removal","floor":3.0,"gold_loss":75.0,"damage_taken":0.0},{"damage_healed":0.0,"max_hp_gain":0.0,"max_hp_loss":0.0,"gold_gain":0.0,"event_name":"Golden Idol","player_choice":"Take Damage","floor":4.0,"gold_loss":0.0,"damage_taken":26.0,"relics_obtained":["Golden Idol"]}],"is_beta":false,"boss_relics":[],"items_purged_floors":[],"is_endless":false,"potions_floor_spawned":[6,8],"killed_by":"Gremlin Nob","ascension_level":20}}