{"host":"re9xirrjoezsqg3h","time":1607791530,"event":{"mods":["AchievementEnabler","BaseMod","Dota2Spire","Downfall","GifTheSpireLib","Hermit","Luminous","Minty Spire (QoL Compilation)","Replay The Spire","Robot Space Explorer","StSLib","The Administrix","The Bug Knight","The Cursed","[IsaacMod]ÒÔÈö¼âËþ"],"gold_per_floor":[120,120,8,21,21,35,127,127,127,147,147,167,167,202,257,257,257],"floor_reached":16,"playtime":403,"items_purged":["hermit:Strike_Hermit"],"score":125,"play_id":"92940bd4-db23-4c5b-a7fd-658682dc2a48","local_time":"20201213004530","is_ascension_mode":false,"campfire_choices":[{"data":"hermit:CursedWeapon","floor":8,"key":"SMITH"},{"data":"hermit:Showdown","floor":11,"key":"SMITH"},{"data":"hermit:HighCaliber","floor":13,"key":"SMITH"},{"floor":15,"key":"REST"}],"circlet_count":0,"master_deck":["hermit:Strike_Hermit","hermit:Strike_Hermit","hermit:Strike_Hermit","hermit:Defend_Hermit","hermit:Defend_Hermit","hermit:Defend_Hermit","hermit:Snapshot","hermit:Covet","hermit:HeroicBravado","hermit:CursedWeapon+1","hermit:HighCaliber+1","Injury","hermit:Showdown+1","hermit:Shortfuse"],"relics":["hermit:Momento","HushsDoor","SteamSale","BloodDonationBag","Golden Idol","Matryoshka","TuHaoJin"],"acts_visited":["Exordium"],"potions_floor_usage":[],"damage_taken":[{"damage":3,"enemies":"Small Slimes","floor":1,"turns":4},{"damage":8,"enemies":"Cultist","floor":4,"turns":3},{"damage":0,"enemies":"2 Louse","floor":6,"turns":1},{"damage":8,"enemies":"Looter","floor":10,"turns":3},{"damage":11,"enemies":"Blue Slaver","floor":12,"turns":3},{"damage":2,"enemies":"Gremlin Nob","floor":14,"turns":2},{"damage":48,"enemies":"Slime Boss","floor":16,"turns":5}],"seed_played":"4700069964690179251","potions_obtained":[{"floor":4,"key":"Regen Potion"},{"floor":6,"key":"Block Potion"},{"floor":14,"key":"Weak Potion"}],"is_trial":false,"path_per_floor":["M","?","$","M","?","M","?","R","T","M","R","M","R","E","R","B"],"character_chosen":"HERMIT","items_purchased":["SteamSale","hermit:CursedWeapon"],"campfire_rested":1,"item_purchase_floors":[3,3],"current_hp_per_floor":[77,77,68,60,60,60,45,45,45,37,37,26,26,24,35,0,0],"gold":257,"neow_bonus":"TEN_PERCENT_HP_BONUS","is_daily":false,"chose_seed":false,"campfire_upgraded":3,"win_rate":0.0,"timestamp":1607791530,"path_taken":["M","?","$","M","?","M","?","R","T","?","R","M","R","E","R","BOSS"],"items_purchased_type":["Relic","Card"],"build_version":"2020-11-30","purchased_purges":1,"victory":false,"max_hp_per_floor":[82,82,82,82,82,82,82,82,82,82,82,82,82,82,82,82,82],"card_choices":[{"not_picked":[],"picked":"ChaosCard","floor":0},{"not_picked":["hermit:WideOpen","hermit:CalledShot","hermit:Manifest"],"picked":"SKIP","floor":1},{"not_picked":["hermit:Enervate","hermit:Coalescence"],"picked":"hermit:HighCaliber","floor":4},{"not_picked":["hermit:SprayPray","hermit:TakeCover"],"picked":"hermit:Showdown","floor":6},{"not_picked":["hermit:SprayPray","hermit:WideOpen"],"picked":"hermit:Shortfuse","floor":10},{"not_picked":["hermit:Desperado","hermit:Coalescence","hermit:GhostlyPresence"],"picked":"SKIP","floor":12},{"not_picked":["hermit:BodyArmor","hermit:FromBeyond","hermit:HoleUp"],"picked":"SKIP","floor":14}],"player_experience":267654,"relics_obtained":[{"floor":9,"key":"Matryoshka"},{"floor":14,"key":"TuHaoJin"}],"event_choices":[{"damage_healed":0,"gold_gain":0,"cards_transformed":["hermit:Defend_Hermit"],"player_choice":"Transformed","damage_taken":0,"max_hp_gain":0,"max_hp_loss":0,"event_name":"Transmorgrifier","floor":2,"gold_loss":0,"cards_obtained":["hermit:HeroicBravado"]},{"damage_healed":0,"gold_gain":0,"player_choice":"Take Wound","damage_taken":0,"relics_obtained":["Golden Idol"],"max_hp_gain":0,"max_hp_loss":0,"event_name":"Golden Idol","floor":5,"gold_loss":0,"cards_obtained":["Injury"]}],"is_beta":false,"boss_relics":[],"items_purged_floors":[3],"is_endless":false,"potions_floor_spawned":[4,6,14],"killed_by":"Slime Boss","ascension_level":0}}