{"host":"cz3p2o9n3b1gdmkz","time":1607779968,"event":{"mods":["AchievementEnabler","BaseMod","CapriCore","GungeonMod","Hermit","Minty Spire (QoL Compilation)","Replay The Spire","Shop Mod","StSLib","SuperFastMode","The Cursed","The Dragon Tamer","The Gatherer","The Jungle","The Poker Player"],"gold_per_floor":[116,116,134,209,159,159,159,221,244,244,270,270,286,318,318,422,472,489,429,440,440,460,460,460,460,472,472,498,518,15,15,15,41,41,139,139,159,159,159,172,15,43,43,78,78,78,0,50,75,94,94,94,94,94,10,42,42,42],"floor_reached":57,"playtime":1854,"items_purged":[],"score":795,"play_id":"f3ee6def-2fbe-42d5-a95a-eac794ffd93b","local_time":"20201212223248","is_ascension_mode":true,"campfire_choices":[{"data":"hermit:Quickdraw","floor":6.0,"key":"SMITH"},{"floor":10.0,"key":"REST"},{"data":"hermit:Defend_Hermit","floor":12.0,"key":"SMITH"},{"floor":15.0,"key":"REST"},{"data":"hermit:Strike_Hermit","floor":25.0,"key":"SMITH"},{"data":"hermit:Desperado","floor":27.0,"key":"SMITH"},{"data":"hermit:Determination","floor":31.0,"key":"SMITH"},{"floor":34.0,"key":"REST"},{"data":"hermit:Magnum","floor":43.0,"key":"SMITH"},{"floor":46,"key":"RECALL"},{"floor":51,"key":"REST"},{"data":"hermit:Desperado","floor":54,"key":"SMITH"}],"circlet_count":0,"master_deck":["hermit:Strike_Hermit+1","hermit:Strike_Hermit","hermit:Strike_Hermit+1","hermit:Strike_Hermit+1","hermit:Defend_Hermit+1","hermit:Defend_Hermit+1","hermit:Defend_Hermit+1","hermit:Snapshot","hermit:Covet","hermit:Quickdraw+1","hermit:Desperado","hermit:Roughhouse+1","hermit:CursedWeapon+1","hermit:Desperado+1","hermit:Determination+1","hermit:Magnum+1","hermit:Enervate+1","hermit:Deadeye+1","hermit:EyeOfTheStorm+1","hermit:GoldenBullet+1","hermit:Desperado+1","hermit:Enervate+1","Good Instincts"],"relics":["Ring of Chaos","Pen Nib","Akabeko","Replay:Baseball","Art of War","Tiny House","DemoMod:GundromedaStrain","hermit:PetGhost","Incense Burner","Snecko Heart","Orrery","Smiling Mask","Unceasing Top","Bronze Scales","Red Mask","Durian","Gremlin Food","ReplayTheSpireMod:Shallot"],"acts_visited":["Exordium","TheCity","TheBeyond","TheEnding"],"potions_floor_usage":[56,57,57],"damage_taken":[{"damage":0.0,"enemies":"2 Louse","floor":1.0,"turns":2.0},{"damage":0.0,"enemies":"Jaw Worm","floor":3.0,"turns":3.0},{"damage":22.0,"enemies":"Gremlin Nob","floor":8.0,"turns":4.0},{"damage":14.0,"enemies":"3 Sentries","floor":11.0,"turns":6.0},{"damage":0.0,"enemies":"Small Slimes","floor":13.0,"turns":1.0},{"damage":9.0,"enemies":"Lagavulin","floor":14.0,"turns":4.0},{"damage":19.0,"enemies":"The Guardian","floor":16.0,"turns":5.0},{"damage":10.0,"enemies":"Shell Parasite","floor":18.0,"turns":2.0},{"damage":2.0,"enemies":"3 Byrds","floor":20.0,"turns":5.0},{"damage":3.0,"enemies":"Centurion and Healer","floor":22.0,"turns":5.0},{"damage":2.0,"enemies":"3 Cultists","floor":26.0,"turns":3.0},{"damage":0.0,"enemies":"Snake Plant","floor":29.0,"turns":1.0},{"damage":6.0,"enemies":"Book of Stabbing","floor":33.0,"turns":3.0},{"damage":32.0,"enemies":"Champ","floor":35.0,"turns":4.0},{"damage":2.0,"enemies":"3 Darklings","floor":37.0,"turns":3.0},{"damage":8.0,"enemies":"Orb Walker","floor":40.0,"turns":2.0},{"damage":18.0,"enemies":"Nemesis","floor":42.0,"turns":5.0},{"damage":2,"enemies":"Giant Head","floor":44,"turns":5},{"damage":2,"enemies":"Mind Bloom Boss Battle","floor":48,"turns":2},{"damage":9,"enemies":"Spire Growth","floor":50,"turns":3},{"damage":32,"enemies":"Time Eater","floor":52,"turns":7},{"damage":42,"enemies":"Shield and Spear","floor":56,"turns":4},{"damage":100051,"enemies":"The Heart","floor":57,"turns":4}],"seed_played":"-9057382057465047763","potions_obtained":[{"floor":1.0,"key":"hermit:BlackBile"},{"floor":3.0,"key":"FearPotion"},{"floor":11.0,"key":"LiquidMemories"},{"floor":17.0,"key":"SteroidPotion"},{"floor":18.0,"key":"FearPotion"},{"floor":35.0,"key":"Elixir"},{"floor":40.0,"key":"Block Potion"},{"floor":44,"key":"LiquidMemories"},{"floor":50,"key":"AttackPotion"}],"is_trial":false,"path_per_floor":["M","?","M","?","?","R","?","?","T","R","E","R","M","E","R","B",null,"M","?","M","?","M","PTL","PTL","R","M","R","T","M","$","R","?","E","R","B",null,"M","$","?","M","$","E","R","E","T","R","?","?","T","M","R","B",null,"R","$","E","B"],"character_chosen":"HERMIT","items_purchased":["DemoMod:GundromedaStrain","hermit:PetGhost","hermit:Determination","Orrery","Good Instincts"],"campfire_rested":4,"item_purchase_floors":[30,30,30,41,55],"current_hp_per_floor":[75,60,60,49,49,49,49,27,27,49,35,35,35,26,48,29,80,70,70,68,68,65,65,65,65,63,63,63,63,63,63,63,57,80,48,80,78,78,78,70,70,52,52,50,50,50,50,53,53,44,69,37,85,85,85,43,0,0],"gold":42,"neow_bonus":"BOSS_RELIC","is_daily":false,"chose_seed":false,"campfire_upgraded":7,"win_rate":0.0,"timestamp":1607779968,"path_taken":["M","?","M","?","?","R","?","?","T","R","E","R","M","E","R","BOSS","M","?","M","?","?","PTL","PTL","R","M","R","T","M","$","R","?","E","R","BOSS","M","$","?","M","$","E","R","E","T","R","?","?","?","M","R","BOSS","R","$","E","BOSS"],"items_purchased_type":["Relic","Relic","Card","Relic","Card"],"build_version":"2020-11-30","purchased_purges":0,"victory":false,"max_hp_per_floor":[75,75,75,75,75,75,75,75,75,75,75,75,75,75,75,75,80,80,80,80,80,80,80,80,80,80,80,80,80,80,80,80,80,80,80,80,80,80,80,80,80,80,80,80,80,80,80,85,85,85,85,85,85,85,85,85,85,85],"card_choices":[{"not_picked":["hermit:ItchyTrigger","hermit:BigShot"],"picked":"hermit:Quickdraw","floor":1.0},{"not_picked":["hermit:TakeCover","hermit:Headshot","hermit:WideOpen"],"picked":"SKIP","floor":3.0},{"not_picked":["hermit:CursedWeapon","hermit:EyeOfTheStorm"],"picked":"hermit:Desperado","floor":8.0},{"not_picked":["hermit:FatalDesire","hermit:Dive","hermit:Ricochet"],"picked":"SKIP","floor":11.0},{"not_picked":["hermit:FlashPowder","hermit:Snipe","hermit:Coalescence"],"picked":"SKIP","floor":13.0},{"not_picked":["hermit:FromBeyond","hermit:NoHoldsBarred","hermit:Combo"],"picked":"SKIP","floor":14.0},{"not_picked":["hermit:HeroicBravado","hermit:Adapt"],"picked":"hermit:Roughhouse","floor":16.0},{"not_picked":["hermit:WideOpen","hermit:Headshot"],"picked":"hermit:CursedWeapon","floor":17.0},{"not_picked":["hermit:BigShot","hermit:GoldenBullet+1","hermit:Showdown+1"],"picked":"SKIP","floor":18.0},{"not_picked":["hermit:LowProfile","hermit:Brawl","hermit:Coalescence"],"picked":"SKIP","floor":20.0},{"not_picked":["hermit:NoHoldsBarred+1","hermit:HoleUp","hermit:Reprieve"],"picked":"SKIP","floor":22.0},{"not_picked":["hermit:BodyArmor+1","hermit:HoleUp"],"picked":"hermit:Desperado","floor":26.0},{"not_picked":["hermit:Scavenge","hermit:Midnight","hermit:DeadMansHand"],"picked":"SKIP","floor":29.0},{"not_picked":["hermit:BigShot+1","hermit:LowProfile","hermit:Roulette"],"picked":"SKIP","floor":33.0},{"not_picked":["hermit:Reprieve","hermit:OverwhelmingPower"],"picked":"hermit:Magnum","floor":35.0},{"not_picked":["hermit:WideOpen+1","hermit:LoneWolf+1","hermit:GoldenBullet+1"],"picked":"SKIP","floor":37.0},{"not_picked":["hermit:Snipe","hermit:GoldenBullet"],"picked":"hermit:Enervate+1","floor":40.0},{"not_picked":["hermit:BigShot","hermit:TakeAim"],"picked":"hermit:Deadeye+1","floor":41.0},{"not_picked":["hermit:Vantage+1","hermit:Spite+1"],"picked":"hermit:EyeOfTheStorm+1","floor":41.0},{"not_picked":["hermit:FinalCanter","hermit:Malice+1"],"picked":"hermit:GoldenBullet+1","floor":41.0},{"not_picked":["hermit:Manifest","hermit:Glare","hermit:Roulette+1"],"picked":"SKIP","floor":42.0},{"not_picked":["hermit:FlashPowder","hermit:TakeCover+1"],"picked":"hermit:Desperado","floor":44},{"not_picked":["hermit:NoHoldsBarred","hermit:PistolWhip"],"picked":"hermit:Enervate+1","floor":48},{"not_picked":["hermit:Spite","hermit:DeadMansHand","hermit:Determination+1"],"picked":"SKIP","floor":50},{"not_picked":["hermit:Cheat+1","hermit:Enervate+1","hermit:Quickdraw+1"],"picked":"SKIP","floor":56}],"player_experience":832465,"relics_obtained":[{"floor":9.0,"key":"Akabeko"},{"floor":11.0,"key":"Replay:Baseball"},{"floor":14.0,"key":"Art of War"},{"floor":33.0,"key":"Incense Burner"},{"floor":42.0,"key":"Smiling Mask"},{"floor":44,"key":"Unceasing Top"},{"floor":45,"key":"Bronze Scales"},{"floor":48,"key":"Durian"},{"floor":49,"key":"Gremlin Food"},{"floor":56,"key":"ReplayTheSpireMod:Shallot"}],"event_choices":[{"damage_healed":0.0,"max_hp_gain":0.0,"max_hp_loss":0.0,"gold_gain":0.0,"event_name":"Shining Light","player_choice":"Entered Light","floor":2.0,"gold_loss":0.0,"damage_taken":15.0,"cards_upgraded":["hermit:Strike_Hermit","hermit:Defend_Hermit"]},{"damage_healed":0.0,"max_hp_gain":0.0,"max_hp_loss":0.0,"gold_gain":75.0,"event_name":"World of Goop","player_choice":"Gather Gold","floor":4.0,"gold_loss":0.0,"damage_taken":11.0},{"cards_removed":["hermit:Defend_Hermit"],"damage_healed":0.0,"max_hp_gain":0.0,"max_hp_loss":0.0,"gold_gain":0.0,"event_name":"The Cleric","player_choice":"Card Removal","floor":5.0,"gold_loss":50.0,"damage_taken":0.0},{"damage_healed":0.0,"max_hp_gain":0.0,"max_hp_loss":0.0,"gold_gain":0.0,"event_name":"Living Wall","player_choice":"Grow","floor":7.0,"gold_loss":0.0,"damage_taken":0.0,"cards_upgraded":["hermit:Strike_Hermit"]},{"damage_healed":0.0,"max_hp_gain":0.0,"max_hp_loss":0.0,"gold_gain":0.0,"event_name":"Dead Adventurer","player_choice":"Searched \u00273\u0027 times","floor":8.0,"gold_loss":0.0,"damage_taken":0.0,"relics_obtained":["Pen Nib"]},{"damage_healed":0.0,"max_hp_gain":0.0,"max_hp_loss":0.0,"gold_gain":0.0,"event_name":"Accursed Blacksmith","player_choice":"Forge","floor":21.0,"gold_loss":0.0,"damage_taken":0.0,"cards_upgraded":["hermit:CursedWeapon"]},{"damage_healed":0.0,"max_hp_gain":0.0,"max_hp_loss":0.0,"gold_gain":0.0,"event_name":"Vampires","player_choice":"Ignored","floor":32.0,"gold_loss":0.0,"damage_taken":0.0},{"damage_healed":0,"gold_gain":0,"player_choice":"Paid","damage_taken":0,"relics_obtained":["Red Mask"],"max_hp_gain":0,"max_hp_loss":0,"event_name":"Tomb of Lord Red Mask","floor":47,"gold_loss":78},{"damage_healed":0,"gold_gain":0,"player_choice":"Fight","damage_taken":0,"max_hp_gain":0,"max_hp_loss":0,"event_name":"MindBloom","floor":48,"gold_loss":0}],"is_beta":false,"boss_relics":[{"not_picked":["hermit:DentedPlate","Replay:Drink Me"],"picked":"Tiny House"},{"not_picked":["Calling Bell","ChewingGum"],"picked":"Snecko Heart"}],"items_purged_floors":[],"is_endless":false,"potions_floor_spawned":[1,3,11,18,20,35,40,44,50],"killed_by":"The Heart","ascension_level":1}}