{"host":"iuz15hczu39z2x63","time":1607796550,"event":{"mods":["Act Like it!","BaseMod","Gensokyo","Minty Spire (QoL Compilation)","Remilia£®¿Ÿ√◊¿Ú—«£©","StSLib"],"gold_per_floor":[109,109,126,51,62,62,94,175,175,175,175,175,175,198,198,300,300,320,200,200,216,39,72,72,72,126,154,173,173,201,201,201,297,297,309,309,309,309,359,387,387,387,387,416,433,462,462,478,478,478,478,478,58,90,90],"floor_reached":56,"playtime":1862,"items_purged":["Strike_RM","Defend_RM","ScarletShoot"],"score":2170,"play_id":"376bf994-7a28-4d96-a5f9-19f07f975ef9","local_time":"20201213020910","is_ascension_mode":true,"campfire_choices":[{"data":"EternalNight","floor":6,"key":"SMITH"},{"data":"NightDance","floor":10,"key":"SMITH"},{"data":"BombardNight","floor":15,"key":"SMITH"},{"data":"VampireClaw","floor":24,"key":"SMITH"},{"data":"BloodyMagicSquare","floor":29,"key":"SMITH"},{"data":"BatForm","floor":32,"key":"SMITH"},{"data":"HeartBreak","floor":41,"key":"SMITH"},{"data":"ChaoticDestiny","floor":47,"key":"SMITH"},{"floor":49,"key":"RECALL"},{"data":"ScarletMeister","floor":52,"key":"SMITH"}],"circlet_count":0,"master_deck":["AscendersBane","Strike_RM","Defend_RM","RedMoon+1","BombardNight+1","EternalNight+1","NightDance+1","Gensokyo:CrescentMoonSlash","ScarletMeister+1","RedMagic+1","VampireClaw+1","NightDance+1","BloodyMagicSquare+1","BatForm+1","Septette+1","HeartBreak+1","ChaoticDestiny+1","GlobalNightmare+1","SuperhumanBloodyKnife+1","BatForm"],"relics":["ScarletHat","Omamori","White Beast Statue","Happy Flower","PreservedInsect","Cursed Key","Gensokyo:FoxMask","Gensokyo:SongOfSouls","Toy Ornithopter","Strawberry","Bird Faced Urn","Sozu","Unceasing Top","Vajra","Meat on the Bone","Potion Belt","Molten Egg 2","Orrery","Bag of Preparation","Bronze Scales"],"acts_visited":["Gensokyo:Gensokyo","Gensokyo:Gensokyoer","TheBeyond","TheEnding"],"potions_floor_usage":[16,16,23,55],"damage_taken":[{"damage":3,"enemies":"Gensokyo:Gryphon","floor":1,"turns":4},{"damage":8,"enemies":"Gensokyo:3_Fairies","floor":3,"turns":6},{"damage":0,"enemies":"Gensokyo:Python","floor":5,"turns":5},{"damage":13,"enemies":"Gensokyo:Mamizou","floor":7,"turns":8},{"damage":31,"enemies":"Gensokyo:Kokoro","floor":16,"turns":14},{"damage":0,"enemies":"Gensokyo:2_Gloops","floor":18,"turns":3},{"damage":0,"enemies":"Gensokyo:3_Dogs","floor":21,"turns":1},{"damage":22,"enemies":"Gensokyo:Tenshi","floor":23,"turns":3},{"damage":31,"enemies":"Gensokyo:Reisen","floor":27,"turns":4},{"damage":22,"enemies":"Gensokyo:Chomper_and_Gloop","floor":28,"turns":4},{"damage":20,"enemies":"Gensokyo:Tenshi","floor":30,"turns":2},{"damage":14,"enemies":"Gensokyo:Kaguya","floor":33,"turns":7},{"damage":43,"enemies":"Orb Walker","floor":35,"turns":3},{"damage":30,"enemies":"Mind Bloom Boss Battle","floor":39,"turns":4},{"damage":21,"enemies":"Nemesis","floor":40,"turns":1},{"damage":16,"enemies":"Reptomancer","floor":44,"turns":1},{"damage":14,"enemies":"3 Shapes","floor":45,"turns":5},{"damage":19,"enemies":"Giant Head","floor":46,"turns":5},{"damage":33,"enemies":"Sphere and 2 Shapes","floor":48,"turns":3},{"damage":23,"enemies":"Donu and Deca","floor":50,"turns":5},{"damage":61,"enemies":"Shield and Spear","floor":54,"turns":2},{"damage":68,"enemies":"The Heart","floor":55,"turns":4}],"seed_played":"-8159924861202693893","potions_obtained":[{"floor":1,"key":"Swift Potion"},{"floor":3,"key":"EssenceOfSteel"},{"floor":16,"key":"Fire Potion"},{"floor":18,"key":"Explosive Potion"},{"floor":21,"key":"SkillPotion"},{"floor":23,"key":"Explosive Potion"},{"floor":28,"key":"DistilledChaos"},{"floor":30,"key":"DuplicationPotion"}],"is_trial":false,"path_per_floor":["M","?","M","$","M","R","E","T","T","R","?","?","?","T","R","B",null,"M","?","?","M","$","E","R","?","T","E","M","R","E","$","R","B",null,"M","?","?","$","?","E","R","?","T","E","M","E","R","M","R","B",null,"R","$","E","B",null],"character_chosen":"REMILIA","items_purchased":["VampireClaw","Orrery","Bag of Preparation"],"campfire_rested":0,"item_purchase_floors":[22,53,53],"current_hp_per_floor":[68,68,60,60,64,64,55,55,55,55,48,55,23,23,23,7,63,65,65,65,67,67,58,58,58,58,43,39,39,28,28,28,40,86,59,59,59,59,42,31,31,31,31,27,37,58,58,45,45,60,106,106,106,71,69],"gold":90,"neow_bonus":"UPGRADE_CARD","is_daily":false,"chose_seed":false,"campfire_upgraded":9,"win_rate":0.0,"timestamp":1607796550,"path_taken":["M","?","?","?","?","R","E","?","T","R","?","?","?","?","R","BOSS","M","?","?","?","$","E","R","?","T","E","M","R","E","$","R","BOSS","M","?","?","$","?","E","R","?","T","E","M","E","R","M","R","BOSS","R","$","E","BOSS"],"items_purchased_type":["Card","Relic","Relic"],"build_version":"2020-11-30","purchased_purges":3,"victory":true,"max_hp_per_floor":[75,75,75,75,75,75,75,75,75,75,75,82,82,82,82,82,82,82,82,82,82,82,86,86,86,86,93,97,97,101,101,101,101,101,105,105,105,105,105,109,109,109,109,109,109,113,113,117,117,121,121,121,121,125,125],"card_choices":[{"not_picked":["ScarletDream","BloodHunter"],"picked":"BombardNight","floor":1},{"not_picked":["VampireKiss","UnderTheZenith"],"picked":"EternalNight","floor":3},{"not_picked":["FavorOfDestiny","CharismaGuard"],"picked":"NightDance","floor":5},{"not_picked":["EndlessAdversity","StarOfDavid","BloodHunter"],"picked":"SKIP","floor":7},{"not_picked":["ForecastOfChange","DemonKingCradle"],"picked":"ScarletMeister","floor":16},{"not_picked":["BloodyTrap","MastersStateliness"],"picked":"RedMagic+1","floor":18},{"not_picked":["RedRainbow+1","ScarletGensokyo+1","ScarletDevil"],"picked":"SKIP","floor":21},{"not_picked":["MillenniumVampire","EmergencyRegeneration+1"],"picked":"NightDance+1","floor":23},{"not_picked":["ChainGang","DiffusionOfMisfortune"],"picked":"BatForm","floor":27},{"not_picked":["EmergencyRegeneration","ScarletGensokyo","RedRainbow"],"picked":"SKIP","floor":28},{"not_picked":["ScarletDevil","BloodHunter+1"],"picked":"Septette+1","floor":30},{"not_picked":["BloodyHallows","HellCatastrophe"],"picked":"HeartBreak","floor":33},{"not_picked":["VampireFantasy+1","UnstableMagic+1","RedRainbow+1"],"picked":"SKIP","floor":35},{"not_picked":["ScarletDevil","KillingBlow","MastersStateliness+1"],"picked":"SKIP","floor":40},{"not_picked":["ScarletImprint+1","DiffusionOfMisfortune+1"],"picked":"ChaoticDestiny","floor":44},{"not_picked":["Stigmanizer+1","UnderTheZenith+1","StarOfDavid"],"picked":"SKIP","floor":45},{"not_picked":["ScarletImprint+1","MastersStateliness+1","UnderTheZenith+1"],"picked":"SKIP","floor":46},{"not_picked":["ScarletImprint+1","MastersStateliness+1","UnderTheZenith+1"],"picked":"SKIP","floor":46},{"not_picked":["UnstableMagic","Maim+1","EndlessAdversity+1"],"picked":"SKIP","floor":48},{"not_picked":["BadLadyScramble+1","Stigmanizer+1"],"picked":"GlobalNightmare+1","floor":53},{"not_picked":["BlasphemousPunishment+1","StarOfDavid+1"],"picked":"SuperhumanBloodyKnife+1","floor":53},{"not_picked":["LeisurelyOfLord+1","Stigmanizer+1"],"picked":"BatForm","floor":54}],"player_experience":691905,"relics_obtained":[{"floor":7,"key":"Omamori"},{"floor":8,"key":"White Beast Statue"},{"floor":9,"key":"Happy Flower"},{"floor":14,"key":"PreservedInsect"},{"floor":23,"key":"Toy Ornithopter"},{"floor":27,"key":"Strawberry"},{"floor":30,"key":"Bird Faced Urn"},{"floor":39,"key":"Unceasing Top"},{"floor":40,"key":"Vajra"},{"floor":43,"key":"Meat on the Bone"},{"floor":44,"key":"Potion Belt"},{"floor":46,"key":"Molten Egg 2"},{"floor":54,"key":"Bronze Scales"}],"event_choices":[{"cards_removed":["Defend_RM"],"damage_healed":0,"gold_gain":0,"player_choice":"Removed Skill","damage_taken":0,"max_hp_gain":0,"max_hp_loss":0,"event_name":"Falling","floor":36,"gold_loss":0},{"damage_healed":0,"gold_gain":0,"player_choice":"Ignored","damage_taken":0,"max_hp_gain":0,"max_hp_loss":0,"event_name":"Tomb of Lord Red Mask","floor":37,"gold_loss":0},{"damage_healed":0,"gold_gain":0,"player_choice":"Fight","damage_taken":0,"max_hp_gain":0,"max_hp_loss":0,"event_name":"MindBloom","floor":39,"gold_loss":0},{"damage_healed":0,"gold_gain":0,"player_choice":"Memory 1","damage_taken":0,"max_hp_gain":0,"max_hp_loss":0,"event_name":"SensoryStone","floor":42,"gold_loss":0}],"is_beta":false,"boss_relics":[{"not_picked":["Snecko Eye","Fusion Hammer"],"picked":"Cursed Key"},{"not_picked":["APieceOfRedMist","Runic Dome"],"picked":"Sozu"}],"items_purged_floors":[4,22,53],"is_endless":false,"potions_floor_spawned":[1,3,16,18,21,23,27,28,30,33,35,39,40,44,45,46,48,54],"ascension_level":11}}