{"host":"se2kry7a7ac49ar7","time":1607762698,"event":{"mods":["BaseMod","Bestiary","Minty Spire (QoL Compilation)","StSLib"],"gold_per_floor":[113,124,124,137,155,189,204,239,239,251,283,283,233,266,266,363,363,380,412,412,427,439,472,472,501,501,501,512,539,278,291,291,386,386,401,415,109,159,179,208,220,248,248,248,259,259,481,46,46,46],"floor_reached":51,"playtime":4291,"items_purged":[],"score":1201,"play_id":"98da278e-a6a7-4d98-ad36-f73dfd6dc764","local_time":"20201212004458","is_ascension_mode":true,"campfire_choices":[{"data":"Halt","floor":15,"key":"SMITH"},{"data":"Protect","floor":24,"key":"SMITH"},{"data":"Protect","floor":27,"key":"SMITH"},{"data":"SandsOfTime","floor":32,"key":"SMITH"},{"floor":44,"key":"DIG"},{"floor":46,"key":"DIG"},{"floor":49,"key":"DIG"}],"circlet_count":0,"master_deck":["Strike_P","Strike_P","Strike_P","Strike_P","Defend_P","Defend_P","Eruption","Vigilance","SandsOfTime+1","SashWhip","Halt+1","Swivel","Adaptation","Wallop","WreathOfFlame","Halt","Protect+1","Vault","Vault","Vault","Protect+1","Omniscience+1","CurseOfTheBell","Tantrum+1","DeusExMachina+1"],"relics":["PureWater","NeowsBlessing","Blood Vial","Akabeko","Gremlin Horn","HornCleat","Singing Bowl","Turnip","Snecko Eye","Red Mask","Boot","Torii","Vajra","Nunchaku","Toxic Egg 2","Calling Bell","Toy Ornithopter","StrikeDummy","Unceasing Top","Thread and Needle","Shovel","Ice Cream","Orichalcum","The Courier","Oddly Smooth Stone","Regal Pillow","Sundial","Happy Flower","Ancient Tea Set","Damaru"],"acts_visited":["Exordium","TheCity","TheBeyond"],"potions_floor_usage":[8,11,14,23,33,38,40,50,50,50],"damage_taken":[{"damage":0,"enemies":"Small Slimes","floor":1,"turns":1},{"damage":0,"enemies":"Cultist","floor":2,"turns":1},{"damage":0,"enemies":"2 Louse","floor":4,"turns":1},{"damage":0,"enemies":"2 Fungi Beasts","floor":5,"turns":3},{"damage":12,"enemies":"3 Sentries","floor":6,"turns":9},{"damage":1,"enemies":"Red Slaver","floor":7,"turns":3},{"damage":15,"enemies":"Gremlin Nob","floor":8,"turns":3},{"damage":0,"enemies":"Gremlin Gang","floor":10,"turns":3},{"damage":2,"enemies":"3 Sentries","floor":11,"turns":3},{"damage":0,"enemies":"Gremlin Nob","floor":14,"turns":3},{"damage":33,"enemies":"Hexaghost","floor":16,"turns":14},{"damage":9,"enemies":"2 Thieves","floor":18,"turns":4},{"damage":0,"enemies":"Masked Bandits","floor":19,"turns":3},{"damage":0,"enemies":"Spheric Guardian","floor":21,"turns":3},{"damage":0,"enemies":"Cultist and Chosen","floor":22,"turns":3},{"damage":0,"enemies":"Slavers","floor":23,"turns":4},{"damage":0,"enemies":"Book of Stabbing","floor":25,"turns":4},{"damage":0,"enemies":"Snake Plant","floor":28,"turns":2},{"damage":0,"enemies":"Gremlin Leader","floor":29,"turns":5},{"damage":0,"enemies":"Sentry and Sphere","floor":31,"turns":5},{"damage":8,"enemies":"Champ","floor":33,"turns":11},{"damage":0,"enemies":"Orb Walker","floor":35,"turns":1},{"damage":0,"enemies":"3 Shapes","floor":36,"turns":2},{"damage":0,"enemies":"Mind Bloom Boss Battle","floor":38,"turns":3},{"damage":1,"enemies":"Maw","floor":39,"turns":6},{"damage":27,"enemies":"Giant Head","floor":40,"turns":10},{"damage":0,"enemies":"Spire Growth","floor":41,"turns":2},{"damage":16,"enemies":"Nemesis","floor":42,"turns":7},{"damage":1,"enemies":"Jaw Worm Horde","floor":45,"turns":4},{"damage":34,"enemies":"Awakened One","floor":50,"turns":10}],"seed_played":"5746401352625392933","potions_obtained":[{"floor":2,"key":"Energy Potion"},{"floor":4,"key":"Fire Potion"},{"floor":6,"key":"DuplicationPotion"},{"floor":19,"key":"StancePotion"},{"floor":21,"key":"Weak Potion"},{"floor":23,"key":"SkillPotion"},{"floor":29,"key":"Fire Potion"},{"floor":38,"key":"LiquidBronze"},{"floor":39,"key":"SteroidPotion"},{"floor":45,"key":"LiquidMemories"}],"is_trial":false,"path_per_floor":["M","M","?","M","M","E","M","E","T","M","E","?","?","E","R","B",null,"M","?","?","M","M","E","R","E","T","R","M","E","$","M","R","B",null,"M","M","$","?","M","E","M","E","T","R","M","R","?","$","R","B",null],"character_chosen":"WATCHER","items_purchased":["Toxic Egg 2","Thread and Needle","Sundial","Happy Flower","Ancient Tea Set"],"campfire_rested":0,"item_purchase_floors":[30,37,48,48,48],"current_hp_per_floor":[65,65,65,65,65,53,54,41,41,43,43,36,36,38,38,7,56,51,55,55,59,63,65,65,69,69,69,73,77,77,81,81,75,85,89,90,90,92,91,72,76,64,64,64,67,67,67,67,67,50],"gold":46,"neow_bonus":"THREE_ENEMY_KILL","is_daily":false,"chose_seed":false,"campfire_upgraded":4,"win_rate":0.0,"timestamp":1607762698,"path_taken":["M","M","?","M","M","E","M","E","T","?","E","?","?","E","R","BOSS","M","?","?","M","?","E","R","E","T","R","?","E","$","M","R","BOSS","M","M","$","?","M","E","M","E","T","R","M","R","?","?","R","BOSS"],"items_purchased_type":["Relic","Relic","Relic","Relic","Relic"],"build_version":"2020-11-30","purchased_purges":0,"victory":true,"max_hp_per_floor":[72,72,72,72,72,72,72,72,72,72,72,72,72,72,72,72,72,74,76,76,78,80,80,80,82,82,82,84,86,86,88,88,88,88,90,90,90,92,92,94,96,98,98,98,100,100,100,100,100,100],"card_choices":[{"not_picked":["CutThroughFate","EmptyFist"],"picked":"SandsOfTime","floor":1},{"not_picked":["Prostrate","ClearTheMind"],"picked":"SashWhip","floor":2},{"not_picked":["EmptyFist","FlyingSleeves"],"picked":"Halt","floor":4},{"not_picked":["FollowUp","JustLucky"],"picked":"Swivel","floor":5},{"not_picked":["InnerPeace","PathToVictory"],"picked":"Adaptation","floor":6},{"not_picked":["DeceiveReality","CrushJoints"],"picked":"Wallop","floor":7},{"not_picked":["PathToVictory","Collect"],"picked":"WreathOfFlame","floor":8},{"not_picked":["ClearTheMind","BattleHymn"],"picked":"Halt","floor":10},{"not_picked":["Perseverance","Consecrate"],"picked":"Protect","floor":11},{"not_picked":["Halt","Indignation"],"picked":"Vault","floor":14},{"not_picked":["ConjureBlade","Judgement"],"picked":"Vault","floor":16},{"not_picked":["JustLucky","DeceiveReality","FollowUp"],"picked":"Singing Bowl","floor":18},{"not_picked":["Fasting2","Consecrate","CutThroughFate"],"picked":"Singing Bowl","floor":19},{"not_picked":["ClearTheMind","Fasting2+1","Crescendo"],"picked":"Singing Bowl","floor":21},{"not_picked":["Crescendo","FlurryOfBlows","CarveReality+1"],"picked":"Singing Bowl","floor":22},{"not_picked":["BowlingBash","SignatureMove"],"picked":"Protect","floor":23},{"not_picked":["Protect","FlurryOfBlows+1","FlyingSleeves+1"],"picked":"Singing Bowl","floor":25},{"not_picked":["Sanctity","Worship","ClearTheMind"],"picked":"Singing Bowl","floor":28},{"not_picked":["EmptyFist","EmptyBody","ForeignInfluence"],"picked":"Singing Bowl","floor":29},{"not_picked":["ThirdEye+1","Crescendo+1","Collect+1"],"picked":"Singing Bowl","floor":31},{"not_picked":["Blasphemy+1","DevaForm"],"picked":"Omniscience+1","floor":33},{"not_picked":["ThirdEye+1","CrushJoints+1","WaveOfTheHand+1"],"picked":"Singing Bowl","floor":35},{"not_picked":["CutThroughFate+1","Halt+1"],"picked":"Tantrum+1","floor":36},{"not_picked":["EmptyBody+1","Wallop","PathToVictory+1"],"picked":"Singing Bowl","floor":38},{"not_picked":["Perseverance+1","FearNoEvil"],"picked":"DeusExMachina+1","floor":39},{"not_picked":["CrushJoints","EmptyMind+1","ThirdEye+1"],"picked":"Singing Bowl","floor":40},{"not_picked":["EmptyBody+1","BowlingBash+1","CutThroughFate+1"],"picked":"Singing Bowl","floor":41},{"not_picked":["EmptyFist+1","CutThroughFate+1","CarveReality+1"],"picked":"Singing Bowl","floor":42},{"not_picked":["PathToVictory+1","CrushJoints","Collect+1"],"picked":"Singing Bowl","floor":45}],"player_experience":625443,"relics_obtained":[{"floor":6,"key":"Blood Vial"},{"floor":8,"key":"Akabeko"},{"floor":9,"key":"Gremlin Horn"},{"floor":11,"key":"HornCleat"},{"floor":14,"key":"Turnip"},{"floor":19,"key":"Red Mask"},{"floor":23,"key":"Boot"},{"floor":25,"key":"Torii"},{"floor":26,"key":"Vajra"},{"floor":29,"key":"Nunchaku"},{"floor":34,"key":"Toy Ornithopter"},{"floor":34,"key":"StrikeDummy"},{"floor":34,"key":"Unceasing Top"},{"floor":38,"key":"Shovel"},{"floor":40,"key":"Ice Cream"},{"floor":42,"key":"Orichalcum"},{"floor":43,"key":"The Courier"},{"floor":44,"key":"Oddly Smooth Stone"},{"floor":46,"key":"Regal Pillow"},{"floor":49,"key":"Damaru"}],"event_choices":[{"cards_removed":["Defend_P"],"damage_healed":0,"gold_gain":0,"player_choice":"Purged","damage_taken":0,"max_hp_gain":0,"max_hp_loss":0,"event_name":"Purifier","floor":3,"gold_loss":0},{"damage_healed":0,"gold_gain":0,"player_choice":"Success","damage_taken":7,"relics_obtained":["Singing Bowl"],"max_hp_gain":0,"max_hp_loss":0,"event_name":"Scrap Ooze","floor":12,"gold_loss":0},{"cards_removed":["Defend_P"],"damage_healed":0,"gold_gain":0,"player_choice":"Card Removal","damage_taken":0,"max_hp_gain":0,"max_hp_loss":0,"event_name":"The Cleric","floor":13,"gold_loss":50},{"damage_healed":0,"gold_gain":0,"player_choice":"Fought Bandits","damage_taken":0,"max_hp_gain":0,"max_hp_loss":0,"event_name":"Masked Bandits","floor":19,"gold_loss":0},{"damage_healed":0,"gold_gain":0,"player_choice":"Copied","damage_taken":0,"max_hp_gain":0,"max_hp_loss":0,"event_name":"Duplicator","floor":20,"gold_loss":0,"cards_obtained":["Vault"]},{"damage_healed":0,"gold_gain":0,"player_choice":"Fight","damage_taken":0,"max_hp_gain":0,"max_hp_loss":0,"event_name":"MindBloom","floor":38,"gold_loss":0},{"damage_healed":0,"gold_gain":222,"player_choice":"Wore Mask","damage_taken":0,"max_hp_gain":0,"max_hp_loss":0,"event_name":"Tomb of Lord Red Mask","floor":47,"gold_loss":0}],"is_beta":false,"boss_relics":[{"not_picked":["Astrolabe","HolyWater"],"picked":"Snecko Eye"},{"not_picked":["VioletLotus","Empty Cage"],"picked":"Calling Bell"}],"items_purged_floors":[],"is_endless":false,"potions_floor_spawned":[2,4,6,7,19,21,23,29,38,39,45],"ascension_level":6}}