{"host":"ow9msrs9p2ctkx99","time":1607813710,"event":{"mods":["AchievementEnabler","BaseMod","Colored Map","Colored Powertips","Minty Spire (QoL Compilation)","Permanent Neow","Quick Restart","SuperFastMode"],"gold_per_floor":[115,190,190,465,481,481,184,197,249,249,276,291,168,202,202,202,202],"floor_reached":16,"playtime":892,"items_purged":["Regret","Regret"],"score":172,"play_id":"642679a0-531f-4196-bc05-d11fd37b0fa5","local_time":"20201212235510","is_ascension_mode":true,"campfire_choices":[{"data":"Dagger Spray","floor":6,"key":"SMITH"},{"data":"Cloak And Dagger","floor":10,"key":"SMITH"},{"floor":15,"key":"REST"}],"circlet_count":0,"master_deck":["AscendersBane","Strike_G","Strike_G","Strike_G","Strike_G","Strike_G","Defend_G","Defend_G","Defend_G","Defend_G","Defend_G","Survivor","Neutralize","Poisoned Stab","Dagger Spray+1","Cloak And Dagger+1","Blade Dance","Footwork","PiercingWail","Deflect","Dagger Throw"],"relics":["Ring of the Snake","Bronze Scales","MealTicket","Vajra","Dream Catcher","Pen Nib","Tiny Chest"],"acts_visited":["Exordium"],"potions_floor_usage":[16],"damage_taken":[{"damage":7,"enemies":"2 Louse","floor":1,"turns":3},{"damage":14,"enemies":"Jaw Worm","floor":5,"turns":4},{"damage":3,"enemies":"Small Slimes","floor":8,"turns":2},{"damage":7,"enemies":"Exordium Thugs","floor":12,"turns":3},{"damage":33,"enemies":"Gremlin Nob","floor":14,"turns":4},{"damage":35,"enemies":"Slime Boss","floor":16,"turns":7}],"seed_played":"3729325435400686984","potions_obtained":[{"floor":5,"key":"SkillPotion"}],"is_trial":false,"path_per_floor":["M","?","?","?","M","R","$","M","T","R","T","M","$","E","R","B"],"character_chosen":"THE_SILENT","items_purchased":["Vajra","Cloak And Dagger","Blade Dance","Deflect"],"campfire_rested":1,"item_purchase_floors":[7,7,7,13],"current_hp_per_floor":[52,41,41,41,27,27,42,39,39,39,39,32,47,14,33,0,0],"gold":202,"neow_bonus":"RANDOM_COMMON_RELIC","is_daily":false,"chose_seed":false,"campfire_upgraded":2,"win_rate":0.0,"timestamp":1607813710,"path_taken":["M","?","?","?","?","R","$","M","T","R","?","M","$","E","R","BOSS"],"items_purchased_type":["Relic","Card","Card","Card"],"build_version":"2020-11-30","purchased_purges":2,"victory":false,"max_hp_per_floor":[66,66,66,66,66,66,66,66,66,66,66,66,66,66,66,66,66],"card_choices":[{"not_picked":["Backflip","Reflex"],"picked":"Poisoned Stab","floor":1},{"not_picked":["Backflip","Reflex"],"picked":"Dagger Spray","floor":5},{"not_picked":["Skewer","Outmaneuver"],"picked":"Footwork","floor":8},{"not_picked":["Quick Slash","Endless Agony"],"picked":"PiercingWail","floor":12},{"not_picked":["Flechettes","Dagger Spray","Blade Dance"],"picked":"SKIP","floor":14},{"not_picked":["Heel Hook","Eviscerate"],"picked":"Dagger Throw","floor":15}],"player_experience":968253,"relics_obtained":[{"floor":9,"key":"Dream Catcher"},{"floor":11,"key":"Pen Nib"},{"floor":14,"key":"Tiny Chest"}],"event_choices":[{"damage_healed":0,"gold_gain":75,"player_choice":"Gather Gold","damage_taken":11,"max_hp_gain":0,"max_hp_loss":0,"event_name":"World of Goop","floor":2,"gold_loss":0},{"damage_healed":0,"gold_gain":0,"player_choice":"Box","damage_taken":0,"relics_obtained":["MealTicket"],"max_hp_gain":0,"max_hp_loss":0,"event_name":"Big Fish","floor":3,"gold_loss":0,"cards_obtained":["Regret"]},{"damage_healed":0,"gold_gain":275,"player_choice":"Desecrate","damage_taken":0,"max_hp_gain":0,"max_hp_loss":0,"event_name":"Golden Shrine","floor":4,"gold_loss":0,"cards_obtained":["Regret"]}],"is_beta":false,"boss_relics":[],"items_purged_floors":[7,13],"is_endless":false,"potions_floor_spawned":[5],"killed_by":"Slime Boss","ascension_level":15}}