{"host":"0vd2boh2oi7jm085","time":1607765322,"event":{"mods":["BaseMod","Colored Map","Colored Powertips","Highlight Path","Minty Spire (QoL Compilation)","Quick Restart","StSLib","The IronCluck"],"gold_per_floor":[114,114,23,35,35,35,47,47,47,77,95,95,111,261,261,261,261],"floor_reached":16,"playtime":567,"items_purged":[],"score":180,"play_id":"fab71b0a-3b57-4607-aa9b-5e823eb15e09","local_time":"20201212012842","is_ascension_mode":true,"campfire_choices":[{"floor":6.0,"key":"REST"},{"data":"Whirlwind","floor":8.0,"key":"SMITH"},{"floor":12.0,"key":"REST"},{"floor":15.0,"key":"REST"}],"circlet_count":0,"master_deck":["AscendersBane","Strike_R","Strike_R","Strike_R","Strike_R","Strike_R","Defend_R","Defend_R","Defend_R","Defend_R","Bash","Flex","Enlightenment","Whirlwind+1","Limit Break","Doubt"],"relics":["Burning Blood","Potion Belt","White Beast Statue","StoneCalendar"],"acts_visited":["Exordium"],"potions_floor_usage":[16,16,16],"damage_taken":[{"damage":10.0,"enemies":"Cultist","floor":1.0,"turns":5.0},{"damage":7.0,"enemies":"Small Slimes","floor":4.0,"turns":4.0},{"damage":16.0,"enemies":"Jaw Worm","floor":7.0,"turns":5.0},{"damage":45.0,"enemies":"Lagavulin","floor":10.0,"turns":6.0},{"damage":0.0,"enemies":"2 Fungi Beasts","floor":11.0,"turns":2.0},{"damage":21.0,"enemies":"Lots of Slimes","floor":13.0,"turns":3.0},{"damage":88,"enemies":"Hexaghost","floor":16,"turns":10}],"seed_played":"7783969909688270864","potions_obtained":[{"floor":10.0,"key":"Fire Potion"},{"floor":11.0,"key":"BloodPotion"},{"floor":13.0,"key":"BloodPotion"}],"is_trial":false,"path_per_floor":["M","?","$","M","?","R","M","R","T","E","M","R","M","?","R","B"],"character_chosen":"IRONCLAD","items_purchased":["Enlightenment"],"campfire_rested":3,"item_purchase_floors":[3],"current_hp_per_floor":[64,64,64,63,52,74,64,64,64,25,31,53,38,38,60,2,2],"gold":261,"neow_bonus":"RANDOM_COMMON_RELIC","is_daily":false,"chose_seed":false,"campfire_upgraded":1,"win_rate":0.0,"timestamp":1607765322,"path_taken":["M","?","$","M","?","R","M","R","T","E","?","R","M","?","R","BOSS"],"items_purchased_type":["Card"],"build_version":"2020-11-30","purchased_purges":0,"victory":false,"max_hp_per_floor":[75,75,75,75,75,75,75,75,75,75,75,75,75,75,75,75,75],"card_choices":[{"not_picked":["Twin Strike","Wild Strike"],"picked":"Flex","floor":1.0},{"not_picked":["Iron Wave","Sword Boomerang","Warcry"],"picked":"SKIP","floor":4.0},{"not_picked":["Armaments","Pummel"],"picked":"Whirlwind","floor":7.0},{"not_picked":["Iron Wave","Wild Strike"],"picked":"Limit Break","floor":10.0},{"not_picked":["Evolve","Pummel","Hemokinesis"],"picked":"SKIP","floor":11.0},{"not_picked":["Reckless Charge","True Grit","Cleave"],"picked":"SKIP","floor":13.0}],"player_experience":75866,"relics_obtained":[{"floor":9.0,"key":"White Beast Statue"},{"floor":10.0,"key":"StoneCalendar"}],"event_choices":[{"damage_healed":0.0,"max_hp_gain":0.0,"max_hp_loss":0.0,"gold_gain":0.0,"event_name":"Shining Light","player_choice":"Ignored","floor":2.0,"gold_loss":0.0,"damage_taken":0.0},{"damage_healed":0.0,"max_hp_gain":0.0,"max_hp_loss":0.0,"gold_gain":0.0,"event_name":"Wheel of Change","player_choice":"Damaged","floor":5.0,"gold_loss":0.0,"damage_taken":11.0},{"damage_healed":0.0,"max_hp_gain":0.0,"max_hp_loss":0.0,"gold_gain":150.0,"event_name":"Liars Game","player_choice":"AGREE","floor":14.0,"gold_loss":0.0,"damage_taken":0.0,"cards_obtained":["Doubt"]}],"is_beta":false,"boss_relics":[],"items_purged_floors":[],"is_endless":false,"potions_floor_spawned":[10,11,13],"killed_by":"Hexaghost","ascension_level":16}}