{"host":"otf1z5955ddlv5pq","time":1607814791,"event":{"mods":["BaseMod","Beaked The Cultist","Better Altar","Better Match","Better Note","Better Sensory Stone","Better Skull","Better Third Choice","Colored Map","Colored Powertips","Downfall","Minty Spire (QoL Compilation)","Rare Cards Sparkle","Replay The Spire","StSLib"],"gold_per_floor":[110,110,110,129,146,146,156,156,156,81,81,1,33,94,94,197,197,207,207,207,107,107,140,140,140,140,140,15,33,68,68,68,168,168,188,206,206,506,526,526,542,542,565,583,612,612,632,651,651,651],"floor_reached":51,"playtime":10375,"items_purged":["Strike_B","Voices","CommonCold"],"score":861,"play_id":"a1a73518-402f-4ea0-9f82-e44c707ba3bb","local_time":"20201212151311","is_ascension_mode":false,"campfire_choices":[{"data":"Zap","floor":6.0,"key":"SMITH"},{"floor":8,"key":"REST"},{"data":"Defragment","floor":11,"key":"SMITH"},{"floor":15,"key":"REST"},{"floor":25,"key":"REST"},{"floor":27,"key":"REST"},{"floor":32,"key":"REST"},{"data":"Storm","floor":40,"key":"SMITH"},{"floor":42,"key":"REST"},{"data":"Seek","floor":46,"key":"SMITH"},{"data":"Loop","floor":49,"key":"SMITH"}],"circlet_count":0,"master_deck":["Defend_B","Zap+1","Dualcast","Storm+1","Defragment+1","ReplayTheSpireMod:Calculation Training","Go for the Eyes+1","Self Repair","Loop+1","Capacitor","Electrodynamics","Lockon+1","Chill","Go for the Eyes+1","Undo","Mirror Shield","Steam","Defragment+1","Leap+1","Ball Lightning+1","Seek+1","Buffer"],"relics":["Cracked Core","Ancient Tea Set","Question Card","Kintsugi","MutagenicStrength","Art of War","Blue Candle","Blood Vial","ReplayFunnel","Ornamental Fan","Old Coin","Whetstone","Anchor"],"acts_visited":["Exordium","TheCity","TheBeyond"],"potions_floor_usage":[13,13,16,16,16,48,50],"damage_taken":[{"damage":4.0,"enemies":"2 Louse","floor":1.0,"turns":3.0},{"damage":6.0,"enemies":"Jaw Worm","floor":4.0,"turns":4.0},{"damage":1.0,"enemies":"Cultist","floor":5.0,"turns":3.0},{"damage":15,"enemies":"Red Slaver","floor":7,"turns":4},{"damage":10,"enemies":"3 Sentries","floor":13,"turns":4},{"damage":9,"enemies":"The Guardian","floor":16,"turns":6},{"damage":28,"enemies":"Shell Parasite","floor":18,"turns":4},{"damage":37,"enemies":"Book of Stabbing","floor":23,"turns":4},{"damage":0,"enemies":"Spheric Guardian","floor":29,"turns":3},{"damage":34,"enemies":"Slavers","floor":30,"turns":4},{"damage":7,"enemies":"Pondfish","floor":33,"turns":8},{"damage":0,"enemies":"3 Darklings","floor":35,"turns":4},{"damage":6,"enemies":"3 Shapes","floor":36,"turns":4},{"damage":0,"enemies":"Jaw Worm Horde","floor":39,"turns":2},{"damage":0,"enemies":"4 Shapes","floor":41,"turns":1},{"damage":0,"enemies":"Transient","floor":44,"turns":5},{"damage":4,"enemies":"Giant Head","floor":45,"turns":8},{"damage":12,"enemies":"3 Darklings","floor":47,"turns":4},{"damage":0,"enemies":"Spire Growth","floor":48,"turns":4},{"damage":23,"enemies":"Time Eater","floor":50,"turns":9}],"seed_played":"1186272064799459818","potions_obtained":[{"floor":5.0,"key":"EssenceOfSteel"},{"floor":7,"key":"FocusPotion"},{"floor":13,"key":"Strength Potion"},{"floor":14,"key":"SmokeBomb"},{"floor":14,"key":"Dexterity Potion"},{"floor":14,"key":"Fire Potion"},{"floor":30,"key":"Weak Potion"},{"floor":33,"key":"Strength Potion"},{"floor":35,"key":"Block Potion"},{"floor":41,"key":"Energy Potion"},{"floor":44,"key":"Dexterity Potion"}],"is_trial":false,"path_per_floor":["M","?","?","M","M","R","M","R","T","$","R","$","E","?","R_BF","B",null,"M","?","?","$","?","E","T","R","T","R","$","M","E","T","R","B",null,"M","M","?","?","M","R","M","R","T","M","E","R","M","M","R","B",null],"character_chosen":"DEFECT","items_purchased":["Self Repair"],"campfire_rested":6,"item_purchase_floors":[12],"current_hp_per_floor":[64,57,61,55,54,54,39,59,59,59,59,59,56,29,49,47,68,47,47,47,47,47,17,17,37,37,57,57,66,41,41,61,63,68,68,68,68,68,68,68,68,68,68,68,68,68,63,68,68,52],"gold":651,"neow_bonus":"TRANSFORM_TWO_CARDS","is_daily":false,"chose_seed":false,"campfire_upgraded":5,"win_rate":0.0,"timestamp":1607814791,"path_taken":["M","?","?","M","M","R","?","R","T","?","R","$","E","?","R_BF","BOSS","M","?","?","$","?","E","?","R","T","R","$","M","E","?","R","BOSS","M","M","?","?","M","R","?","R","T","M","E","R","M","M","R","BOSS"],"items_purchased_type":["Card"],"build_version":"2020-11-30","purchased_purges":3,"victory":true,"max_hp_per_floor":[68,68,68,68,68,68,68,68,68,68,68,68,68,68,68,68,68,68,68,68,68,68,68,68,68,68,68,68,68,68,68,68,68,68,68,68,68,68,68,68,68,68,68,68,68,68,68,68,68,68],"card_choices":[{"not_picked":["Ball Lightning","ReplayTheSpireMod:Calculation Training"],"picked":"Defragment","floor":1.0},{"not_picked":["Steam","Panic Button"],"picked":"ReplayTheSpireMod:Calculation Training","floor":4.0},{"not_picked":["Sweeping Beam","Coolheaded"],"picked":"Reprogram","floor":5.0},{"not_picked":["Reprogram","Coolheaded"],"picked":"Go for the Eyes","floor":7},{"not_picked":["ReplayTheSpireMod:System Scan","Leap"],"picked":"Loop","floor":13},{"not_picked":["Coolheaded","Core Surge","ReplayTheSpireMod:System Scan"],"picked":"Capacitor","floor":14},{"not_picked":["Thunder Strike","Multi-Cast","Meteor Strike"],"picked":"Electrodynamics","floor":16},{"not_picked":["Stack","Turbo","Go for the Eyes"],"picked":"Lockon","floor":18},{"not_picked":["Redo","Tempest","Ball Lightning"],"picked":"Chill","floor":23},{"not_picked":["Gash","Time Bomb","Rebound"],"picked":"Go for the Eyes+1","floor":29},{"not_picked":["Sweeping Beam","BasicCrystalCard","Cold Snap+1"],"picked":"Undo","floor":30},{"not_picked":["Core Surge","All For One","Thunder Strike"],"picked":"Mirror Shield","floor":33},{"not_picked":["BasicCrystalCard","Sweeping Beam","Barrage"],"picked":"Steam","floor":35},{"not_picked":["Hologram+1","Rainbow","Barrage+1"],"picked":"Defragment+1","floor":36},{"not_picked":["Cold Snap","Ball Lightning","Sunder+1","Beam Cell+1"],"picked":"SKIP","floor":39},{"not_picked":["ReplaySolidLightProjector+1","Chaos+1","Panic Button"],"picked":"Leap+1","floor":41},{"not_picked":["ReplayTheSpireMod:System Scan+1","Streamline","Rip and Tear"],"picked":"Ball Lightning+1","floor":44},{"not_picked":["Gash","Steam Power+1","BasicCrystalCard"],"picked":"Seek","floor":45},{"not_picked":["Coolheaded+1","Stack+1","Barrage+1","Gash"],"picked":"SKIP","floor":47},{"not_picked":["Beam Cell+1","Leap+1","Melter+1"],"picked":"Buffer","floor":48}],"player_experience":853760,"relics_obtained":[{"floor":9,"key":"Ancient Tea Set"},{"floor":13,"key":"Question Card"},{"floor":23,"key":"Art of War"},{"floor":24,"key":"Blue Candle"},{"floor":26,"key":"Blood Vial"},{"floor":30,"key":"ReplayFunnel"},{"floor":31,"key":"Ornamental Fan"},{"floor":43,"key":"Whetstone"},{"floor":45,"key":"Anchor"}],"event_choices":[{"cards_removed":["Strike_B"],"damage_healed":0.0,"max_hp_gain":0.0,"max_hp_loss":0.0,"gold_gain":0.0,"event_name":"Golden Wing","player_choice":"Card Removal","floor":2.0,"gold_loss":0.0,"damage_taken":7.0},{"damage_healed":4.0,"max_hp_gain":0.0,"max_hp_loss":0.0,"gold_gain":0.0,"event_name":"betterSkull:BetterSkull","player_choice":"LEAVE ","floor":3.0,"gold_loss":0.0,"damage_taken":0.0,"cards_upgraded":[],"relics_obtained":[]},{"cards_removed":["Self Repair"],"damage_healed":0,"gold_gain":0,"player_choice":"Give","damage_taken":0,"max_hp_gain":0,"max_hp_loss":0,"event_name":"betterNote:BetterNote","floor":19,"gold_loss":0,"cards_obtained":["Electrodynamics"]},{"damage_healed":0,"gold_gain":0,"player_choice":"Ignored","damage_taken":0,"max_hp_gain":0,"max_hp_loss":0,"event_name":"Vampires","floor":20,"gold_loss":0},{"damage_healed":0,"gold_gain":0,"player_choice":"Inject Mutagens","damage_taken":0,"relics_obtained":["MutagenicStrength"],"max_hp_gain":0,"max_hp_loss":0,"event_name":"Drug Dealer","floor":22,"gold_loss":0},{"damage_healed":0,"gold_gain":0,"player_choice":"Ignored","damage_taken":0,"max_hp_gain":0,"max_hp_loss":0,"event_name":"Tomb of Lord Red Mask","floor":37,"gold_loss":0},{"damage_healed":0,"gold_gain":0,"player_choice":"Gave Potion","damage_taken":0,"relics_obtained":["Old Coin"],"max_hp_gain":0,"max_hp_loss":0,"event_name":"WeMeetAgain","floor":38,"gold_loss":0}],"is_beta":false,"boss_relics":[{"not_picked":["beaked:MawFillet","Pandora\u0027s Box"],"picked":"Kintsugi"},{"not_picked":["Fusion Hammer","Replay:Wanted Poster","Honey Jar"]}],"items_purged_floors":[10,21,28],"is_endless":false,"potions_floor_spawned":[5,7,13,30,33,35,41,44,45,47],"ascension_level":0}}