{"host":"usrgk25etjl0nf5i","time":1607814888,"event":{"mods":["2.2 Compatiblity","BaseMod","Downfall","Hermit","Hubris","Minty Spire (QoL Compilation)","StSLib","SuperFastMode","The Disciple","The Hierophant"],"gold_per_floor":[99,13,26,36,36,36,90,115,40,70,96,108,139,162,186,296,308,245,269,269],"floor_reached":19,"playtime":1939,"items_purged":[],"score":212,"play_id":"9ec5210b-9b42-4166-9a59-91fb59d77b98","local_time":"20201212151448","is_ascension_mode":true,"campfire_choices":[{"floor":1,"key":"RECALL"},{"data":"hexamod:ApocalypticArmor","floor":5,"key":"SMITH"},{"data":"hexamod:SkipABeat","floor":9,"key":"SMITH"},{"data":"hexamod:CatchUp","floor":18,"key":"SMITH"}],"circlet_count":0,"master_deck":["hexamod:Strike","hexamod:Strike","hexamod:Strike","hexamod:Strike","hexamod:Defend","hexamod:Defend","hexamod:Defend","hexamod:Defend","hexamod:Sear","hexamod:Float+1","hexamod:ApocalypticArmor+1","hexamod:SkipABeat+1","hexamod:Hexaguard","hexamod:FastForward","hexamod:FirstSeal","hexamod:ShieldOfDarkness","hexamod:CatchUp+1","hexamod:FastForward","hexamod:FourthSeal","hexamod:SwordOfDarkness","hexamod:StepThrough","hexamod:SixthSeal"],"relics":["hexamod:SpiritBrand","hexamod:BolsterEngine","Anchor","downfall:HeartBlessingRed","MawBank","FaceOfCleric","hubris:HollowSoul","downfall:HeartBlessingGreen"],"acts_visited":["Exordium","TheCity"],"potions_floor_usage":[10,10,14,16,16,19],"damage_taken":[{"damage":0,"enemies":"downfall:FleeingMerchant","floor":2,"turns":4},{"damage":0,"enemies":"Cultist","floor":3,"turns":4},{"damage":0,"enemies":"2 Louse","floor":4,"turns":4},{"damage":11,"enemies":"3 Sentries","floor":8,"turns":11},{"damage":4,"enemies":"Lagavulin","floor":10,"turns":6},{"damage":0,"enemies":"Jaw Worm","floor":11,"turns":3},{"damage":11,"enemies":"3 Louse","floor":13,"turns":4},{"damage":0,"enemies":"Lots of Slimes","floor":14,"turns":5},{"damage":0,"enemies":"Red Slaver","floor":15,"turns":3},{"damage":55,"enemies":"downfall:Silent","floor":16,"turns":11},{"damage":15,"enemies":"Book of Stabbing","floor":19,"turns":2}],"seed_played":"8653982156747701851","potions_obtained":[{"floor":3,"key":"CultistPotion"},{"floor":4,"key":"FearPotion"},{"floor":8,"key":"AttackPotion"},{"floor":11,"key":"Guardian:BlockOnCardUsePotion"},{"floor":14,"key":"SkillPotion"},{"floor":15,"key":"PowerPotion"},{"floor":16,"key":"EssenceOfSteel"}],"is_trial":false,"path_per_floor":["R","$","M","M","R","?","T","E","R","E","M","?","M","M","M","B",null,"R","E"],"character_chosen":"THE_SPIRIT","items_purchased":["hexamod:SkipABeat"],"campfire_rested":0,"item_purchase_floors":[2],"current_hp_per_floor":[70,70,70,70,70,63,63,52,52,55,62,62,59,67,68,21,74,74,0,0],"gold":269,"neow_bonus":"UPGRADE_CARD","is_daily":false,"chose_seed":false,"campfire_upgraded":3,"win_rate":0.0,"timestamp":1607814888,"path_taken":["R","?","M","M","R","?","T","E","R","E","?","?","?","M","M","BOSS","R","E"],"items_purchased_type":["Card"],"build_version":"2020-11-30","purchased_purges":0,"victory":false,"max_hp_per_floor":[70,70,70,70,70,70,70,70,70,70,70,70,71,72,73,74,74,74,74,74],"card_choices":[{"not_picked":["hexamod:EmpoweredFlame","hexamod:FourthSeal"],"picked":"hexamod:ApocalypticArmor","floor":2},{"not_picked":["hexamod:Incineration","hexamod:Rewind"],"picked":"hexamod:Hexaguard","floor":3},{"not_picked":["hexamod:ShieldOfDarkness","hexamod:ThermalTransfer"],"picked":"hexamod:FastForward","floor":4},{"not_picked":["hexamod:GhostShield","hexamod:SpectersWail"],"picked":"hexamod:ShieldOfDarkness","floor":8},{"not_picked":["hexamod:Incineration","hexamod:SpectersWail"],"picked":"hexamod:CatchUp","floor":10},{"not_picked":["hexamod:InspiringFlames","hexamod:RainOfEmbers"],"picked":"hexamod:FastForward","floor":11},{"not_picked":["hexamod:InspiringFlames","hexamod:SpectersWail"],"picked":"hexamod:FourthSeal","floor":13},{"not_picked":["hexamod:PowerFromBeyond","hexamod:BacktrackSmack"],"picked":"hexamod:SwordOfDarkness","floor":14},{"not_picked":["hexamod:FastForward","hexamod:ThermalTransfer"],"picked":"hexamod:StepThrough","floor":15},{"not_picked":["hexamod:GhostflameInferno","hexamod:CrushingStance"],"picked":"hexamod:SixthSeal","floor":16}],"player_experience":633000,"relics_obtained":[{"floor":7,"key":"hexamod:BolsterEngine"},{"floor":8,"key":"Anchor"},{"floor":10,"key":"MawBank"}],"event_choices":[{"damage_healed":0,"gold_gain":0,"player_choice":"Trade","damage_taken":0,"relics_obtained":["FaceOfCleric"],"max_hp_gain":0,"max_hp_loss":0,"event_name":"FaceTrader","floor":12,"gold_loss":0}],"is_beta":false,"boss_relics":[{"not_picked":["hubris:BlackHole","Sozu"],"picked":"hubris:HollowSoul"}],"items_purged_floors":[],"is_endless":false,"potions_floor_spawned":[3,4,8,11,15],"killed_by":"Book of Stabbing","ascension_level":4}}