{"host":"ve9aztkoyqeblvav","time":1607770924,"event":{"mods":["Act Like it!","BaseMod","Colored Map","Colored Powertips","Highlight Path","Minty Spire (QoL Compilation)","Quick Restart","StSLib","The Hierophant","Waifu the Spire"],"gold_per_floor":[113,133,21,21,21,56,75,75,101,73,99,109,109,128,128,206,206,218,218,237,128,147,147,147],"floor_reached":23,"playtime":847,"items_purged":["Strike_B","Strike_B"],"score":452,"play_id":"fa5f4488-fa39-4e56-80ef-00b80942be44","local_time":"20201212190204","is_ascension_mode":true,"campfire_choices":[{"data":"Dualcast","floor":8.0,"key":"SMITH"},{"data":"Coolheaded","floor":13.0,"key":"SMITH"},{"data":"Static Discharge","floor":15.0,"key":"SMITH"}],"circlet_count":0,"master_deck":["AscendersBane","Strike_B","Defend_B","Defend_B","Defend_B","Defend_B","Zap","Dualcast+1","Static Discharge+1","White Noise","Hello World","Buffer","Machine Learning","Turbo","Coolheaded+1","Ball Lightning","Undo","Electrodynamics","Redo+1","Cold Snap","Conserve Battery","White Noise"],"relics":["Cracked Core","NeowsBlessing","Happy Flower","Smiling Mask","Runic Dome"],"acts_visited":["Exordium","TheCity"],"potions_floor_usage":[22],"damage_taken":[{"damage":0.0,"enemies":"Jaw Worm","floor":1.0,"turns":1.0},{"damage":0.0,"enemies":"Cultist","floor":2.0,"turns":1.0},{"damage":0.0,"enemies":"Lagavulin","floor":6.0,"turns":2.0},{"damage":7.0,"enemies":"2 Louse","floor":7.0,"turns":3.0},{"damage":33.0,"enemies":"3 Sentries","floor":11.0,"turns":7.0},{"damage":6.0,"enemies":"Red Slaver","floor":12.0,"turns":5.0},{"damage":0.0,"enemies":"Looter","floor":14.0,"turns":2.0},{"damage":7.0,"enemies":"Hexaghost","floor":16.0,"turns":8.0},{"damage":21.0,"enemies":"Shell Parasite","floor":18.0,"turns":4.0},{"damage":24.0,"enemies":"2 Thieves","floor":20.0,"turns":3.0},{"damage":9,"enemies":"Centurion and Healer","floor":22,"turns":5},{"damage":0,"enemies":"Slavers","floor":23,"turns":1}],"seed_played":"-3776383317101909674","potions_obtained":[{"floor":2.0,"key":"Swift Potion"},{"floor":5.0,"key":"LiquidMemories"},{"floor":16.0,"key":"Energy Potion"},{"floor":18.0,"key":"SpeedPotion"},{"floor":20.0,"key":"PotionOfCapacity"}],"is_trial":false,"path_per_floor":["M","M","$","?","?","E","M","R","T","$","E","M","R","M","R","B",null,"M","?","M","$","M","E"],"character_chosen":"DEFECT","items_purchased":["Hello World","Coolheaded","Conserve Battery"],"campfire_rested":0,"item_purchase_floors":[3,10,21],"current_hp_per_floor":[64,64,64,64,64,64,57,57,57,57,24,18,18,18,18,11,56,35,35,11,11,2,2,2],"gold":147,"neow_bonus":"THREE_ENEMY_KILL","is_daily":false,"chose_seed":false,"campfire_upgraded":3,"win_rate":0.0,"timestamp":1607770924,"path_taken":["M","M","$","?","?","E","?","R","T","$","E","M","R","M","R","BOSS","BOSS","M","?","M","$","M","E"],"items_purchased_type":["Card","Card","Card"],"build_version":"2020-11-30","purchased_purges":2,"victory":false,"max_hp_per_floor":[71,71,71,71,71,71,71,71,71,71,71,71,71,71,71,71,71,71,71,71,71,71,71,71],"card_choices":[{"not_picked":["Gash","Turbo"],"picked":"Static Discharge","floor":1.0},{"not_picked":["Auto Shields","Sweeping Beam"],"picked":"White Noise","floor":2.0},{"not_picked":["Barrage","Leap"],"picked":"Machine Learning","floor":6.0},{"not_picked":["Rebound","Force Field"],"picked":"Turbo","floor":7.0},{"not_picked":["Conserve Battery","Rebound","Compile Driver"],"picked":"SKIP","floor":11.0},{"not_picked":["Stack","Doom and Gloom"],"picked":"Ball Lightning","floor":12.0},{"not_picked":["Melter","Gash"],"picked":"Undo","floor":14.0},{"not_picked":["Creative AI","Hyperbeam"],"picked":"Electrodynamics","floor":16.0},{"not_picked":["Double Energy","Streamline"],"picked":"Redo+1","floor":18.0},{"not_picked":["Auto Shields+1","Conserve Battery"],"picked":"Cold Snap","floor":20.0},{"not_picked":["Fusion","Rip and Tear"],"picked":"White Noise","floor":22}],"player_experience":1618362,"relics_obtained":[{"floor":6.0,"key":"Happy Flower"},{"floor":11.0,"key":"Smiling Mask"}],"event_choices":[{"damage_healed":0.0,"max_hp_gain":0.0,"max_hp_loss":0.0,"gold_gain":0.0,"cards_transformed":["Strike_B"],"event_name":"Living Wall","player_choice":"Change","floor":4.0,"gold_loss":0.0,"damage_taken":0.0,"cards_obtained":["Buffer"]},{"damage_healed":0.0,"max_hp_gain":0.0,"max_hp_loss":0.0,"gold_gain":0.0,"event_name":"Lab","player_choice":"Got Potions","floor":5.0,"gold_loss":0.0,"damage_taken":0.0},{"damage_healed":0.0,"max_hp_gain":0.0,"max_hp_loss":0.0,"gold_gain":0.0,"event_name":"FaceTrader","player_choice":"Leave","floor":19.0,"gold_loss":0.0,"damage_taken":0.0}],"is_beta":false,"boss_relics":[{"not_picked":["SacredBark","Coffee Dripper"],"picked":"Runic Dome"}],"items_purged_floors":[3,21],"is_endless":false,"potions_floor_spawned":[2,6,7,16,18,20],"killed_by":"Slavers","ascension_level":20}}