{"host":"inrqn0jglgjaorlx","time":1607747939,"event":{"mods":["2.2 Compatiblity","Abigail Mod","AchievementEnabler","Act Like it!","BaseMod","CapriCore","Friendly Minions","Gensokyo","Marisa（霧雨　魔理沙）","Minty Spire (QoL Compilation)","Prisma Mod","Reimu（博??梦）","Remilia（蕾米莉?）","StSLib","SuperFastMode","The Alterego","The Immortal"],"gold_per_floor":[213,227,241,257,182,217,217,242,242,95,125,125,158,170,170,268,268,281,281,296,42,60,60,88,101,101,132,142,176,176,186,186,281,281,296,171,209,224,234,234,263,263,342,381,399,424,469,486,486,486],"floor_reached":51,"playtime":2785,"items_purged":["PrismaMod:ChloeCommonAttack","PrismaMod:ChloeCommonAttack","PrismaMod:ChloeCommonAttack"],"score":1237,"play_id":"97cb3b00-e7e5-41ff-bfa7-c85a35856701","local_time":"20201212043859","is_ascension_mode":true,"campfire_choices":[{"data":"PrismaMod:ChloeAnyAttackTrace","floor":7,"key":"SMITH"},{"data":"PrismaMod:ChloeEyeOfTheEuryale","floor":15,"key":"SMITH"},{"data":"PrismaMod:ChloeAnySkillTrace","floor":23,"key":"SMITH"},{"data":"PrismaMod:ChloeExcalibur","floor":32,"key":"SMITH"},{"data":"PrismaMod:ChloeDoubleRelicSpeed","floor":40,"key":"SMITH"},{"data":"PrismaMod:ChloeUncommonDefend","floor":42,"key":"SMITH"},{"data":"PrismaMod:ChloeUnlimitedBladeWorks","floor":49,"key":"SMITH"}],"circlet_count":0,"master_deck":["PrismaMod:ChloeCommonAttack","PrismaMod:ChloeCommonAttack","PrismaMod:ChloeCommonDefend","PrismaMod:ChloeCommonDefend","PrismaMod:ChloeCommonDefend","PrismaMod:ChloeCommonDefend","PrismaMod:ChloeCommonDefend","PrismaMod:ChloeCheapAttack","PrismaMod:ChloeCheapDefend","PrismaMod:ChloeCheapAttackTwo","PrismaMod:ChloeEyeOfTheEuryale+1","PrismaMod:ChloeAnyAttackTrace+1","PrismaMod:ChloeUncommonDefend+1","PrismaMod:ChloeGaeBolg+1","PrismaMod:ChloeDoubleRelicSpeed+1","PrismaMod:ChloeCheapDefendTwo+1","PrismaMod:ChloeAnySkillTrace+1","PrismaMod:ChloeExcalibur+1","PrismaMod:ChloeDevil","PrismaMod:ChloeRhongomyniad+1","PrismaMod:ChloeExcalibur+1","PrismaMod:ChloeDemonicTutor+1","PrismaMod:ChloeUnlimitedBladeWorks+1","PrismaMod:ChloeExcalibur+1"],"relics":["PrismaMod:PrismaTraceOn","Lantern","Mercury Hourglass","Matryoshka","ClockworkSouvenir","Letter Opener","Blue Candle","Sozu","Pen Nib","TungstenRod","Pantograph","Shuriken","Blood Vial","Runic Pyramid","Art of War","Bottled Tornado","The Courier","Eternal Feather","Molten Egg 2","Lizard Tail"],"acts_visited":["Exordium","TheCity","TheBeyond"],"potions_floor_usage":[6,8,16,33,50],"damage_taken":[{"damage":0.0,"enemies":"Jaw Worm","floor":1.0,"turns":6.0},{"damage":1.0,"enemies":"Cultist","floor":2.0,"turns":4.0},{"damage":0.0,"enemies":"2 Louse","floor":3.0,"turns":3.0},{"damage":18,"enemies":"Gremlin Gang","floor":4,"turns":8},{"damage":11,"enemies":"3 Sentries","floor":6,"turns":8},{"damage":14,"enemies":"Lagavulin","floor":8,"turns":6},{"damage":0,"enemies":"3 Sentries","floor":11,"turns":2},{"damage":18,"enemies":"Lagavulin","floor":13,"turns":5},{"damage":0,"enemies":"Large Slime","floor":14,"turns":4},{"damage":16,"enemies":"Hexaghost","floor":16,"turns":9},{"damage":0,"enemies":"Spheric Guardian","floor":18,"turns":2},{"damage":8,"enemies":"2 Thieves","floor":20,"turns":4},{"damage":8,"enemies":"Snecko","floor":22,"turns":4},{"damage":0,"enemies":"Slavers","floor":24,"turns":3},{"damage":0,"enemies":"Centurion and Healer","floor":25,"turns":4},{"damage":5,"enemies":"Book of Stabbing","floor":27,"turns":4},{"damage":0,"enemies":"Sentry and Sphere","floor":28,"turns":2},{"damage":19,"enemies":"Slavers","floor":29,"turns":3},{"damage":0,"enemies":"Shelled Parasite and Fungi","floor":31,"turns":4},{"damage":32,"enemies":"Automaton","floor":33,"turns":9},{"damage":3,"enemies":"3 Darklings","floor":35,"turns":3},{"damage":0,"enemies":"Orb Walker","floor":37,"turns":2},{"damage":11,"enemies":"Maw","floor":38,"turns":6},{"damage":9,"enemies":"3 Darklings","floor":39,"turns":2},{"damage":19,"enemies":"Giant Head","floor":41,"turns":6},{"damage":0,"enemies":"Reptomancer","floor":44,"turns":4},{"damage":9,"enemies":"Sphere and 2 Shapes","floor":45,"turns":3},{"damage":15,"enemies":"Giant Head","floor":46,"turns":6},{"damage":2,"enemies":"2 Orb Walkers","floor":47,"turns":3},{"damage":0,"enemies":"Jaw Worm Horde","floor":48,"turns":1},{"damage":33,"enemies":"Donu and Deca","floor":50,"turns":4}],"seed_played":"514853248766319722","potions_obtained":[{"floor":2.0,"key":"Ancient Potion"},{"floor":4,"key":"Regen Potion"},{"floor":6,"key":"AttackPotion"},{"floor":8,"key":"GamblersBrew"},{"floor":13,"key":"Weak Potion"}],"is_trial":false,"path_per_floor":["M","M","M","M","$","E","R","E","T","$","E","?","E","M","R","B",null,"M","?","M","$","M","R","E","M","T","E","M","E","?","M","R","B",null,"M","$","M","M","M","R","E","R","T","E","M","E","?","M","R","B",null],"character_chosen":"CHLOE","items_purchased":["ClockworkSouvenir","Pen Nib"],"campfire_rested":0,"item_purchase_floors":[10,21],"current_hp_per_floor":[68,67,67,49,49,60,60,53,53,53,53,53,45,45,45,39,71,78,78,77,77,79,79,79,79,79,81,81,62,62,76,76,58,77,76,76,80,79,72,72,65,65,65,70,65,62,78,83,85,57],"gold":486,"neow_bonus":"HUNDRED_GOLD","is_daily":false,"chose_seed":false,"campfire_upgraded":7,"win_rate":0.0,"timestamp":1607747939,"path_taken":["M","M","M","M","$","E","R","E","T","$","E","?","E","M","R","BOSS","M","?","M","$","M","R","E","M","T","E","M","E","?","M","R","BOSS","M","$","M","?","M","R","E","R","T","E","M","E","?","M","R","BOSS"],"items_purchased_type":["Relic","Relic"],"build_version":"2020-11-30","purchased_purges":3,"victory":true,"max_hp_per_floor":[75,75,75,75,75,75,75,75,75,75,75,75,78,78,78,81,81,80,80,79,79,82,82,82,82,82,82,82,82,82,81,81,83,83,83,83,83,83,83,83,86,86,86,86,86,86,85,85,85,85],"card_choices":[{"not_picked":["PrismaMod:ChloeCheapDefendTwo","PrismaMod:ChloeCheapDefend","PrismaMod:ChloeExhaustOne"],"picked":"SKIP","floor":1.0},{"not_picked":["PrismaMod:ChloeDiscardRecovery","PrismaMod:ChloeCheapAttack"],"picked":"PrismaMod:ChloeCheapAttackTwo","floor":2.0},{"not_picked":["PrismaMod:ChloeCommonAOEAttack","PrismaMod:ChloeDiscardRecovery"],"picked":"PrismaMod:ChloeEyeOfTheEuryale","floor":3.0},{"not_picked":["PrismaMod:ChloeUncommonAOEAttack","PrismaMod:ChloeMaid"],"picked":"PrismaMod:ChloeAnyAttackTrace","floor":4},{"not_picked":["PrismaMod:ChloeCommonAOEAttack","PrismaMod:ChloeMordred"],"picked":"PrismaMod:ChloeUncommonDefend","floor":6},{"not_picked":["PrismaMod:ChloeMaid","PrismaMod:ChloeExhaustOne"],"picked":"PrismaMod:ChloeGaeBolg","floor":8},{"not_picked":["PrismaMod:ChloeDiscardRecovery","PrismaMod:ChloeChristmas","PrismaMod:ChloeMaid"],"picked":"SKIP","floor":11},{"not_picked":["PrismaMod:ChloeCheapAttack","PrismaMod:ChloeEyeOfTheEuryale","PrismaMod:ChloeCheapAttackTwo"],"picked":"SKIP","floor":13},{"not_picked":["PrismaMod:ChloeUncommonAttack","PrismaMod:ChloeDiscardRecovery","PrismaMod:ChloeCommonAOEAttack"],"picked":"SKIP","floor":14},{"not_picked":["PrismaMod:ChloeAnyRareTrace","PrismaMod:ChloeAnySkillTrace"],"picked":"PrismaMod:ChloeDoubleRelicSpeed","floor":16},{"not_picked":["PrismaMod:ChloeCheapAttack","PrismaMod:ChloeDiscardRecovery","PrismaMod:ChloeCommonAOEAttack"],"picked":"SKIP","floor":18},{"not_picked":["PrismaMod:ChloeCheapAttackTwo","PrismaMod:ChloeCheapDefend"],"picked":"PrismaMod:ChloeCheapDefendTwo+1","floor":20},{"not_picked":["PrismaMod:ChloeCheapAttackTwo+1","PrismaMod:ChloeExhaustOne+1"],"picked":"PrismaMod:ChloeAnySkillTrace","floor":22},{"not_picked":["PrismaMod:ChloeCheapDefendTwo","PrismaMod:ChloeCheapAttackTwo","PrismaMod:ChloeUncommonAOEAttack"],"picked":"SKIP","floor":24},{"not_picked":["PrismaMod:ChloeDiscardRecovery","PrismaMod:ChloeCheapAttackTwo"],"picked":"PrismaMod:ChloeExcalibur","floor":25},{"not_picked":["PrismaMod:ChloeCheapAttackTwo","PrismaMod:ChloeExhaustOne","PrismaMod:ChloeChristmas"],"picked":"SKIP","floor":27},{"not_picked":["PrismaMod:ChloeCheapAttack","PrismaMod:ChloeDiscardRecovery","PrismaMod:ChloeCommonAOEAttack+1"],"picked":"SKIP","floor":28},{"not_picked":["PrismaMod:ChloeCheapDefendTwo+1","PrismaMod:ChloeUncommonDefend"],"picked":"PrismaMod:ChloeDevil","floor":29},{"not_picked":["PrismaMod:ChloeExhaustTwo","PrismaMod:ChloeDiscardRecovery","PrismaMod:ChloeMaid"],"picked":"SKIP","floor":31},{"not_picked":["PrismaMod:ChloeCheapAttackTwo","PrismaMod:ChloeCommonAOEAttack+1","PrismaMod:ChloeExhaustOne"],"picked":"SKIP","floor":35},{"not_picked":["PrismaMod:ChloeDemonicTutor+1","PrismaMod:ChloeUncommonDefend"],"picked":"PrismaMod:ChloeRhongomyniad+1","floor":37},{"not_picked":["PrismaMod:ChloeDiscardRecovery+1","PrismaMod:ChloeCommonAOEAttack+1","PrismaMod:ChloeUncommonDefend"],"picked":"SKIP","floor":38},{"not_picked":["PrismaMod:ChloeCheapAttack","PrismaMod:ChloeChristmas+1"],"picked":"PrismaMod:ChloeExcalibur+1","floor":39},{"not_picked":["PrismaMod:ChloeBetterTracePools+1","PrismaMod:ChloeExhaustOne","PrismaMod:ChloeMaid"],"picked":"SKIP","floor":41},{"not_picked":["PrismaMod:ChloeCheapDefend","PrismaMod:ChloeUncommonAOEAttack+1","PrismaMod:ChloeCheapAttack+1"],"picked":"SKIP","floor":44},{"not_picked":["PrismaMod:ChloeCheapAttack+1","PrismaMod:ChloeCommonAOEAttack"],"picked":"PrismaMod:ChloeDemonicTutor+1","floor":45},{"not_picked":["PrismaMod:ChloeExhaustTwo","PrismaMod:ChloeCheapDefendTwo+1"],"picked":"PrismaMod:ChloeUnlimitedBladeWorks","floor":46},{"not_picked":["PrismaMod:ChloeEyeOfTheEuryale+1","PrismaMod:ChloeCheapDefend+1"],"picked":"PrismaMod:ChloeExcalibur+1","floor":48}],"player_experience":357920,"relics_obtained":[{"floor":6,"key":"Lantern"},{"floor":8,"key":"Mercury Hourglass"},{"floor":9,"key":"Matryoshka"},{"floor":11,"key":"Letter Opener"},{"floor":13,"key":"Blue Candle"},{"floor":24,"key":"TungstenRod"},{"floor":26,"key":"Pantograph"},{"floor":27,"key":"Shuriken"},{"floor":29,"key":"Blood Vial"},{"floor":41,"key":"Art of War"},{"floor":43,"key":"Bottled Tornado"},{"floor":43,"key":"The Courier"},{"floor":44,"key":"Eternal Feather"},{"floor":46,"key":"Molten Egg 2"},{"floor":47,"key":"Lizard Tail"}],"event_choices":[{"damage_healed":0,"gold_gain":0,"player_choice":"Upgraded","damage_taken":0,"max_hp_gain":0,"max_hp_loss":0,"event_name":"Upgrade Shrine","floor":12,"gold_loss":0,"cards_upgraded":["PrismaMod:ChloeGaeBolg"]},{"damage_healed":0,"gold_gain":0,"player_choice":"0 cards matched","damage_taken":0,"max_hp_gain":0,"max_hp_loss":0,"event_name":"Match and Keep!","floor":30,"gold_loss":0,"cards_obtained":[]},{"damage_healed":0,"gold_gain":0,"player_choice":"Fight","damage_taken":0,"max_hp_gain":0,"max_hp_loss":0,"event_name":"Mysterious Sphere","floor":47,"gold_loss":0}],"is_beta":false,"boss_relics":[{"not_picked":["Empty Cage","Busted Crown"],"picked":"Sozu"},{"not_picked":["Velvet Choker","Calling Bell"],"picked":"Runic Pyramid"}],"items_purged_floors":[5,21,36],"is_endless":false,"potions_floor_spawned":[2,4,6,8,13,24,25,28,31,33,35,37,44,47],"ascension_level":7}}