{"host":"reretk0dz0kj8f1n","time":1607770340,"event":{"mods":["BaseMod","Lobotomy","Minty Spire (QoL Compilation)","StSLib"],"gold_per_floor":[112,132,151,170,345,377,391,421,421,346,358,358,373,384,384,480,480,494,183,183,183,198,198,223,223,275,303,323,339,57,85,85,184,184,202,202,215,229,93,120,120,138,138,166,24,42,59,71,71,71],"floor_reached":51,"playtime":3229,"items_purged":["Doubt","Defend_R"],"score":1711,"play_id":"37343e07-cfde-4704-b34c-0dd0f7f9de9f","local_time":"20201212195220","is_ascension_mode":true,"campfire_choices":[{"data":"Heavy Blade","floor":12,"key":"SMITH"},{"floor":15,"key":"REST"},{"data":"Metallicize","floor":23,"key":"SMITH"},{"data":"Heavy Blade","floor":25,"key":"SMITH"},{"data":"Brutality","floor":32,"key":"SMITH"},{"data":"Limit Break","floor":41,"key":"SMITH"},{"data":"Barricade","floor":49,"key":"SMITH"}],"circlet_count":0,"master_deck":["Strike_R","Strike_R","Strike_R","Bash","MHz","CrumblingArmor","Evolve","Carnage","Brutality+1","Heavy Blade+1","OSAHOGD","CENSORED","Evolve","Ghostly Armor+1","Juggernaut","Reckless Charge+1","Metallicize+1","Metallicize+1","Blood for Blood+1","Hemokinesis","Sword Boomerang","Shrug It Off+1","Ghostly Armor","Heavy Blade+1","VoidDream","Heavy Blade+1","Metallicize","Exhume","Limit Break+1","Headbutt","Reaper","Impervious","Fire Breathing+1","Barricade+1","Feel No Pain","Pummel","Entrench","Dual Wield+1"],"relics":["Burning Blood","CogitoBucket","RabbitCall","Dream Catcher","Theresia","InkBottle","Self Forming Clay","Sozu","LuminousBracelet","Orrery","Lantern","War Paint","Lizard Tail","TreeSap","AtMidnight","Question Card","Mercury Hourglass","Runic Cube","Bag of Marbles","Singing Bowl","Bag of Preparation"],"acts_visited":["Exordium","TheCity","TheBeyond"],"potions_floor_usage":[6,14,51,51],"damage_taken":[{"damage":13,"enemies":"Jaw Worm","floor":1,"turns":3},{"damage":0,"enemies":"Small Slimes","floor":2,"turns":3},{"damage":1,"enemies":"Cultist","floor":3,"turns":3},{"damage":10,"enemies":"Exordium Wildlife","floor":4,"turns":4},{"damage":27,"enemies":"Gremlin Nob","floor":6,"turns":4},{"damage":12,"enemies":"3 Louse","floor":7,"turns":4},{"damage":26,"enemies":"Lagavulin","floor":8,"turns":5},{"damage":5,"enemies":"Looter","floor":11,"turns":3},{"damage":19,"enemies":"Large Slime","floor":13,"turns":4},{"damage":41,"enemies":"Exordium Thugs","floor":14,"turns":6},{"damage":5,"enemies":"Slime Boss","floor":16,"turns":6},{"damage":26,"enemies":"3 Byrds","floor":18,"turns":4},{"damage":22,"enemies":"2 Thieves","floor":22,"turns":3},{"damage":11,"enemies":"Book of Stabbing","floor":24,"turns":5},{"damage":38,"enemies":"Gremlin Leader","floor":27,"turns":6},{"damage":9,"enemies":"Chosen and Byrds","floor":28,"turns":5},{"damage":7,"enemies":"Snake Plant","floor":29,"turns":9},{"damage":6,"enemies":"Book of Stabbing","floor":31,"turns":4},{"damage":10,"enemies":"Collector","floor":33,"turns":7},{"damage":10,"enemies":"3 Shapes","floor":35,"turns":4},{"damage":5,"enemies":"Orb Walker","floor":37,"turns":2},{"damage":18,"enemies":"3 Darklings","floor":38,"turns":6},{"damage":72,"enemies":"Nemesis","floor":40,"turns":5},{"damage":5,"enemies":"Spire Growth","floor":42,"turns":5},{"damage":9,"enemies":"Giant Head","floor":44,"turns":6},{"damage":30,"enemies":"Jaw Worm Horde","floor":46,"turns":6},{"damage":22,"enemies":"3 Darklings","floor":47,"turns":6},{"damage":47,"enemies":"Transient","floor":48,"turns":5},{"damage":66,"enemies":"Awakened One","floor":50,"turns":13},{"damage":61,"enemies":"Malkuth","floor":51,"turns":6},{"damage":55,"enemies":"Hod","floor":51,"turns":10},{"damage":25,"enemies":"Geburah","floor":51,"turns":12},{"damage":91,"enemies":"Binah","floor":51,"turns":20}],"seed_played":"6815694136947897367","potions_obtained":[{"floor":2,"key":"Fire Potion"},{"floor":6,"key":"FairyPotion"},{"floor":8,"key":"DuplicationPotion"},{"floor":13,"key":"BloodPotion"},{"floor":16,"key":"Energy Potion"}],"is_trial":false,"path_per_floor":["M","M","M","M","?","E","M","E","T","$","M","R","M","M","R","B",null,"M","$","?","?","M","R","E","R","T","E","M","M","$","E","R","B",null,"M","?","M","M","$","E","R","M","T","E","$","M","M","M","R","B",null],"character_chosen":"IRONCLAD","items_purchased":["Metallicize","Orrery","Metallicize","Question Card","Reaper","Feel No Pain","Pummel"],"campfire_rested":1,"item_purchase_floors":[19,19,30,30,39,45,45],"current_hp_per_floor":[73,79,80,76,76,55,49,29,29,29,30,30,17,33,57,58,80,83,83,83,83,90,90,95,95,95,93,93,95,95,95,95,95,95,95,95,95,95,95,74,74,79,79,95,95,97,97,79,79,97],"gold":71,"neow_bonus":"","is_daily":false,"chose_seed":false,"campfire_upgraded":6,"win_rate":0.0,"timestamp":1607770340,"path_taken":["M","M","M","M","?","E","M","E","T","$","M","R","M","M","R","BOSS","M","$","?","?","M","R","E","R","T","E","M","M","$","E","R","BOSS","M","?","M","M","$","E","R","M","T","E","$","M","M","M","R","BOSS"],"items_purchased_type":["Card","Relic","Card","Relic","Card","Card","Card"],"build_version":"2020-11-30","purchased_purges":2,"victory":true,"max_hp_per_floor":[80,80,80,80,80,80,80,80,80,80,80,80,80,80,80,80,80,95,95,95,95,95,95,95,95,95,95,95,95,95,95,95,95,95,95,95,95,95,95,95,95,95,95,95,95,97,97,97,97,97],"card_choices":[{"not_picked":["WallGazer","UniverseFragment"],"picked":"MHz","floor":1},{"not_picked":["Flex","Iron Wave","Armaments"],"picked":"SKIP","floor":1},{"not_picked":["BeautyBeast","Wellcheers","DespairKnight"],"picked":"Singing Bowl","floor":2},{"not_picked":["Freischutz","Scorched"],"picked":"CrumblingArmor","floor":2},{"not_picked":["Entrench","Flex"],"picked":"Evolve","floor":2},{"not_picked":["Wellcheers","DespairKnight","Rudolta"],"picked":"Singing Bowl","floor":3},{"not_picked":["Headbutt","Flex"],"picked":"Carnage","floor":3},{"not_picked":["LaLuna","UniverseFragment","Funeral"],"picked":"Singing Bowl","floor":4},{"not_picked":["Twin Strike","Flame Barrier","Thunderclap"],"picked":"SKIP","floor":4},{"not_picked":["Murderer","HappyTeddy","OldLady"],"picked":"Singing Bowl","floor":6},{"not_picked":["Thunderclap","Double Tap"],"picked":"Brutality","floor":6},{"not_picked":["Wellcheers","Yin","MeatLantern"],"picked":"Singing Bowl","floor":7},{"not_picked":["Cleave","Bloodletting"],"picked":"Heavy Blade","floor":7},{"not_picked":["BigBadWolf","Bloodbath","GreedKing"],"picked":"Singing Bowl","floor":8},{"not_picked":["DreamingCurrent","UniverseFragment"],"picked":"OSAHOGD","floor":8},{"not_picked":["Searing Blow","Sever Soul","Armaments"],"picked":"SKIP","floor":8},{"not_picked":["DreamingCurrent","SingingMachine","Wellcheers"],"picked":"Singing Bowl","floor":11},{"not_picked":["Shockwave","Cleave","Anger"],"picked":"SKIP","floor":11},{"not_picked":["NakedNest","SingingMachine","SnowQueen"],"picked":"Singing Bowl","floor":13},{"not_picked":["OldLady","Scorched"],"picked":"CENSORED","floor":13},{"not_picked":["Rampage","Shockwave"],"picked":"Evolve","floor":13},{"not_picked":["CherryBlossoms","QueenBee","Scorched"],"picked":"Singing Bowl","floor":14},{"not_picked":["Twin Strike","Havoc","Dropkick"],"picked":"SKIP","floor":14},{"not_picked":["Clothesline","Second Wind"],"picked":"Ghostly Armor","floor":15},{"not_picked":["ShyLook","DespairKnight","MeatLantern"],"picked":"Singing Bowl","floor":16},{"not_picked":["Fiend Fire","Offering"],"picked":"Juggernaut","floor":16},{"not_picked":["FairyFestival","HappyTeddy","QueenBee"],"picked":"Singing Bowl","floor":18},{"not_picked":["Clash+1","Body Slam"],"picked":"Reckless Charge+1","floor":18},{"not_picked":["Clothesline","Sword Boomerang+1"],"picked":"Metallicize+1","floor":19},{"not_picked":["Searing Blow","Disarm"],"picked":"Blood for Blood+1","floor":19},{"not_picked":["Body Slam","Flex+1"],"picked":"Hemokinesis","floor":19},{"not_picked":["MeatLantern","Scarecrow","Scorched"],"picked":"Singing Bowl","floor":22},{"not_picked":["Power Through","Havoc"],"picked":"Ghostly Armor","floor":22},{"not_picked":["Scorched","SingingMachine","MeatLantern"],"picked":"Singing Bowl","floor":24},{"not_picked":["Shockwave","Flex+1"],"picked":"Heavy Blade","floor":24},{"not_picked":["CherryBlossoms","GreedKing","ShyLook"],"picked":"Singing Bowl","floor":27},{"not_picked":["SpiderBud","Bloodbath"],"picked":"VoidDream","floor":27},{"not_picked":["Brutality","Sword Boomerang"],"picked":"Heavy Blade+1","floor":27},{"not_picked":["FairyFestival","Bloodbath","CherryBlossoms"],"picked":"Singing Bowl","floor":28},{"not_picked":["Shrug It Off","Armaments","Cleave+1"],"picked":"SKIP","floor":28},{"not_picked":["PunishingBird","ShyLook","BigBird"],"picked":"Singing Bowl","floor":29},{"not_picked":["Clothesline","Second Wind+1","True Grit"],"picked":"SKIP","floor":29},{"not_picked":["Laetitia","Wellcheers","QueenBee"],"picked":"Singing Bowl","floor":31},{"not_picked":["Dropkick","Anger+1","Warcry"],"picked":"Exhume","floor":31},{"not_picked":["SpiderBud","Funeral","BodiesMountain"],"picked":"Singing Bowl","floor":33},{"not_picked":["Impervious","Corruption","Offering"],"picked":"Limit Break","floor":33},{"not_picked":["UniverseFragment","LongBird","QueenOfHatred"],"picked":"Singing Bowl","floor":35},{"not_picked":["Sever Soul","Shrug It Off+1","Perfected Strike","Power Through"],"picked":"SKIP","floor":35},{"not_picked":["BlackArmy","BigBadWolf","HappyTeddy"],"picked":"Singing Bowl","floor":37},{"not_picked":["Thunderclap","Cleave+1","Seeing Red","Sword Boomerang"],"picked":"SKIP","floor":37},{"not_picked":["SpiderBud","Funeral","Mercenary"],"picked":"Singing Bowl","floor":38},{"not_picked":["Cleave+1","Twin Strike+1","Armaments+1"],"picked":"Headbutt","floor":38},{"not_picked":["SpiderBud","WhitesApple","WallGazer"],"picked":"Singing Bowl","floor":40},{"not_picked":["Disarm+1","Twin Strike","Flame Barrier"],"picked":"Impervious","floor":40},{"not_picked":["WhiteNight","PunishingBird","BlackSwan"],"picked":"Singing Bowl","floor":42},{"not_picked":["Flame Barrier","Uppercut+1","Evolve+1"],"picked":"Fire Breathing+1","floor":42},{"not_picked":["SilentOrchestra","NothingThere","WallGazer"],"picked":"Singing Bowl","floor":44},{"not_picked":["Shrug It Off","Sentinel+1","Headbutt"],"picked":"Barricade","floor":44},{"not_picked":["RedShoes","Woodsman","Laetitia"],"picked":"Singing Bowl","floor":46},{"not_picked":["Spot Weakness","Cleave","Feed","Reckless Charge"],"picked":"Singing Bowl","floor":46},{"not_picked":["Yin","GreedKing","BigBird"],"picked":"Singing Bowl","floor":47},{"not_picked":["Power Through","Hemokinesis","Pommel Strike"],"picked":"Entrench","floor":47},{"not_picked":["LittleHelper","Woodsman","QueenBee"],"picked":"Singing Bowl","floor":48},{"not_picked":["Ghostly Armor+1","Whirlwind","Reckless Charge+1"],"picked":"Dual Wield+1","floor":48}],"player_experience":199247,"relics_obtained":[{"floor":6,"key":"Dream Catcher"},{"floor":8,"key":"InkBottle"},{"floor":9,"key":"Self Forming Clay"},{"floor":24,"key":"Lantern"},{"floor":26,"key":"War Paint"},{"floor":27,"key":"Lizard Tail"},{"floor":29,"key":"AtMidnight"},{"floor":31,"key":"Mercury Hourglass"},{"floor":40,"key":"Bag of Marbles"},{"floor":43,"key":"Singing Bowl"},{"floor":44,"key":"Bag of Preparation"}],"event_choices":[{"damage_healed":0,"gold_gain":175,"player_choice":"AGREE","damage_taken":0,"max_hp_gain":0,"max_hp_loss":0,"event_name":"Liars Game","floor":5,"gold_loss":0,"cards_obtained":["Doubt"]},{"damage_healed":0,"gold_gain":0,"cards_transformed":["Defend_R","Defend_R"],"player_choice":"Became Test Subject","damage_taken":0,"max_hp_gain":0,"max_hp_loss":0,"event_name":"Drug Dealer","floor":20,"gold_loss":0,"cards_obtained":["Sword Boomerang","Shrug It Off"]},{"damage_healed":0,"gold_gain":0,"player_choice":"Ignored","damage_taken":0,"max_hp_gain":0,"max_hp_loss":0,"event_name":"Ghosts","floor":21,"gold_loss":0},{"cards_removed":["Strike_R"],"damage_healed":0,"gold_gain":0,"player_choice":"Removed Attack","damage_taken":0,"max_hp_gain":0,"max_hp_loss":0,"event_name":"Falling","floor":36,"gold_loss":0}],"is_beta":false,"boss_relics":[{"not_picked":["Runic Pyramid","SlaversCollar"],"picked":"Sozu"},{"not_picked":["SacredBark","Runic Dome"],"picked":"Runic Cube"}],"items_purged_floors":[10,19],"is_endless":false,"potions_floor_spawned":[2,6,8,13,16,22,24,27,31,42,44,46,48],"ascension_level":1}}