{"host":"npubv26u89aif4fa","time":1607795100,"event":{"mods":["Bard","BaseMod","Better Vampires","Colored Powertips","GifTheSpireLib","GungeonMod","Hubris","Luminous","Marisa£®ÏF”Í°°ƒß¿Ì…≥£©","Minty Spire (QoL Compilation)","Reimu£®≤©¿ˆ¡È√Œ£©","Remilia£®¿Ÿ√◊¿Ú—«£©","Replay The Spire","StSLib","Td1madao Mod","The Bug Knight","The Cursed","The Hierophant","The Runesmith","Youmu£®ªÍ∆«—˝√Œ£©","[µÿæ´ ◊¡Ï≈¿À˛]The Maniac"],"gold_per_floor":[112,112,129,78,253,263,295,311,311,311,311],"floor_reached":10,"playtime":924,"items_purged":[],"score":68,"play_id":"df2b73a5-3227-406b-9896-2a6e698a0df7","local_time":"20201213014500","is_ascension_mode":false,"campfire_choices":[],"circlet_count":0,"master_deck":["Strike_G","Strike_G","Strike_G","Strike_G","Strike_G","Defend_G","Defend_G","Defend_G","Defend_G","Defend_G","Survivor","Neutralize","Defend_RM","Defend_P","hubris:EnhanceAbility","Blur","Neutralize","After Image","Heel Hook","ReplayTheSpireMod:Shiv Toss","Blade Dance","Doubt","Hidden Blade","Hidden Blade"],"relics":["Ring of the Snake","DemoMod:LamentConfigurum","Replay:Bottled Flurry"],"acts_visited":["Exordium"],"potions_floor_usage":[7,8],"damage_taken":[{"damage":0.0,"enemies":"Small Slimes","floor":1.0,"turns":4.0},{"damage":0,"enemies":"Cultist","floor":3,"turns":7},{"damage":0,"enemies":"Jaw Worm","floor":6,"turns":5},{"damage":24,"enemies":"Gremlin Nob","floor":7,"turns":6},{"damage":21,"enemies":"Large Slime","floor":8,"turns":12},{"damage":32,"enemies":"3 Sentries","floor":10,"turns":10}],"seed_played":"-1318171786569992433","potions_obtained":[{"floor":1.0,"key":"DemoMod:LeadSkinPotion"},{"floor":3,"key":"FearPotion"},{"floor":8,"key":"FearPotion"}],"is_trial":false,"path_per_floor":["M","?","M","$","?","M","E","M","T","E"],"character_chosen":"THE_SILENT","items_purchased":["Blade Dance"],"campfire_rested":0,"item_purchase_floors":[4],"current_hp_per_floor":[70,70,70,70,70,70,46,25,25,0,0],"gold":311,"neow_bonus":"RANDOM_COLORLESS_2","is_daily":false,"chose_seed":false,"campfire_upgraded":0,"win_rate":0.0,"timestamp":1607795100,"path_taken":["M","?","M","?","?","M","E","M","T","E"],"items_purchased_type":["Card"],"build_version":"2020-11-30","purchased_purges":0,"victory":false,"max_hp_per_floor":[70,70,70,70,70,70,70,70,70,70,70],"card_choices":[{"not_picked":["Violence","Thinking Ahead"],"picked":"hubris:EnhanceAbility","floor":0.0},{"not_picked":["Acrobatics","Dagger Spray"],"picked":"Blur","floor":1.0},{"not_picked":["Quick Slash","Eviscerate"],"picked":"ReplayTheSpireMod:Shiv Toss","floor":3},{"not_picked":["Well Laid Plans","Dagger Throw"],"picked":"Hidden Blade","floor":6},{"not_picked":["Bane","Acrobatics","Dagger Throw"],"picked":"SKIP","floor":7},{"not_picked":["Backflip","PiercingWail"],"picked":"Hidden Blade","floor":8}],"player_experience":43053,"relics_obtained":[{"floor":7,"key":"DemoMod:LamentConfigurum"},{"floor":9,"key":"Replay:Bottled Flurry"}],"event_choices":[{"damage_healed":0,"gold_gain":0,"player_choice":"3 cards matched","damage_taken":0,"max_hp_gain":0,"max_hp_loss":0,"event_name":"Match and Keep!","floor":2,"gold_loss":0,"cards_obtained":["Neutralize","After Image","Heel Hook"]},{"damage_healed":0,"gold_gain":175,"player_choice":"AGREE","damage_taken":0,"max_hp_gain":0,"max_hp_loss":0,"event_name":"Liars Game","floor":5,"gold_loss":0,"cards_obtained":["Doubt"]}],"is_beta":false,"boss_relics":[],"items_purged_floors":[],"is_endless":false,"potions_floor_spawned":[1,3,8],"killed_by":"3 Sentries","ascension_level":0}}