{"host":"mszes4kzl3qk0fcx","time":1607815975,"event":{"mods":["BaseMod","Minty Spire (QoL Compilation)","StSLib","The Administrix","The Animator"],"gold_per_floor":[122,135,146,163,182,182,199,230,283,317,317,330,341,361,361,463,463,506,605,621,638,648,679,679,128,179,224,240,240,91,91,91],"floor_reached":31,"playtime":3629,"items_purged":[],"score":324,"play_id":"0be03ca6-4fd5-44f9-b713-dc825d5be1db","local_time":"20201212183255","is_ascension_mode":true,"campfire_choices":[{"data":"animator:Tyuule","floor":6,"key":"SMITH"},{"floor":11,"key":"REST"},{"floor":15,"key":"REST"},{"floor":24,"key":"REST"}],"circlet_count":0,"master_deck":["animator:Strike_Fate","animator:Defend_Fate","animator:Strike","animator:Strike","animator:Strike","animator:Defend","animator:Defend","animator:Defend","animator:Alexander","animator:Rider","animator:Assassin","animator:Alexander","animator:Tyuule+1","animator:Archer","animator:Archer","animator:Raven","animator:EmiyaShirou","animator:EmiyaShirou","animator:Illya","animator:RoyMustang","animator:Shalltear","animator:ChaikaTrabant","CurseOfTheBell","animator:Berserker","animator:Entoma+2","animator:RinTohsaka+1","animator:EmiyaShirou","animator:Priestess","animator:Assassin","animator:Witch","animator:Tyuule"],"relics":["animator:LivingPicture","animator:TheMissingPiece","animator:PurgingStone","Bag of Marbles","Centennial Puzzle","Calling Bell","Blood Vial","Mummified Hand","Ice Cream","Juzu Bracelet","ClockworkSouvenir","Vajra","Toy Ornithopter","Omamori","Shuriken","Question Card","Medical Kit"],"acts_visited":["Exordium","TheCity"],"potions_floor_usage":[4,8,10,16,16,20,22,23],"damage_taken":[{"damage":0,"enemies":"Cultist","floor":1,"turns":3},{"damage":1,"enemies":"Small Slimes","floor":2,"turns":4},{"damage":2,"enemies":"Jaw Worm","floor":3,"turns":4},{"damage":19,"enemies":"Blue Slaver","floor":4,"turns":5},{"damage":15,"enemies":"Looter","floor":5,"turns":4},{"damage":0,"enemies":"Exordium Thugs","floor":7,"turns":2},{"damage":14,"enemies":"Exordium Wildlife","floor":8,"turns":3},{"damage":8,"enemies":"3 Sentries","floor":10,"turns":6},{"damage":2,"enemies":"Looter","floor":12,"turns":3},{"damage":9,"enemies":"Large Slime","floor":13,"turns":4},{"damage":14,"enemies":"3 Louse","floor":14,"turns":3},{"damage":43,"enemies":"The Guardian","floor":16,"turns":8},{"damage":18,"enemies":"2 Thieves","floor":18,"turns":3},{"damage":0,"enemies":"3 Byrds","floor":20,"turns":3},{"damage":3,"enemies":"3 Cultists","floor":21,"turns":4},{"damage":18,"enemies":"Centurion and Healer","floor":22,"turns":5},{"damage":28,"enemies":"Gremlin Leader","floor":23,"turns":7},{"damage":48,"enemies":"Book of Stabbing","floor":27,"turns":6},{"damage":3,"enemies":"Chosen and Byrds","floor":28,"turns":5},{"damage":6,"enemies":"3 Cultists","floor":31,"turns":3}],"seed_played":"6931842376788148228","potions_obtained":[{"floor":1,"key":"FairyPotion"},{"floor":2,"key":"Swift Potion"},{"floor":3,"key":"SteroidPotion"},{"floor":5,"key":"LiquidBronze"},{"floor":12,"key":"PowerPotion"},{"floor":13,"key":"AttackPotion"},{"floor":16,"key":"Fire Potion"},{"floor":20,"key":"LiquidMemories"},{"floor":22,"key":"Energy Potion"}],"is_trial":false,"path_per_floor":["M","M","M","M","M","R","M","M","T","E","R","M","M","M","R","B",null,"M","?","M","M","M","E","R","$","T","E","M","?","$","M"],"character_chosen":"THE_ANIMATOR","items_purchased":["ClockworkSouvenir","Vajra","animator:Priestess","Toy Ornithopter","animator:Assassin","Medical Kit"],"campfire_rested":3,"item_purchase_floors":[25,25,25,25,25,30],"current_hp_per_floor":[60,59,57,39,24,24,24,10,10,2,25,24,15,1,25,10,80,62,62,64,67,51,25,50,50,50,4,3,3,3,0,0],"gold":91,"neow_bonus":"TWENTY_PERCENT_HP_BONUS","is_daily":false,"chose_seed":false,"campfire_upgraded":1,"win_rate":0.0,"timestamp":1607815975,"path_taken":["M","M","M","M","M","R","M","?","T","E","R","M","M","M","R","BOSS","M","?","M","M","M","E","R","$","T","E","M","?","?","M"],"items_purchased_type":["Relic","Relic","Card","Relic","Card","Relic"],"build_version":"2020-11-30","purchased_purges":0,"victory":false,"max_hp_per_floor":[78,78,78,79,79,79,79,79,79,79,79,80,80,80,80,80,80,80,80,80,84,84,84,84,84,84,84,84,84,84,84,84],"card_choices":[{"not_picked":["animator:AcuraAkari","animator:PandorasActor"],"picked":"animator:Assassin","floor":1},{"not_picked":["animator:Demiurge","animator:DwarfShaman"],"picked":"animator:Alexander","floor":2},{"not_picked":["animator:Ain","animator:YaoHaDucy"],"picked":"animator:Tyuule","floor":3},{"not_picked":["animator:Alexander","animator:ShinjiMatou"],"picked":"animator:Archer","floor":4},{"not_picked":["animator:YaoHaDucy","animator:Ciel"],"picked":"animator:Archer","floor":5},{"not_picked":["animator:YaoHaDucy","animator:Sebas"],"picked":"animator:Raven","floor":7},{"not_picked":["animator:Alexander","animator:Rider"],"picked":"animator:EmiyaShirou","floor":8},{"not_picked":["animator:Illya","animator:Berserker"],"picked":"animator:EmiyaShirou","floor":10},{"not_picked":["animator:DwarfShaman","animator:Spearman"],"picked":"animator:Illya","floor":12},{"not_picked":["animator:Layla","animator:Raven"],"picked":"animator:RoyMustang","floor":13},{"not_picked":["animator:Benimaru","animator:NarberalGamma"],"picked":"animator:Shalltear","floor":14},{"not_picked":["animator:GoblinSlayer","animator:Ainz"],"picked":"animator:ChaikaTrabant","floor":16},{"not_picked":["animator:Illya","animator:Rider"],"picked":"animator:Berserker","floor":18},{"not_picked":["animator:Lu","animator:Pride+1"],"picked":"animator:Entoma","floor":20},{"not_picked":["animator:Spearman","animator:Chung"],"picked":"animator:RinTohsaka+1","floor":21},{"not_picked":["animator:Millim+1","animator:Genos"],"picked":"animator:Entoma","floor":22},{"not_picked":["animator:Alexander","animator:Illya"],"picked":"animator:EmiyaShirou","floor":23},{"not_picked":["animator:Gillette","animator:Benimaru"],"picked":"animator:Witch","floor":27},{"not_picked":["animator:DwarfShaman","animator:Elsword"],"picked":"animator:Tyuule","floor":28}],"player_experience":486505,"relics_obtained":[{"floor":9,"key":"Bag of Marbles"},{"floor":10,"key":"Centennial Puzzle"},{"floor":17,"key":"Blood Vial"},{"floor":17,"key":"Mummified Hand"},{"floor":17,"key":"Ice Cream"},{"floor":23,"key":"Juzu Bracelet"},{"floor":26,"key":"Omamori"},{"floor":27,"key":"Shuriken"}],"event_choices":[{"damage_healed":0,"gold_gain":99,"player_choice":"Stole From Cult","damage_taken":0,"max_hp_gain":0,"max_hp_loss":0,"event_name":"Nest","floor":19,"gold_loss":0},{"damage_healed":0,"gold_gain":0,"player_choice":"Opened","damage_taken":0,"relics_obtained":["Question Card"],"max_hp_gain":0,"max_hp_loss":0,"event_name":"The Mausoleum","floor":29,"gold_loss":0}],"is_beta":false,"boss_relics":[{"not_picked":["Fusion Hammer","Tiny House"],"picked":"Calling Bell"}],"items_purged_floors":[],"is_endless":false,"potions_floor_spawned":[1,2,3,5,12,13,16,20,22],"killed_by":"3 Cultists","ascension_level":1}}