{"host":"Ian","time":1607813724,"event":{"mods":["BaseMod","Bestiary","Block Reminder","Colored Map","Highlight Path","Key Reminder","Minty Spire (QoL Compilation)","Relic Stats"],"gold_per_floor":[117,132,132,73,73,107,120,135,181,181,216,0,0,16,16,95,95,75,90,105,105,123,123,123],"floor_reached":23,"playtime":836,"items_purged":[],"score":406,"play_id":"380d712d-638e-46d0-a8a5-73cd4b73a511","local_time":"20201212225524","is_ascension_mode":true,"campfire_choices":[{"data":"Rage","floor":10,"key":"SMITH"},{"data":"Rage","floor":15,"key":"SMITH"}],"circlet_count":0,"master_deck":["AscendersBane","Strike_R+1","Strike_R+1","Strike_R+1","Strike_R+1","Strike_R+1","Defend_R+1","Defend_R+1","Defend_R+1","Defend_R+1","Bash","Pommel Strike","Demon Form","Perfected Strike+1","Rage+1","Twin Strike","Whirlwind","Rage+1","Juggernaut","Thunderclap","Anger"],"relics":["Burning Blood","Thread and Needle","InkBottle","Red Skull","Ancient Tea Set","Magic Flower","Regal Pillow","Mark of Pain"],"acts_visited":["Exordium","TheCity"],"potions_floor_usage":[11,14,16,16,22],"damage_taken":[{"damage":0,"enemies":"Jaw Worm","floor":1,"turns":5},{"damage":12,"enemies":"Small Slimes","floor":2,"turns":4},{"damage":24,"enemies":"Gremlin Nob","floor":6,"turns":4},{"damage":0,"enemies":"Cultist","floor":7,"turns":3},{"damage":0,"enemies":"2 Fungi Beasts","floor":8,"turns":2},{"damage":23,"enemies":"Lagavulin","floor":11,"turns":6},{"damage":3,"enemies":"Exordium Wildlife","floor":14,"turns":3},{"damage":16,"enemies":"Hexaghost","floor":16,"turns":6},{"damage":23,"enemies":"2 Thieves","floor":18,"turns":4},{"damage":27,"enemies":"Shell Parasite","floor":19,"turns":7},{"damage":17,"enemies":"3 Cultists","floor":20,"turns":4},{"damage":27,"enemies":"Snecko","floor":22,"turns":5},{"damage":19,"enemies":"Slavers","floor":23,"turns":3}],"seed_played":"3141172630461551799","potions_obtained":[{"floor":6,"key":"FearPotion"},{"floor":7,"key":"Swift Potion"},{"floor":14,"key":"DistilledChaos"},{"floor":18,"key":"Fruit Juice"},{"floor":20,"key":"BlessingOfTheForge"}],"is_trial":false,"path_per_floor":["M","M","?","$","?","E","M","M","T","R","E","$","?","M","R","B",null,"M","M","M","?","M","E"],"character_chosen":"IRONCLAD","items_purchased":["Perfected Strike","Regal Pillow","BloodPotion"],"campfire_rested":0,"item_purchase_floors":[4,12,12],"current_hp_per_floor":[56,50,45,45,45,27,33,39,39,39,22,22,22,43,43,36,65,51,33,25,25,15,0,0],"gold":123,"neow_bonus":"ONE_RARE_RELIC","is_daily":false,"chose_seed":false,"campfire_upgraded":2,"win_rate":0.0,"timestamp":1607813724,"path_taken":["M","M","?","$","?","E","M","M","T","R","E","$","?","?","R","BOSS","M","M","?","?","M","E"],"items_purchased_type":["Card","Relic","Potion"],"build_version":"2020-12-07","purchased_purges":0,"victory":false,"max_hp_per_floor":[75,75,75,75,75,75,75,75,75,75,75,75,75,75,75,75,75,75,75,75,75,80,80,80],"relic_stats":{"Regal Pillow":0,"counters":[13,56],"Magic Flower":[21],"obtain_stats":[{"Regal Pillow":12,"Magic Flower":11,"Thread and Needle":0,"Mark of Pain":17,"Ancient Tea Set":9,"Burning Blood":0,"InkBottle":3,"Red Skull":6},{"Regal Pillow":6,"Magic Flower":6,"Thread and Needle":0,"Mark of Pain":8,"Ancient Tea Set":5,"Burning Blood":0,"InkBottle":2,"Red Skull":3},{"Regal Pillow":24,"Magic Flower":24,"Thread and Needle":0,"Mark of Pain":33,"Ancient Tea Set":18,"Burning Blood":0,"InkBottle":9,"Red Skull":13}],"Burning Blood":90,"InkBottle":[11]},"card_choices":[{"not_picked":["Heavy Blade","Flex"],"picked":"Pommel Strike","floor":1},{"not_picked":["Warcry","Wild Strike"],"picked":"Demon Form","floor":2},{"not_picked":["Wild Strike","Reckless Charge","Warcry"],"picked":"SKIP","floor":6},{"not_picked":["Headbutt","Infernal Blade"],"picked":"Rage","floor":7},{"not_picked":["Cleave","Thunderclap"],"picked":"Twin Strike","floor":8},{"not_picked":["Rupture","Armaments"],"picked":"Whirlwind","floor":11},{"not_picked":["Dropkick","Limit Break"],"picked":"Rage","floor":14},{"not_picked":["Corruption","Immolate"],"picked":"Juggernaut","floor":16},{"not_picked":["Fire Breathing","True Grit"],"picked":"Thunderclap","floor":18},{"not_picked":["Headbutt","Twin Strike","Heavy Blade"],"picked":"SKIP","floor":19},{"not_picked":["Pommel Strike","Body Slam"],"picked":"Anger","floor":20},{"not_picked":["Heavy Blade","Anger+1","Cleave"],"picked":"SKIP","floor":22}],"player_experience":2511901,"relics_obtained":[{"floor":6,"key":"Red Skull"},{"floor":9,"key":"Ancient Tea Set"},{"floor":11,"key":"Magic Flower"}],"event_choices":[{"damage_healed":0,"gold_gain":0,"player_choice":"Success","damage_taken":5,"relics_obtained":["InkBottle"],"max_hp_gain":0,"max_hp_loss":0,"event_name":"Scrap Ooze","floor":3,"gold_loss":0},{"damage_healed":0,"gold_gain":0,"player_choice":"Grow","damage_taken":0,"max_hp_gain":0,"max_hp_loss":0,"event_name":"Living Wall","floor":5,"gold_loss":0,"cards_upgraded":["Perfected Strike"]},{"damage_healed":0,"gold_gain":0,"player_choice":"Searched \u00270\u0027 times","damage_taken":0,"max_hp_gain":0,"max_hp_loss":0,"event_name":"Dead Adventurer","floor":13,"gold_loss":0},{"damage_healed":0,"gold_gain":0,"player_choice":"Simplicity","damage_taken":0,"max_hp_gain":0,"max_hp_loss":0,"event_name":"Back to Basics","floor":21,"gold_loss":0,"cards_upgraded":["Strike_R","Strike_R","Strike_R","Strike_R","Strike_R","Defend_R","Defend_R","Defend_R","Defend_R"]}],"is_beta":true,"boss_relics":[{"not_picked":["Tiny House","Snecko Eye"],"picked":"Mark of Pain"}],"items_purged_floors":[],"is_endless":false,"potions_floor_spawned":[6,7,8,14,18,20],"killed_by":"Slavers","ascension_level":20}}