{"host":"9vk21r6l9dtkpvh9","time":1607786365,"event":{"mods":["2.2 Compatiblity","AchievementEnabler","Act Like it!","Astrologer","Bard","Bartender","BaseMod","Better Altar","Better Match","Better Note","Better Sensory Stone","Better Skull","Better Third Choice","CapriCore","CatGirl Mod","Colored Map","Colored Powertips","Conspire","DeckTracker","Downfall","Energized Spire","Fiend Mod","Gensokyo","GifTheSpireLib","Hermit","Hubris","Infinite Spire","Jorbs\u0027s Wanderer Trilogy","Koishi","Luminous","Mad Scientist","Marisa????????","Mimic Mod","Minty Spire (QoL Compilation)","Potionbrewer","Rare Cards Sparkle","Relic Stats","Replay The Spire","SOS???????","Shade Mod","Somnambulant","Spicy Shops","StSLib","SuperFastMode","Td1madao Mod","The Animator","The Construct","The Forsaken","The Gatherer","The Hierophant","The Immortal","The Jungle","The Mystic","The Necromancer","The Runesmith","The Senshi","The Servant 0.9.4","The Trickster","The Valiant","The Wild Card","TheBandit","TheSwordswoman","TheWitcher","WarShipGirlsR/????R mod","vexMod","???Mod??????Boss"],"gold_per_floor":[119,136,136,12,29,57,57,77,77,91,91,107,67,67,67,162,112,123,123,142,160,210,210,244,259,259,277,277,312,312,323,323,323,323],"floor_reached":33,"playtime":2229,"items_purged":[],"score":269,"play_id":"e7efa258-0630-4ff4-b445-0a0e843b4123","local_time":"20201212101924","is_ascension_mode":false,"campfire_choices":[{"data":"Halt","floor":7,"key":"SMITH"},{"floor":11,"key":"REST"},{"data":"Adaptation","floor":23,"key":"SMITH"},{"floor":30,"key":"REST"},{"floor":32,"key":"REST"}],"circlet_count":0,"master_deck":["Strike_P","Strike_P","Defend_P","Defend_P","Defend_P","Defend_P","Eruption","Vigilance+1","Crescendo","Prostrate","FlyingSleeves","EmptyBody","Halt+1","Sanctity+1","EmptyFist","FlurryOfBlows","Strike_P","PathToVictory","Adaptation+1","Decay","CarveReality","Study","Wallop+1","SashWhip+1","Consecrate+1","Blasphemy"],"relics":["PureWater","Mirror","Chameleon Ring","betterThird:SlimedRelic","vexMod:MysteryBossChallenge","energizedSpire:HugeHouse","Cleaning_Rag","infinitespire:BottledMercury"],"acts_visited":["Exordium","TheCity"],"potions_floor_usage":[21,25,33],"damage_taken":[{"damage":0,"enemies":"Small Slimes","floor":1,"turns":4},{"damage":0,"enemies":"Cultist","floor":2,"turns":3},{"damage":3,"enemies":"2 Louse","floor":5,"turns":3},{"damage":40,"enemies":"3 Sentries","floor":6,"turns":17},{"damage":10,"enemies":"Looter","floor":8,"turns":3},{"damage":0,"enemies":"2 Fungi Beasts","floor":10,"turns":4},{"damage":0,"enemies":"Large Slime","floor":12,"turns":4},{"damage":14,"enemies":"The Guardian","floor":16,"turns":17},{"damage":0,"enemies":"3 Byrds","floor":18,"turns":6},{"damage":0,"enemies":"Shell Parasite","floor":20,"turns":7},{"damage":33,"enemies":"Snake Plant","floor":21,"turns":3},{"damage":26,"enemies":"Book of Stabbing","floor":24,"turns":7},{"damage":0,"enemies":"Snecko","floor":25,"turns":4},{"damage":0,"enemies":"Shelled Parasite and Fungi","floor":27,"turns":4},{"damage":0,"enemies":"Chosen and Byrds","floor":29,"turns":4},{"damage":0,"enemies":"Chosen and Byrds","floor":31,"turns":5},{"damage":8,"enemies":"Collector","floor":33,"turns":6}],"seed_played":"768617398443497367","potions_obtained":[{"floor":8,"key":"DuplicationPotion"},{"floor":10,"key":"potionbrewer:CleansingPotion"},{"floor":12,"key":"Death Potion"},{"floor":16,"key":"Fire Potion"},{"floor":24,"key":"potionbrewer:EndurancePotion"},{"floor":25,"key":"Fire Potion"}],"is_trial":false,"path_per_floor":["M","M","?","$","M","E","R","M","T","M","R","M","?","?","R_BF","B",null,"M","?","M","M","?","R","E","M","T","M","?","MIM","R","M","R","B"],"character_chosen":"WATCHER","items_purchased":["FlyingSleeves","EmptyBody","potionbrewer:ToxicPotion"],"campfire_rested":3,"item_purchase_floors":[4,4,4],"current_hp_per_floor":[79,79,79,79,76,36,36,26,26,26,49,49,38,35,58,44,74,74,74,74,41,41,41,15,15,15,15,15,15,37,37,59,51,51],"gold":323,"neow_bonus":"TEN_PERCENT_HP_BONUS","is_daily":false,"chose_seed":false,"campfire_upgraded":2,"win_rate":0.0,"timestamp":1607786364,"path_taken":["M","M","?","?","M","E","R","M","T","M","R","?","?","?","R_BF","BOSS","M","?","M","M","?","R","E","M","T","M","?","?","R","M","R","BOSS"],"items_purchased_type":["Card","Card","Potion"],"build_version":"2020-11-30","purchased_purges":0,"victory":false,"max_hp_per_floor":[79,79,79,79,79,79,79,79,79,79,79,79,79,79,79,79,74,74,74,74,74,74,74,74,74,74,74,74,74,74,74,74,74,74],"relic_stats":{"counters":[17,101],"obtain_stats":[{"infinitespire:BottledMercury":29,"Chameleon Ring":9,"betterThird:SlimedRelic":13,"vexMod:MysteryBossChallenge":17,"energizedSpire:HugeHouse":17,"PureWater":0,"Mirror":6,"Cleaning_Rag":24},{"infinitespire:BottledMercury":15,"Chameleon Ring":5,"betterThird:SlimedRelic":7,"vexMod:MysteryBossChallenge":8,"energizedSpire:HugeHouse":8,"PureWater":0,"Mirror":4,"Cleaning_Rag":12},{"infinitespire:BottledMercury":90,"Chameleon Ring":30,"betterThird:SlimedRelic":38,"vexMod:MysteryBossChallenge":55,"energizedSpire:HugeHouse":55,"PureWater":0,"Mirror":27,"Cleaning_Rag":78}]},"card_choices":[{"not_picked":["Replay:BluntJabs","ClearTheMind"],"picked":"Crescendo","floor":1},{"not_picked":["Nirvana","Crescendo"],"picked":"Prostrate","floor":2},{"not_picked":["Fasting2","Protect"],"picked":"Halt","floor":5},{"not_picked":["Blasphemy","CrushJoints"],"picked":"Sanctity","floor":6},{"not_picked":["Halt","Replay:AtTheReady"],"picked":"EmptyFist","floor":8},{"not_picked":["BowlingBash","Sanctity","Replay:ManipulateFuture"],"picked":"SKIP","floor":10},{"not_picked":["Establishment","FollowUp"],"picked":"FlurryOfBlows","floor":12},{"not_picked":["DeusExMachina","SpiritShield"],"picked":"LessonLearned","floor":16},{"not_picked":["CrushJoints","Protect+1"],"picked":"Adaptation","floor":18},{"not_picked":["WreathOfFlame+1","ThirdEye","Replay:BluntJabs"],"picked":"SKIP","floor":20},{"not_picked":["Evaluate+1","Replay:ManipulateFuture"],"picked":"CarveReality","floor":21},{"not_picked":["FollowUp","BowlingBash"],"picked":"Study","floor":24},{"not_picked":["Fasting2","PathToVictory+1"],"picked":"Wallop+1","floor":25},{"not_picked":["Indignation","Crescendo"],"picked":"SashWhip","floor":27},{"not_picked":["Replay:BluntJabs","Replay:AtTheReady"],"picked":"Consecrate+1","floor":29},{"not_picked":["ClearTheMind","EmptyBody"],"picked":"Blasphemy","floor":31}],"player_experience":574317,"relics_obtained":[{"floor":6,"key":"Mirror"},{"floor":9,"key":"Chameleon Ring"},{"floor":24,"key":"Cleaning_Rag"},{"floor":29,"key":"infinitespire:BottledMercury"}],"event_choices":[{"cards_removed":["Strike_P"],"damage_healed":0,"gold_gain":0,"player_choice":"Offered Basic","damage_taken":0,"max_hp_gain":0,"max_hp_loss":0,"event_name":"Bonfire Elementals","floor":3,"gold_loss":0},{"damage_healed":0,"gold_gain":0,"player_choice":"Slimed","damage_taken":11,"max_hp_gain":0,"max_hp_loss":0,"event_name":"betterThird:BetterGoop","floor":13,"gold_loss":40},{"damage_healed":0,"gold_gain":0,"player_choice":"Cursed","damage_taken":0,"max_hp_gain":0,"max_hp_loss":0,"event_name":"Wheel of Change","floor":19,"gold_loss":0,"cards_obtained":["Decay"]},{"damage_healed":0,"gold_gain":100,"player_choice":"Bet on Murderer","damage_taken":0,"max_hp_gain":0,"max_hp_loss":0,"event_name":"The Joust","floor":22,"gold_loss":50},{"damage_healed":0,"gold_gain":0,"player_choice":"Forge","damage_taken":0,"max_hp_gain":0,"max_hp_loss":0,"event_name":"Accursed Blacksmith","floor":28,"gold_loss":0,"cards_upgraded":["SashWhip"]}],"is_beta":false,"boss_relics":[{"not_picked":["vexMod:NewClearReactor","conspire:RunicOctahedron"],"picked":"vexMod:MysteryBossChallenge"}],"items_purged_floors":[],"is_endless":false,"potions_floor_spawned":[8,10,12,16,24,25],"killed_by":"Collector","ascension_level":0}}