{"host":"htrf3ac8hcpiz3aq","time":1607749394,"event":{"mods":["Act Like it!","BaseMod","Colored Map","Colored Powertips","Highlight Path","Marisa£®ÏF”Í°°ƒß¿Ì…≥£©","Minty Spire (QoL Compilation)","Reimu£®≤©¿ˆ¡È√Œ£©","Replay The Spire","StSLib"],"gold_per_floor":[115,150,150,150,100,100,128,128,196,239,275,275,333,352,352,423,423,465,485,216,216,216],"floor_reached":21,"playtime":530,"items_purged":[],"score":378,"play_id":"c85439d2-3eb3-4bc4-a764-5ef2b193220e","local_time":"20201212130314","is_ascension_mode":true,"campfire_choices":[{"data":"HandOfGreed","floor":6.0,"key":"SMITH"},{"floor":8.0,"key":"REST"},{"data":"Perfected Strike","floor":12.0,"key":"SMITH"},{"data":"Berserk","floor":15.0,"key":"SMITH"}],"circlet_count":0,"master_deck":["AscendersBane","Strike_R","Strike_R","Strike_R","Strike_R","Strike_R","Defend_R","Defend_R","Defend_R","Defend_R","Bash","HandOfGreed+1","Anger","Uppercut+1","Cleave","Reaper","Shrug It Off","Perfected Strike+1","Berserk+1","Flex","Perfected Strike"],"relics":["Burning Blood","Anchor","ReplayTheSpireMod:Ninjato","Replay:Baseball","Ring of Chaos","Nunchaku"],"acts_visited":["Exordium","TheCity"],"potions_floor_usage":[],"damage_taken":[{"damage":6.0,"enemies":"Cultist","floor":1.0,"turns":3.0},{"damage":12.0,"enemies":"Jaw Worm","floor":2.0,"turns":2.0},{"damage":25.0,"enemies":"Lagavulin","floor":7.0,"turns":6.0},{"damage":1.0,"enemies":"Small Slimes","floor":10.0,"turns":3.0},{"damage":0.0,"enemies":"Red Slaver","floor":11.0,"turns":3.0},{"damage":25.0,"enemies":"3 Sentries","floor":13.0,"turns":6.0},{"damage":0.0,"enemies":"Exordium Wildlife","floor":14.0,"turns":2.0},{"damage":36.0,"enemies":"Hexaghost","floor":16.0,"turns":7.0},{"damage":0.0,"enemies":"Chosen","floor":18.0,"turns":3.0},{"damage":72.0,"enemies":"3 Byrds","floor":19.0,"turns":7.0},{"damage":53,"enemies":"Shelled Parasite and Fungi","floor":21,"turns":4}],"seed_played":"6537792803203856794","potions_obtained":[{"floor":2.0,"key":"LiquidBronze"},{"floor":4.0,"key":"ColorlessPotion"},{"floor":4.0,"key":"Regen Potion"},{"floor":13.0,"key":"Fire Potion"},{"floor":14.0,"key":"Energy Potion"},{"floor":16.0,"key":"BloodPotion"},{"floor":19.0,"key":"BloodPotion"}],"is_trial":false,"path_per_floor":["M","M","?","?","$","R","E","R","T","M","M","R","E","M","R","B",null,"M","M","$","M"],"character_chosen":"IRONCLAD","items_purchased":["Cleave","Nunchaku","Fruit Juice"],"campfire_rested":1,"item_purchase_floors":[5,20,20],"current_hp_per_floor":[68,62,62,62,62,62,43,63,63,68,68,68,49,55,55,31,59,65,34,39,0,0],"gold":216,"neow_bonus":"RANDOM_COLORLESS_2","is_daily":false,"chose_seed":false,"campfire_upgraded":3,"win_rate":0.0,"timestamp":1607749394,"path_taken":["M","?","?","?","$","R","E","R","T","?","M","R","E","M","R","BOSS","M","M","$","M"],"items_purchased_type":["Card","Relic","Potion"],"build_version":"2020-11-30","purchased_purges":0,"victory":false,"max_hp_per_floor":[68,68,68,68,68,68,68,68,68,68,68,68,68,68,68,68,68,68,68,73,73,73],"card_choices":[{"not_picked":["Sadistic Nature","Crow Ritual"],"picked":"HandOfGreed","floor":0.0},{"not_picked":["Entrench","Replay:Undeath\u0027s Touch"],"picked":"Anger","floor":1.0},{"not_picked":["Iron Wave","Flex"],"picked":"Uppercut","floor":2.0},{"not_picked":["Pommel Strike","Life Link"],"picked":"Reaper","floor":7.0},{"not_picked":["Feel No Pain","Burning Pact"],"picked":"Shrug It Off","floor":10.0},{"not_picked":["Anger","Clash"],"picked":"Perfected Strike","floor":11.0},{"not_picked":["True Grit","Shrug It Off","Reckless Charge"],"picked":"SKIP","floor":13.0},{"not_picked":["Armaments","Body Slam"],"picked":"Berserk","floor":14.0},{"not_picked":["Body Slam","Thunderclap"],"picked":"Flex","floor":18.0},{"not_picked":["Abandon","Blood for Blood"],"picked":"Perfected Strike","floor":19.0}],"player_experience":458664,"relics_obtained":[{"floor":7.0,"key":"Anchor"},{"floor":9.0,"key":"ReplayTheSpireMod:Ninjato"},{"floor":13.0,"key":"Replay:Baseball"}],"event_choices":[{"damage_healed":0.0,"max_hp_gain":0.0,"max_hp_loss":0.0,"gold_gain":0.0,"event_name":"Living Wall","player_choice":"Grow","floor":3.0,"gold_loss":0.0,"damage_taken":0.0,"cards_upgraded":["Uppercut"]},{"damage_healed":0.0,"max_hp_gain":0.0,"max_hp_loss":0.0,"gold_gain":0.0,"event_name":"Lab","player_choice":"Got Potions","floor":4.0,"gold_loss":0.0,"damage_taken":0.0}],"is_beta":false,"boss_relics":[{"not_picked":["Replay:Drink Me","Runic Cube"],"picked":"Ring of Chaos"}],"items_purged_floors":[],"is_endless":false,"potions_floor_spawned":[2,13,14,16,19],"killed_by":"Shelled Parasite and Fungi","ascension_level":20}}