{"host":"lzoxnxg22umz6vcf","time":1607804555,"event":{"mods":["AchievementEnabler","Bard","BaseMod","Better Altar","Better Match","Better Sensory Stone","Better Skull","Better Third Choice","Downfall","Hermit","Lobotomy","LobotomyExtend","Marked Mod","Minty Spire (QoL Compilation)","Railgun Mod","Replay The Spire","Spicy Shops","StSLib","The Animator","The Poker Player","TheArtist"],"gold_per_floor":[114,200,200,46,60,60,70,81,81,143,116,116,166,177,177,177,177],"floor_reached":16,"playtime":1167,"items_purged":[],"score":92,"play_id":"bf01d502-013b-4a3d-9b48-6005d794242f","local_time":"20201212222235","is_ascension_mode":false,"campfire_choices":[{"floor":6,"key":"REST"},{"floor":15,"key":"REST"}],"circlet_count":0,"master_deck":["hermit:Strike_Hermit","hermit:Strike_Hermit","hermit:Strike_Hermit","hermit:Strike_Hermit","hermit:Defend_Hermit","hermit:Defend_Hermit","hermit:Defend_Hermit+1","hermit:Defend_Hermit","hermit:Snapshot","hermit:Covet+1","LittlePrince","hermit:Headshot","hermit:Vantage","hermit:Determination","FairyFestival","hermit:Gestalt","hermit:EternalForm","OldLady"],"relics":["hermit:Momento","CogitoBucket","LetterFromLob","SsserpentHead","Bronze Scales","Lantern","War Paint","BackwardClock"],"acts_visited":["Exordium"],"potions_floor_usage":[10,16,16,16],"damage_taken":[{"damage":0,"enemies":"2 Louse","floor":1,"turns":3},{"damage":9,"enemies":"Jaw Worm","floor":5,"turns":3},{"damage":1,"enemies":"Cultist","floor":7,"turns":4},{"damage":15,"enemies":"Lots of Slimes","floor":8,"turns":5},{"damage":7,"enemies":"Large Slime","floor":10,"turns":7},{"damage":19,"enemies":"Red Slaver","floor":14,"turns":4},{"damage":74,"enemies":"Hexaghost","floor":16,"turns":9}],"seed_played":"5213202152604441919","potions_obtained":[{"floor":5,"key":"SteroidPotion"},{"floor":8,"key":"Weak Potion"},{"floor":10,"key":"Strength Potion"},{"floor":13,"key":"Doom Potion"}],"is_trial":false,"path_per_floor":["M","?","?","$","M","R","M","M","T","M","$","$","?","M","R","B"],"character_chosen":"HERMIT","items_purchased":["Bronze Scales","War Paint"],"campfire_rested":2,"item_purchase_floors":[4,11],"current_hp_per_floor":[75,45,45,45,36,58,57,45,45,45,45,45,45,28,50,0,0],"gold":177,"neow_bonus":"","is_daily":false,"chose_seed":false,"campfire_upgraded":0,"win_rate":0.0,"timestamp":1607804555,"path_taken":["M","?","?","$","M","R","M","M","T","?","?","$","?","M","R","BOSS"],"items_purchased_type":["Relic","Relic"],"build_version":"2020-11-30","purchased_purges":0,"victory":false,"max_hp_per_floor":[75,75,75,75,75,75,75,75,75,75,75,75,75,75,75,75,75],"card_choices":[{"not_picked":["WallGazer","MeatLantern"],"picked":"LittlePrince","floor":1},{"not_picked":["hermit:CalledShot","hermit:HoleUp"],"picked":"hermit:Headshot","floor":1},{"not_picked":["hermit:Roulette","hermit:Feint"],"picked":"hermit:Vantage","floor":2},{"not_picked":["hermit:Malice","hermit:BigShot"],"picked":"hermit:Determination","floor":2},{"not_picked":["SpiderBud","Laetitia"],"picked":"FairyFestival","floor":5},{"not_picked":["hermit:ShadowCloak","hermit:Manifest"],"picked":"hermit:Gestalt","floor":5},{"not_picked":["hermit:Manifest","hermit:Roulette"],"picked":"hermit:EternalForm","floor":7},{"not_picked":["hermit:HighCaliber","hermit:SprayPray","hermit:FlashPowder"],"picked":"SKIP","floor":8},{"not_picked":["hermit:HighCaliber","hermit:SprayPray","hermit:FlashPowder"],"picked":"SKIP","floor":8},{"not_picked":["Scarecrow","CherryBlossoms"],"picked":"OldLady","floor":10},{"not_picked":["hermit:Coalescence","hermit:LowProfile","hermit:Spite"],"picked":"SKIP","floor":10},{"not_picked":["hermit:Grudge","hermit:TrackingShot","hermit:RoundhouseKick"],"picked":"SKIP","floor":14},{"not_picked":["hermit:Grudge","hermit:TrackingShot","hermit:RoundhouseKick"],"picked":"SKIP","floor":14}],"player_experience":47179,"relics_obtained":[{"floor":1,"key":"LetterFromLob"},{"floor":9,"key":"Lantern"}],"event_choices":[{"damage_healed":0,"gold_gain":0,"player_choice":"Trade","damage_taken":0,"relics_obtained":["SsserpentHead"],"max_hp_gain":0,"max_hp_loss":0,"event_name":"FaceTrader","floor":3,"gold_loss":0},{"damage_healed":0,"gold_gain":0,"player_choice":"Got Potions","damage_taken":0,"max_hp_gain":0,"max_hp_loss":0,"event_name":"Lab","floor":13,"gold_loss":0}],"is_beta":false,"boss_relics":[],"items_purged_floors":[],"is_endless":false,"potions_floor_spawned":[5,8,10],"killed_by":"Hexaghost","ascension_level":0}}