{"host":"9d9dhukr2jywmy0f","time":1607773924,"event":{"mods":["2.2 Compatiblity","Alarm Clock","BaseMod","Bestiary","Block Reminder","Colored Map","Colored Powertips","Curses Come First","DeckTracker","Displayed Cursed Tome","Highlight Path","Key Reminder","Keyboard Shortcuts","Minty Spire (QoL Compilation)","MonsterHotkey","Potion Indicator Mod","Quick Restart","RNG Fix","Rare Cards Sparkle","Relic Sorter","Relic Stats","Spire Birthday Party","StSLib","Synergy Search","The Poker Player","Unceasing Turn Reminder","Unknown Chances"],"gold_per_floor":[363,376,376,387,405,405,405,405,431,444,444,70,103,3,3,107,107,127,145,145,145,157,157,185,204,204,204,204,204,223,242,242,337,337,347,363,363,381,428,428,457,477,477,512,512,612,343,343,343,343,343,343,139,172,172],"floor_reached":56,"playtime":3010,"items_purged":["PokerPlayerMod:Club1","PokerPlayerMod:Diamond2"],"score":1569,"play_id":"24ab914c-c2df-4c93-ba8a-086307199404","local_time":"20201212195204","is_ascension_mode":true,"metric_token":1750,"campfire_choices":[{"data":"PokerPlayerMod:JackOfSpades","floor":6.0,"key":"SMITH"},{"data":"PokerPlayerMod:TrumpStrike","floor":8.0,"key":"SMITH"},{"data":"PokerPlayerMod:Mulligan","floor":11.0,"key":"SMITH"},{"data":"PokerPlayerMod:BadJoker","floor":15.0,"key":"SMITH"},{"data":"PokerPlayerMod:Promotion","floor":23.0,"key":"SMITH"},{"data":"PokerPlayerMod:HiddenCard","floor":27.0,"key":"PURGE"},{"data":"PokerPlayerMod:Club2","floor":32.0,"key":"PURGE"},{"data":"PokerPlayerMod:Diamond4","floor":40.0,"key":"PURGE"},{"floor":49.0,"key":"RECALL"},{"data":"PokerPlayerMod:Spade7","floor":52.0,"key":"SMITH"}],"circlet_count":0,"master_deck":["PokerPlayerMod:Diamond8","PokerPlayerMod:Spade8","PokerPlayerMod:BadJoker+1","PokerPlayerMod:Mulligan+1","PokerPlayerMod:JackOfSpades+1","PokerPlayerMod:Club10+","PokerPlayerMod:Diamond7","PokerPlayerMod:Promotion+1","PokerPlayerMod:Diamond9","PokerPlayerMod:Club10+","PokerPlayerMod:ClubDance+1","PokerPlayerMod:Configure+1","PokerPlayerMod:Spade7","PokerPlayerMod:Club8","PokerPlayerMod:Promotion+1"],"relics":["PokerPlayerMod:DeckCase","PokerPlayerMod:PenAndEraser","PreservedInsect","Singing Bowl","Coffee Dripper","Toy Ornithopter","Peace Pipe","Strawberry","Astrolabe","Bird Faced Urn","Blood Vial","Sundial","Lizard Tail","Happy Flower","DollysMirror","PokerPlayerMod:ClubPass"],"acts_visited":["Exordium","TheCity","TheBeyond","TheEnding"],"potions_floor_usage":[55,55],"damage_taken":[{"damage":0.0,"enemies":"Small Slimes","floor":1.0,"turns":3.0},{"damage":2.0,"enemies":"Jaw Worm","floor":2.0,"turns":3.0},{"damage":0.0,"enemies":"Cultist","floor":4.0,"turns":3.0},{"damage":0.0,"enemies":"Looter","floor":5.0,"turns":2.0},{"damage":2.0,"enemies":"Red Slaver","floor":10.0,"turns":2.0},{"damage":0.0,"enemies":"3 Sentries","floor":13.0,"turns":2.0},{"damage":5.0,"enemies":"Hexaghost","floor":16.0,"turns":6.0},{"damage":0.0,"enemies":"2 Thieves","floor":18.0,"turns":2.0},{"damage":0.0,"enemies":"3 Byrds","floor":19.0,"turns":2.0},{"damage":0.0,"enemies":"Snake Plant","floor":22.0,"turns":2.0},{"damage":5.0,"enemies":"Book of Stabbing","floor":24.0,"turns":4.0},{"damage":0.0,"enemies":"Centurion and Healer","floor":25.0,"turns":3.0},{"damage":0.0,"enemies":"Shelled Parasite and Fungi","floor":30.0,"turns":4.0},{"damage":9.0,"enemies":"Snake Plant","floor":31.0,"turns":2.0},{"damage":58.0,"enemies":"Automaton","floor":33.0,"turns":7.0},{"damage":0.0,"enemies":"Orb Walker","floor":35.0,"turns":2.0},{"damage":0.0,"enemies":"3 Shapes","floor":36.0,"turns":2.0},{"damage":0.0,"enemies":"3 Darklings","floor":38.0,"turns":2.0},{"damage":0.0,"enemies":"2 Orb Walkers","floor":39.0,"turns":2.0},{"damage":0.0,"enemies":"Nemesis","floor":41.0,"turns":1.0},{"damage":0.0,"enemies":"Writhing Mass","floor":42.0,"turns":4.0},{"damage":0.0,"enemies":"Giant Head","floor":44.0,"turns":5.0},{"damage":30.0,"enemies":"Time Eater","floor":50.0,"turns":8.0},{"damage":11.0,"enemies":"Shield and Spear","floor":54.0,"turns":3.0},{"damage":30,"enemies":"The Heart","floor":55,"turns":6}],"seed_played":"-4829216747156440613","potions_obtained":[{"floor":1.0,"key":"Dexterity Potion"},{"floor":2.0,"key":"SteroidPotion"},{"floor":4.0,"key":"EssenceOfSteel"},{"floor":13.0,"key":"BlessingOfTheForge"},{"floor":16.0,"key":"Fire Potion"},{"floor":19.0,"key":"SkillPotion"},{"floor":25.0,"key":"BlessingOfTheForge"},{"floor":30.0,"key":"FairyPotion"},{"floor":38.0,"key":"GamblersBrew"},{"floor":41.0,"key":"ColorlessPotion"},{"floor":54.0,"key":"DuplicationPotion"}],"is_trial":false,"path_per_floor":["M","M","?","M","M","R","?","R","T","M","R","$","E","$","R","B",null,"M","M","?","?","M","R","E","M","T","R","?","?","M","M","R","B",null,"M","M","?","M","?","R","E","M","T","E","?","?","$","?","R","B",null,"R","$","E","B",null],"character_chosen":"THE_POKER_PLAYER","items_purchased":["PokerPlayerMod:PenAndEraser","PreservedInsect","PokerPlayerMod:Club8","Happy Flower","DollysMirror","SkillPotion"],"campfire_rested":0,"item_purchase_floors":[12,12,47,47,53,53],"current_hp_per_floor":[47,45,45,47,47,47,40,40,40,40,40,40,44,44,44,41,47,51,53,53,53,55,55,52,59,66,66,54,54,62,55,55,2,55,57,59,59,61,63,63,63,67,67,71,71,71,71,71,71,48,76,76,76,74,56],"gold":172,"neow_bonus":"TWO_FIFTY_GOLD","is_daily":false,"chose_seed":false,"campfire_upgraded":6,"win_rate":0.0,"timestamp":1607773924,"path_taken":["M","M","?","M","M","R","?","R","T","M","R","$","E","$","R","BOSS","M","M","?","?","M","R","E","M","T","R","?","?","M","?","R","BOSS","M","M","?","M","?","R","E","M","T","E","?","?","$","?","R","BOSS","R","$","E","BOSS"],"items_purchased_type":["Relic","Relic","Card","Relic","Relic","Potion"],"build_version":"2020-11-30","purchased_purges":2,"victory":true,"max_hp_per_floor":[47,47,47,47,47,47,47,47,47,47,47,47,49,49,49,49,49,51,53,53,53,55,55,57,59,66,66,71,71,71,73,73,73,73,75,77,77,79,81,81,81,83,83,85,85,85,85,85,85,85,85,85,85,87,87],"relic_stats":{"Peace Pipe":3,"Blood Vial":10,"Lizard Tail":0,"Singing Bowl":28,"Happy Flower":[5],"counters":[25,82],"Sundial":[8],"Astrolabe":["PokerPlayerMod:ClubDance","PokerPlayerMod:Configure","PokerPlayerMod:CardPrinter"],"Bird Faced Urn":[0],"PreservedInsect":313,"obtain_stats":[{"PokerPlayerMod:PenAndEraser":12,"Singing Bowl":13,"Happy Flower":47,"Astrolabe":34,"PreservedInsect":12,"keyreminder:keyreminder":9,"Peace Pipe":24,"Blood Vial":41,"PokerPlayerMod:DeckCase":0,"Lizard Tail":44,"Sundial":43,"DollysMirror":53,"Strawberry":26,"Bird Faced Urn":39,"Coffee Dripper":17,"PokerPlayerMod:ClubPass":54,"Toy Ornithopter":20},{"PokerPlayerMod:PenAndEraser":5,"Singing Bowl":6,"Happy Flower":22,"Astrolabe":15,"PreservedInsect":5,"keyreminder:keyreminder":4,"Peace Pipe":11,"Blood Vial":20,"PokerPlayerMod:DeckCase":0,"Lizard Tail":22,"Sundial":21,"DollysMirror":23,"Strawberry":12,"Bird Faced Urn":19,"Coffee Dripper":7,"PokerPlayerMod:ClubPass":24,"Toy Ornithopter":9},{"PokerPlayerMod:PenAndEraser":13,"Singing Bowl":15,"Happy Flower":65,"Astrolabe":47,"PreservedInsect":13,"keyreminder:keyreminder":11,"Peace Pipe":31,"Blood Vial":56,"PokerPlayerMod:DeckCase":0,"Lizard Tail":65,"Sundial":60,"DollysMirror":73,"Strawberry":34,"Bird Faced Urn":55,"Coffee Dripper":21,"PokerPlayerMod:ClubPass":76,"Toy Ornithopter":25}],"Toy Ornithopter":25},"card_choices":[{"not_picked":["PokerPlayerMod:Spade3","PokerPlayerMod:Spade4","PokerPlayerMod:Diamond1"],"picked":"SKIP","floor":1.0},{"not_picked":["PokerPlayerMod:Club4","PokerPlayerMod:Spade4"],"picked":"PokerPlayerMod:JackOfSpades","floor":2.0},{"not_picked":["PokerPlayerMod:Diamond2","PokerPlayerMod:RiskyBet","PokerPlayerMod:SecondChance"],"picked":"SKIP","floor":4.0},{"not_picked":["PokerPlayerMod:Diamond4","PokerPlayerMod:Spade2"],"picked":"PokerPlayerMod:Diamond7","floor":5.0},{"not_picked":["PokerPlayerMod:MagicTrick","PokerPlayerMod:DiamondStrike","PokerPlayerMod:Spade2"],"picked":"SKIP","floor":10.0},{"not_picked":["PokerPlayerMod:JackOfSpades","PokerPlayerMod:ClubStrike","PokerPlayerMod:HeartStrike"],"picked":"Singing Bowl","floor":13.0},{"not_picked":["PokerPlayerMod:StackedDeck","PokerPlayerMod:Club8"],"picked":"PokerPlayerMod:Promotion","floor":16.0},{"not_picked":["PokerPlayerMod:CardBurn","PokerPlayerMod:MagicTrick","PokerPlayerMod:ClubsClub"],"picked":"Singing Bowl","floor":18.0},{"not_picked":["PokerPlayerMod:CloakAndDiamond+1","PokerPlayerMod:Club3","PokerPlayerMod:Heart5"],"picked":"Singing Bowl","floor":19.0},{"not_picked":["PokerPlayerMod:Spade3","PokerPlayerMod:Heart4","PokerPlayerMod:Sharpen"],"picked":"Singing Bowl","floor":22.0},{"not_picked":["PokerPlayerMod:DamnStraight","PokerPlayerMod:DiamondStrike","PokerPlayerMod:Spade5"],"picked":"Singing Bowl","floor":24.0},{"not_picked":["PokerPlayerMod:Diamond3","PokerPlayerMod:Diamond4","PokerPlayerMod:Diamond2"],"picked":"Singing Bowl","floor":25.0},{"not_picked":["PokerPlayerMod:Spade2","PokerPlayerMod:Diamond2"],"picked":"PokerPlayerMod:Diamond9","floor":30.0},{"not_picked":["PokerPlayerMod:Heart2","PokerPlayerMod:DamnStraight+1","PokerPlayerMod:SpadeStrike"],"picked":"Singing Bowl","floor":31.0},{"not_picked":["PokerPlayerMod:StackedDeck","PokerPlayerMod:Heart8"],"picked":"PokerPlayerMod:Club10+","floor":33.0},{"not_picked":["PokerPlayerMod:Club3","PokerPlayerMod:Diamond3","PokerPlayerMod:Diamond4"],"picked":"Singing Bowl","floor":35.0},{"not_picked":["PokerPlayerMod:Sharpen","PokerPlayerMod:DartThrow+1","PokerPlayerMod:Diamond6"],"picked":"Singing Bowl","floor":36.0},{"not_picked":["PokerPlayerMod:FlyingCard","PokerPlayerMod:DiamondStrike","PokerPlayerMod:Configure"],"picked":"Singing Bowl","floor":38.0},{"not_picked":["PokerPlayerMod:Spade5","PokerPlayerMod:Spade4","PokerPlayerMod:Diamond3"],"picked":"Singing Bowl","floor":39.0},{"not_picked":["PokerPlayerMod:Diamond1","PokerPlayerMod:JackOfSpades+1"],"picked":"PokerPlayerMod:Spade7","floor":41.0},{"not_picked":["PokerPlayerMod:Diamond2","PokerPlayerMod:Diamond1","PokerPlayerMod:Spade6"],"picked":"Singing Bowl","floor":42.0},{"not_picked":["PokerPlayerMod:Configure","PokerPlayerMod:Trickery+1","PokerPlayerMod:Spade6"],"picked":"Singing Bowl","floor":44.0},{"not_picked":["PokerPlayerMod:Fold+1","PokerPlayerMod:Diamond1","PokerPlayerMod:Diamond4"],"picked":"Singing Bowl","floor":54.0}],"player_experience":694785,"relics_obtained":[{"floor":13.0,"key":"Singing Bowl"},{"floor":24.0,"key":"Peace Pipe"},{"floor":26.0,"key":"Strawberry"},{"floor":39.0,"key":"Bird Faced Urn"},{"floor":41.0,"key":"Blood Vial"},{"floor":43.0,"key":"Sundial"},{"floor":44.0,"key":"Lizard Tail"},{"floor":54.0,"key":"PokerPlayerMod:ClubPass"}],"event_choices":[{"cards_removed":["PokerPlayerMod:Diamond1"],"damage_healed":0.0,"max_hp_gain":0.0,"max_hp_loss":0.0,"gold_gain":0.0,"event_name":"PokerPlayerMod:ExordiumClub","player_choice":"Trade","floor":3.0,"gold_loss":0.0,"damage_taken":0.0,"cards_obtained":["PokerPlayerMod:Club10"]},{"cards_removed":["PokerPlayerMod:Spade1"],"damage_healed":0.0,"max_hp_gain":0.0,"max_hp_loss":0.0,"gold_gain":0.0,"event_name":"Golden Wing","player_choice":"Card Removal","floor":7.0,"gold_loss":0.0,"damage_taken":7.0},{"damage_healed":0.0,"max_hp_gain":0.0,"max_hp_loss":0.0,"gold_gain":0.0,"event_name":"The Mausoleum","player_choice":"Opened","floor":20.0,"gold_loss":0.0,"damage_taken":0.0,"relics_obtained":["Toy Ornithopter"]},{"damage_healed":0.0,"max_hp_gain":0.0,"max_hp_loss":0.0,"gold_gain":0.0,"cards_transformed":["PokerPlayerMod:Spade2","PokerPlayerMod:Heart2"],"event_name":"Drug Dealer","player_choice":"Became Test Subject","floor":21.0,"gold_loss":0.0,"damage_taken":0.0,"cards_obtained":["PokerPlayerMod:HiddenCard","PokerPlayerMod:Heart3"]},{"damage_healed":0.0,"max_hp_gain":5.0,"max_hp_loss":0.0,"gold_gain":0.0,"event_name":"Forgotten Altar","player_choice":"Shed Blood","floor":28.0,"gold_loss":0.0,"damage_taken":17.0},{"damage_healed":0.0,"max_hp_gain":0.0,"max_hp_loss":0.0,"gold_gain":0.0,"event_name":"N\u0027loth","player_choice":"Ignored","floor":29.0,"gold_loss":0.0,"damage_taken":0.0},{"cards_removed":["PokerPlayerMod:CardPrinter"],"damage_healed":0.0,"max_hp_gain":0.0,"max_hp_loss":0.0,"gold_gain":0.0,"event_name":"Purifier","player_choice":"Purged","floor":37.0,"gold_loss":0.0,"damage_taken":0.0},{"damage_healed":0.0,"max_hp_gain":0.0,"max_hp_loss":0.0,"gold_gain":0.0,"event_name":"Mysterious Sphere","player_choice":"Fight","floor":39.0,"gold_loss":0.0,"damage_taken":0.0},{"cards_removed":["PokerPlayerMod:TrumpStrike"],"damage_healed":0.0,"max_hp_gain":0.0,"max_hp_loss":0.0,"gold_gain":0.0,"event_name":"Falling","player_choice":"Removed Attack","floor":45.0,"gold_loss":0.0,"damage_taken":0.0},{"damage_healed":0.0,"max_hp_gain":0.0,"max_hp_loss":0.0,"gold_gain":100.0,"event_name":"Golden Shrine","player_choice":"Pray","floor":46.0,"gold_loss":0.0,"damage_taken":0.0},{"damage_healed":0.0,"max_hp_gain":0.0,"max_hp_loss":0.0,"gold_gain":0.0,"event_name":"SecretPortal","player_choice":"Ignored","floor":48.0,"gold_loss":0.0,"damage_taken":0.0}],"is_beta":false,"boss_relics":[{"not_picked":["Runic Dome","Busted Crown"],"picked":"Coffee Dripper"},{"not_picked":["Sozu","Fusion Hammer"],"picked":"Astrolabe"}],"items_purged_floors":[12,14],"is_endless":false,"potions_floor_spawned":[1,2,4,13,16,19,25,30,38,41,42,54],"ascension_level":5}}