{"host":"ow9msrs9p2ctkx99","time":1607786153,"event":{"mods":["AchievementEnabler","BaseMod","Colored Map","Colored Powertips","Minty Spire (QoL Compilation)","Permanent Neow","Quick Restart","SuperFastMode"],"gold_per_floor":[114,114,134,154,168,168,188,201,252,252,277,346,346,421,421,546,546,564,207,50,68,87,87,106,139,164,203,222,147,71,71,71,71,71],"floor_reached":33,"playtime":798,"items_purged":["Strike_B"],"score":405,"play_id":"74066218-75dc-46d9-ac2b-177746251968","local_time":"20201212161553","is_ascension_mode":true,"campfire_choices":[{"data":"Zap","floor":6.0,"key":"SMITH"},{"data":"Sunder","floor":15,"key":"SMITH"},{"data":"White Noise","floor":23,"key":"SMITH"},{"data":"Electrodynamics","floor":32,"key":"SMITH"}],"circlet_count":0,"master_deck":["Strike_B","Strike_B","Strike_B","Defend_B","Defend_B","Defend_B","Zap+1","Dualcast","Cold Snap","Ball Lightning","Rip and Tear","Coolheaded","Compile Driver","Turbo","Sunder+1","Electrodynamics+1","CurseOfTheBell","Leap+1","Glacier","Beam Cell+1","White Noise+1","Conserve Battery+1","Multi-Cast+1"],"relics":["Coffee Dripper","StrikeDummy","Bloody Idol","Mercury Hourglass","Emotion Chip","Calling Bell","Anchor","Singing Bowl","Lizard Tail","Letter Opener","Juzu Bracelet","Nunchaku","Tiny Chest","Toxic Egg 2"],"acts_visited":["Exordium","TheCity"],"potions_floor_usage":[16,22,33],"damage_taken":[{"damage":2.0,"enemies":"Jaw Worm","floor":1.0,"turns":4.0},{"damage":1.0,"enemies":"Cultist","floor":3.0,"turns":3.0},{"damage":3.0,"enemies":"Small Slimes","floor":4.0,"turns":3.0},{"damage":0.0,"enemies":"3 Louse","floor":5.0,"turns":3.0},{"damage":8.0,"enemies":"Blue Slaver","floor":7.0,"turns":2.0},{"damage":0.0,"enemies":"Red Slaver","floor":8.0,"turns":2.0},{"damage":0.0,"enemies":"Large Slime","floor":11.0,"turns":3.0},{"damage":0.0,"enemies":"Gremlin Nob","floor":12.0,"turns":3.0},{"damage":11,"enemies":"Slime Boss","floor":16,"turns":6},{"damage":10,"enemies":"Shell Parasite","floor":18,"turns":4},{"damage":1,"enemies":"2 Thieves","floor":21,"turns":3},{"damage":0,"enemies":"Snake Plant","floor":22,"turns":2},{"damage":1,"enemies":"Cultist and Chosen","floor":24,"turns":5},{"damage":17,"enemies":"Book of Stabbing","floor":25,"turns":5},{"damage":38,"enemies":"Gremlin Leader","floor":27,"turns":6},{"damage":0,"enemies":"3 Cultists","floor":28,"turns":5},{"damage":57,"enemies":"Champ","floor":33,"turns":10}],"seed_played":"-3468500567374815045","potions_obtained":[{"floor":3.0,"key":"EssenceOfDarkness"},{"floor":5.0,"key":"Regen Potion"},{"floor":18,"key":"SkillPotion"},{"floor":27,"key":"Strength Potion"}],"is_trial":false,"path_per_floor":["M","?","M","M","M","R","M","M","T","?","M","?","T","?","R","B",null,"M","$","$","M","M","R","M","E","T","E","M","?","$","?","R","B"],"character_chosen":"DEFECT","items_purchased":["Letter Opener","Glacier","Juzu Bracelet","Multi-Cast+1"],"campfire_rested":0,"item_purchase_floors":[19,19,20,30],"current_hp_per_floor":[66,66,65,62,62,62,54,54,54,54,54,54,54,48,48,49,64,54,54,54,53,53,53,54,39,39,3,3,3,3,3,3,0,0],"gold":71,"neow_bonus":"BOSS_RELIC","is_daily":false,"chose_seed":false,"campfire_upgraded":4,"win_rate":0.0,"timestamp":1607786153,"path_taken":["M","?","M","M","?","R","?","M","T","?","M","?","?","?","R","BOSS","M","?","$","M","M","R","M","E","T","E","M","?","$","?","R","BOSS"],"items_purchased_type":["Relic","Card","Relic","Card"],"build_version":"2020-11-30","purchased_purges":1,"victory":false,"max_hp_per_floor":[75,75,75,75,75,75,75,75,75,69,69,69,69,69,69,69,69,69,69,69,69,69,69,71,73,73,75,75,75,75,75,75,75,75],"card_choices":[{"not_picked":["Stack","Conserve Battery"],"picked":"Cold Snap","floor":1.0},{"not_picked":["Gash","Defragment"],"picked":"Cold Snap","floor":3.0},{"not_picked":["Stack","Cold Snap"],"picked":"Ball Lightning","floor":4.0},{"not_picked":["Capacitor","Hologram"],"picked":"Rip and Tear","floor":5.0},{"not_picked":["Beam Cell","Conserve Battery"],"picked":"Coolheaded","floor":7.0},{"not_picked":["Stack","Go for the Eyes"],"picked":"Compile Driver","floor":8.0},{"not_picked":["Chill","Chaos"],"picked":"Turbo","floor":11.0},{"not_picked":["Creative AI","Hologram"],"picked":"Sunder","floor":12.0},{"not_picked":["Biased Cognition","Creative AI"],"picked":"Electrodynamics","floor":16},{"not_picked":["Ball Lightning","Amplify"],"picked":"Leap+1","floor":18},{"not_picked":["Gash","Cold Snap+1"],"picked":"Beam Cell+1","floor":21},{"not_picked":["Coolheaded","Compile Driver"],"picked":"White Noise","floor":22},{"not_picked":["Tempest","Hologram","Beam Cell"],"picked":"Singing Bowl","floor":24},{"not_picked":["Ball Lightning+1","Streamline","White Noise"],"picked":"Singing Bowl","floor":25},{"not_picked":["Streamline","Go for the Eyes","Barrage+1"],"picked":"Singing Bowl","floor":27},{"not_picked":["Genetic Algorithm+1","Leap+1"],"picked":"Conserve Battery+1","floor":28}],"player_experience":946292,"relics_obtained":[{"floor":13.0,"key":"Emotion Chip"},{"floor":17,"key":"Anchor"},{"floor":17,"key":"Singing Bowl"},{"floor":17,"key":"Lizard Tail"},{"floor":25,"key":"Nunchaku"},{"floor":26,"key":"Tiny Chest"},{"floor":27,"key":"Toxic Egg 2"}],"event_choices":[{"cards_removed":["Cold Snap"],"damage_healed":0.0,"max_hp_gain":0.0,"max_hp_loss":0.0,"gold_gain":0.0,"event_name":"WeMeetAgain","player_choice":"Gave Card","floor":2.0,"gold_loss":0.0,"damage_taken":0.0,"relics_obtained":["StrikeDummy"]},{"damage_healed":0.0,"max_hp_gain":0.0,"max_hp_loss":6.0,"gold_gain":0.0,"event_name":"Golden Idol","player_choice":"Lose Max HP","floor":10.0,"gold_loss":0.0,"damage_taken":0.0,"relics_obtained":["Golden Idol"]},{"damage_healed":0.0,"max_hp_gain":0.0,"max_hp_loss":0.0,"gold_gain":0.0,"event_name":"Dead Adventurer","player_choice":"Searched \u00272\u0027 times","floor":12.0,"gold_loss":0.0,"damage_taken":0.0,"relics_obtained":["Mercury Hourglass"]},{"damage_healed":0,"gold_gain":75,"player_choice":"Touch","damage_taken":6,"max_hp_gain":0,"max_hp_loss":0,"event_name":"FaceTrader","floor":14,"gold_loss":0},{"cards_removed":["Defend_B"],"damage_healed":0,"gold_gain":0,"player_choice":"Gave Gold","damage_taken":0,"max_hp_gain":0,"max_hp_loss":0,"event_name":"Beggar","floor":29,"gold_loss":75},{"damage_healed":0,"gold_gain":0,"player_choice":"Gave Idol","damage_taken":0,"relics_obtained":["Bloody Idol"],"max_hp_gain":0,"max_hp_loss":0,"event_name":"Forgotten Altar","floor":31,"relics_lost":["Golden Idol"],"gold_loss":0}],"is_beta":false,"boss_relics":[{"not_picked":["Philosopher\u0027s Stone","Inserter"],"picked":"Calling Bell"}],"items_purged_floors":[19],"is_endless":false,"potions_floor_spawned":[3,5,18,27],"killed_by":"Champ","ascension_level":9}}