{"host":"ul1tj11no6hux4jk","time":1607774384,"event":{"mods":["Act Like it!","BaseMod","Better Altar","Better Skull","Better Third Choice","Displayed Cursed Tome","Downfall","Hallownest","Hermit","Luminous","Minty Spire (QoL Compilation)","Relic Stats","Replay The Spire","Spicy Shops","StSLib","The Animator","The Bug Knight","The Servant 0.9.4","Waifu the Spire","WarShipGirlsR/????R mod"],"gold_per_floor":[110,130,150,166,182,210,210,228,228,29,46,46,46,65,65,65,65],"floor_reached":16,"playtime":1106,"items_purged":[],"score":106,"play_id":"c9f47f71-9c11-43cb-b47e-702a684942e7","local_time":"20201212125944","is_ascension_mode":false,"campfire_choices":[{"data":"Luminous:Light_Wash_Luminous","floor":7,"key":"SMITH"},{"data":"Luminous:Balance_Ender","floor":13,"key":"SMITH"},{"data":"Luminous:Light_Track","floor":15,"key":"SMITH"}],"circlet_count":0,"master_deck":["Luminous:Light_Flash_Shower","Luminous:Light_Flash_Shower","Luminous:Light_Flash_Shower","Luminous:Dark_Abyssal_Drop","Luminous:Dark_Abyssal_Drop","Luminous:Dark_Abyssal_Drop","Luminous:Defend_Luminous","Luminous:Defend_Luminous","Luminous:Defend_Luminous","Luminous:Defend_Luminous","Luminous:Switch_Luminous","Luminous:Balance_Ender+1","Luminous:Light_Wash_Luminous+1","Luminous:Mana_Well_Luminous","Luminous:Light_Glare","Luminous:Equalize_Luminous","Luminous:Shadow_Shell_Luminous","Luminous:Dark_Raid","Luminous:Light_Wash_Luminous+1","Luminous:Light_Track+1"],"relics":["Luminous:MirrorRelic","NeowsBlessing","Mummified Hand","HollowMod:StagPassRelic","ReplayTheSpireMod:TigerMarble","Ring of Hypnosis","Ring of Fangs"],"acts_visited":["Exordium"],"potions_floor_usage":[8,16,16,16],"damage_taken":[{"damage":0,"enemies":"Cultist","floor":1,"turns":1},{"damage":0,"enemies":"Small Slimes","floor":2,"turns":1},{"damage":0,"enemies":"Jaw Worm","floor":3,"turns":1},{"damage":17,"enemies":"Large Slime","floor":4,"turns":8},{"damage":1,"enemies":"2 Fungi Beasts","floor":5,"turns":4},{"damage":6,"enemies":"Lagavulin","floor":6,"turns":6},{"damage":9,"enemies":"Blue Slaver","floor":8,"turns":4},{"damage":5,"enemies":"Large Slime","floor":11,"turns":5},{"damage":4,"enemies":"Exordium Wildlife","floor":14,"turns":4},{"damage":39,"enemies":"Slime Boss","floor":16,"turns":8}],"seed_played":"-2144850067938731697","potions_obtained":[{"floor":1,"key":"sneckomod:MuddlingPotion"},{"floor":5,"key":"Reflective Coating"},{"floor":6,"key":"Fruit Juice"},{"floor":8,"key":"BlessingOfTheForge"}],"is_trial":false,"path_per_floor":["M","M","M","M","M","E","R","M","T","$","M","?","R","M","R","B"],"character_chosen":"LuminousClass","items_purchased":["Luminous:Light_Wash_Luminous","ReplayTheSpireMod:TigerMarble"],"campfire_rested":0,"item_purchase_floors":[10,10],"current_hp_per_floor":[75,75,75,58,57,51,51,47,47,47,42,42,42,38,38,0,0],"gold":65,"neow_bonus":"THREE_ENEMY_KILL","is_daily":false,"chose_seed":false,"campfire_upgraded":3,"win_rate":0.0,"timestamp":1607774384,"path_taken":["M","M","M","M","M","E","R","M","T","$","M","?","R","M","R","BOSS"],"items_purchased_type":["Card","Relic"],"build_version":"2020-11-30","purchased_purges":0,"victory":false,"max_hp_per_floor":[75,75,75,75,75,75,75,80,80,80,80,80,80,80,80,80,80],"relic_stats":{"counters":[10,42],"Mummified Hand":[10],"obtain_stats":[{"Ring of Fangs":12,"NeowsBlessing":0,"Ring of Hypnosis":12,"Mummified Hand":6,"Luminous:MirrorRelic":0,"ReplayTheSpireMod:TigerMarble":10,"HollowMod:StagPassRelic":9},{"Ring of Fangs":8,"NeowsBlessing":0,"Ring of Hypnosis":8,"Mummified Hand":6,"Luminous:MirrorRelic":0,"ReplayTheSpireMod:TigerMarble":7,"HollowMod:StagPassRelic":7},{"Ring of Fangs":30,"NeowsBlessing":0,"Ring of Hypnosis":30,"Mummified Hand":21,"Luminous:MirrorRelic":0,"ReplayTheSpireMod:TigerMarble":25,"HollowMod:StagPassRelic":25}]},"card_choices":[{"not_picked":["Luminous:Light_Glare","Luminous:Dark_Raid"],"picked":"Luminous:Balance_Ender","floor":1},{"not_picked":["Luminous:Concentrate_Luminous","Luminous:Dark_Pressure_Void"],"picked":"Luminous:Light_Wash_Luminous","floor":2},{"not_picked":["Luminous:Mana_Overload_Luminous","Luminous:Dark_Moonlight_Spear"],"picked":"Luminous:Mana_Well_Luminous","floor":3},{"not_picked":["Luminous:Light_Wash_Luminous","Luminous:Blinding_Pillar_Luminous"],"picked":"Luminous:Light_Glare","floor":4},{"not_picked":["Luminous:Dark_Raid","Luminous:Magic_Accelerate_Luminous"],"picked":"Luminous:Equalize_Luminous","floor":5},{"not_picked":["Luminous:Light_Disperse","Luminous:Light_Sylvan_Lance"],"picked":"Luminous:Shadow_Shell_Luminous","floor":6},{"not_picked":["Luminous:Light_Reflection","Luminous:Dark_Pressure_Void"],"picked":"Luminous:Dark_Raid","floor":8},{"not_picked":["Luminous:Lights_Protection_Luminous","Luminous:Accumulation_Luminous","Luminous:Light_Sylvan_Lance"],"picked":"SKIP","floor":11},{"not_picked":["Luminous:Light_Ray_of_Redemption","Luminous:Light_Gather"],"picked":"Luminous:Light_Track","floor":14}],"player_experience":133897,"relics_obtained":[{"floor":6,"key":"Mummified Hand"},{"floor":9,"key":"HollowMod:StagPassRelic"},{"floor":12,"key":"Ring of Hypnosis"},{"floor":12,"key":"Ring of Fangs"}],"event_choices":[],"is_beta":false,"boss_relics":[],"items_purged_floors":[],"is_endless":false,"potions_floor_spawned":[1,5,6,8],"killed_by":"Slime Boss","ascension_level":0}}