{"host":"5gc11emcm5chfr5t","time":1607810774,"event":{"mods":["2.2 Compatiblity","AchievementEnabler","BaseMod","Bestiary","Better Note","Colored Map","Colored Powertips","Googly Eyes","Minty Spire (QoL Compilation)","Rare Cards Sparkle","StSLib"],"gold_per_floor":[113,126,201,214,214,214,240,252,252,6,19,51,51,79,79,174,174,186,186,205,205,222,222,65,65,65,100,110,130,144,59,59,155,155,173,173,185,197,209,209,209,228,228,244,244,255,255,265,265,265,265],"floor_reached":50,"playtime":1703,"items_purged":[],"score":488,"play_id":"124bad00-bfe5-4dda-93df-0072ca840599","local_time":"20201212170614","is_ascension_mode":false,"campfire_choices":[{"data":"Genetic Algorithm","floor":6,"key":"SMITH"},{"floor":13,"key":"REST"},{"floor":15,"key":"REST"},{"data":"Electrodynamics","floor":23,"key":"SMITH"},{"floor":25,"key":"REST"},{"floor":32,"key":"REST"},{"floor":40,"key":"RECALL"},{"data":"Rainbow","floor":49,"key":"SMITH"}],"circlet_count":0,"master_deck":["Strike_B","Strike_B","Strike_B","Strike_B","Defend_B","Defend_B","Defend_B+1","Defend_B","Zap","Dualcast","Genetic Algorithm+1","Undo","Sunder","Streamline","Hologram+1","Coolheaded","Echo Form","Electrodynamics+1","Reboot","Exhume","Loop+1","Ball Lightning","Fission","Rainbow+1","Double Energy+1"],"relics":["Cracked Core","NeowsBlessing","Anchor","Omamori","Cables","Pear","Centennial Puzzle","Snecko Eye","Shuriken","Chemical X","Letter Opener","Smiling Mask","War Paint","Calling Bell","Akabeko","White Beast Statue","Du-Vu Doll","Thread and Needle"],"acts_visited":["Exordium","TheCity","TheBeyond"],"potions_floor_usage":[7,7,12,16,27,39,46,50,50,50],"damage_taken":[{"damage":0,"enemies":"Jaw Worm","floor":1,"turns":1},{"damage":0,"enemies":"Small Slimes","floor":2,"turns":1},{"damage":0,"enemies":"2 Louse","floor":4,"turns":1},{"damage":9,"enemies":"3 Sentries","floor":7,"turns":6},{"damage":0,"enemies":"Red Slaver","floor":8,"turns":4},{"damage":0,"enemies":"Looter","floor":11,"turns":3},{"damage":14,"enemies":"Gremlin Nob","floor":12,"turns":4},{"damage":21,"enemies":"3 Sentries","floor":14,"turns":9},{"damage":42,"enemies":"Slime Boss","floor":16,"turns":8},{"damage":0,"enemies":"Chosen","floor":18,"turns":3},{"damage":10,"enemies":"Spheric Guardian","floor":20,"turns":3},{"damage":17,"enemies":"Snake Plant","floor":22,"turns":4},{"damage":10,"enemies":"Gremlin Leader","floor":27,"turns":3},{"damage":2,"enemies":"Centurion and Healer","floor":28,"turns":3},{"damage":0,"enemies":"Snecko","floor":29,"turns":4},{"damage":22,"enemies":"Shelled Parasite and Fungi","floor":30,"turns":4},{"damage":15,"enemies":"Automaton","floor":33,"turns":8},{"damage":5,"enemies":"3 Shapes","floor":35,"turns":3},{"damage":0,"enemies":"Orb Walker","floor":37,"turns":2},{"damage":9,"enemies":"Spire Growth","floor":38,"turns":4},{"damage":10,"enemies":"3 Darklings","floor":39,"turns":2},{"damage":23,"enemies":"Jaw Worm Horde","floor":42,"turns":3},{"damage":0,"enemies":"4 Shapes","floor":44,"turns":2},{"damage":6,"enemies":"Spire Growth","floor":46,"turns":4},{"damage":3,"enemies":"Jaw Worm Horde","floor":48,"turns":3},{"damage":96,"enemies":"Awakened One","floor":50,"turns":7}],"seed_played":"4228515641917256686","potions_obtained":[{"floor":2,"key":"FocusPotion"},{"floor":4,"key":"DuplicationPotion"},{"floor":7,"key":"LiquidBronze"},{"floor":11,"key":"CultistPotion"},{"floor":20,"key":"Block Potion"},{"floor":28,"key":"Weak Potion"},{"floor":30,"key":"FearPotion"},{"floor":33,"key":"DuplicationPotion"},{"floor":35,"key":"CultistPotion"},{"floor":36,"key":"Regen Potion"},{"floor":39,"key":"FocusPotion"},{"floor":42,"key":"Strength Potion"},{"floor":44,"key":"DistilledChaos"},{"floor":46,"key":"LiquidBronze"}],"is_trial":false,"path_per_floor":["M","M","?","M","?","R","E","M","T","$","M","E","R","E","R","B",null,"M","?","M","?","M","R","$","R","T","E","M","M","M","?","R","B",null,"M","?","M","M","M","R","$","M","T","M","?","M","?","M","R","B"],"character_chosen":"DEFECT","items_purchased":["Cables","Chemical X"],"campfire_rested":4,"item_purchase_floors":[10,24],"current_hp_per_floor":[75,75,64,64,64,64,55,55,55,55,55,51,76,55,80,38,85,85,85,75,75,58,58,58,83,83,73,71,71,49,49,74,59,85,80,80,80,71,61,61,61,38,38,38,74,68,68,65,65,0,0],"gold":265,"neow_bonus":"THREE_ENEMY_KILL","is_daily":false,"chose_seed":false,"campfire_upgraded":3,"win_rate":0.0,"timestamp":1607810774,"path_taken":["M","M","?","M","?","R","E","M","T","$","M","E","R","E","R","BOSS","M","?","?","?","M","R","$","R","T","E","M","M","?","?","R","BOSS","M","?","M","?","M","R","?","M","T","M","?","M","?","M","R","BOSS"],"items_purchased_type":["Relic","Relic"],"build_version":"2020-11-30","purchased_purges":0,"victory":false,"max_hp_per_floor":[75,75,75,75,75,75,75,75,75,75,75,85,85,85,85,85,85,85,85,85,85,85,85,85,85,85,85,85,85,85,85,85,85,85,85,85,85,85,85,85,85,85,85,85,74,74,74,74,74,74,74],"card_choices":[{"not_picked":["Hologram","Steam"],"picked":"Genetic Algorithm","floor":1},{"not_picked":["Blizzard","Steam"],"picked":"Undo","floor":2},{"not_picked":["Stack","Leap"],"picked":"Sunder","floor":4},{"not_picked":["Rebound","Chill"],"picked":"Streamline","floor":7},{"not_picked":["Hello World","Compile Driver"],"picked":"Hologram","floor":8},{"not_picked":["Chaos","Sweeping Beam"],"picked":"Coolheaded","floor":11},{"not_picked":["Steam Power","Storm"],"picked":"Echo Form","floor":12},{"not_picked":["Skim","Steam"],"picked":"FTL","floor":14},{"not_picked":["Creative AI","Fission"],"picked":"Electrodynamics","floor":16},{"not_picked":["Turbo","Hologram","Steam"],"picked":"SKIP","floor":18},{"not_picked":["Chaos","Cold Snap"],"picked":"Reboot","floor":20},{"not_picked":["Stack","Barrage+1","Streamline"],"picked":"SKIP","floor":22},{"not_picked":["Doom and Gloom","Hologram+1"],"picked":"Loop+1","floor":27},{"not_picked":["Compile Driver","Cold Snap","Leap"],"picked":"SKIP","floor":28},{"not_picked":["Machine Learning","Sweeping Beam","Rebound"],"picked":"SKIP","floor":29},{"not_picked":["Cold Snap","Sunder+1"],"picked":"Ball Lightning","floor":30},{"not_picked":["Machine Learning","Biased Cognition"],"picked":"Fission","floor":33},{"not_picked":["Gash+1","Blizzard+1","Sunder"],"picked":"SKIP","floor":35},{"not_picked":["Turbo+1","Go for the Eyes+1","Reprogram"],"picked":"SKIP","floor":37},{"not_picked":["Coolheaded+1","Streamline+1","Steam"],"picked":"SKIP","floor":38},{"not_picked":["Hologram+1","Leap+1","Gash"],"picked":"SKIP","floor":39},{"not_picked":["Doom and Gloom","Beam Cell+1"],"picked":"Rainbow","floor":42},{"not_picked":["Steam","Reinforced Body+1"],"picked":"Double Energy+1","floor":44},{"not_picked":["Sweeping Beam+1","Reprogram+1","Cold Snap"],"picked":"SKIP","floor":46},{"not_picked":["Cold Snap","Barrage","Ball Lightning"],"picked":"SKIP","floor":48}],"player_experience":328182,"relics_obtained":[{"floor":7,"key":"Anchor"},{"floor":9,"key":"Omamori"},{"floor":12,"key":"Pear"},{"floor":14,"key":"Centennial Puzzle"},{"floor":19,"key":"Shuriken"},{"floor":26,"key":"Letter Opener"},{"floor":27,"key":"Smiling Mask"},{"floor":34,"key":"Akabeko"},{"floor":34,"key":"White Beast Statue"},{"floor":34,"key":"Du-Vu Doll"},{"floor":43,"key":"Thread and Needle"}],"event_choices":[{"damage_healed":0,"gold_gain":75,"player_choice":"Gather Gold","damage_taken":11,"max_hp_gain":0,"max_hp_loss":0,"event_name":"World of Goop","floor":3,"gold_loss":0},{"damage_healed":0,"gold_gain":0,"player_choice":"Leave","damage_taken":0,"max_hp_gain":0,"max_hp_loss":0,"event_name":"The Cleric","floor":5,"gold_loss":0},{"damage_healed":0,"gold_gain":0,"player_choice":"Relic","damage_taken":0,"max_hp_gain":0,"max_hp_loss":0,"event_name":"Wheel of Change","floor":19,"gold_loss":0},{"cards_removed":["Defend_B"],"damage_healed":0,"gold_gain":0,"player_choice":"Take \u0026 Give","damage_taken":0,"max_hp_gain":0,"max_hp_loss":0,"event_name":"betterNote:BetterNote","floor":21,"gold_loss":0,"cards_obtained":["Exhume"]},{"damage_healed":0,"gold_gain":0,"player_choice":"Obtained Relic","damage_taken":0,"relics_obtained":["War Paint"],"max_hp_gain":0,"max_hp_loss":0,"event_name":"Addict","floor":31,"gold_loss":85},{"damage_healed":0,"gold_gain":0,"player_choice":"Got Potions","damage_taken":0,"max_hp_gain":0,"max_hp_loss":0,"event_name":"Lab","floor":36,"gold_loss":0},{"damage_healed":74,"gold_gain":0,"player_choice":"Heal","damage_taken":0,"max_hp_gain":0,"max_hp_loss":11,"event_name":"The Moai Head","floor":45,"gold_loss":0},{"cards_removed":["FTL"],"damage_healed":0,"gold_gain":0,"player_choice":"Removed Attack","damage_taken":0,"max_hp_gain":0,"max_hp_loss":0,"event_name":"Falling","floor":47,"gold_loss":0}],"is_beta":false,"boss_relics":[{"not_picked":["Tiny House","Empty Cage"],"picked":"Snecko Eye"},{"not_picked":["Velvet Choker","SlaversCollar"],"picked":"Calling Bell"}],"items_purged_floors":[],"is_endless":false,"potions_floor_spawned":[2,4,7,11,20,28,30,33,35,37,38,39,42,44,46,48],"killed_by":"Awakened One","ascension_level":0}}