{"host":"uua02xqorlefedoe","time":1607790076,"event":{"mods":["AchievementEnabler","BaseMod","Bestiary","Colored Map","DeckTracker","Googly Eyes","Minty Spire (QoL Compilation)","Quick Restart","StSLib"],"gold_per_floor":[119,119,134,134,147,178,178,216,265,291,335,335,335,357,357,470,470,495,537,582,582,38,38,78,166,175,214,243,274,301,12,12,122,122,144,366,385,449,469,513,109,145,192,235,244,244,255,286,286,286,286,286,3,35,35],"floor_reached":56,"playtime":11951,"items_purged":["Strike_P","Clumsy","Strike_P"],"score":2244,"play_id":"9beede31-b1f9-4fbb-82cb-88590ac08956","local_time":"20201212162116","is_ascension_mode":true,"campfire_choices":[{"data":"Mayhem","floor":7.0,"key":"SMITH"},{"data":"Eruption","floor":13.0,"key":"SMITH"},{"data":"Fasting2","floor":15.0,"key":"SMITH"},{"data":"Vault","floor":23.0,"key":"SMITH"},{"data":"Wireheading","floor":32.0,"key":"SMITH"},{"floor":46.0,"key":"RECALL"},{"data":"Vault","floor":49,"key":"SMITH"},{"data":"Ghostly","floor":52,"key":"SMITH"}],"circlet_count":0,"master_deck":["Strike_P+1","Defend_P","Defend_P+1","Defend_P","Defend_P+1","Eruption+1","Vigilance+1","Mayhem+1","CrushJoints+1","Fasting2+1","ReachHeaven","Establishment+1","FollowUp","FollowUp+1","MentalFortress","ClearTheMind+1","Prostrate","FearNoEvil","JustLucky","LessonLearned","JustLucky+1","Evaluate+1","Ghostly+1","Ghostly","Ghostly","Ghostly+1","Ghostly","Vault+1","Prostrate","Wireheading+1","Conclude","WheelKick","Wallop","Clumsy","Halt+1","Meditate+1","Weave+1","Vault+1","Crescendo","Fasting2+1","DeceiveReality","Protect","DeusExMachina+1","Protect","Worship+1","FlurryOfBlows","Finesse"],"relics":["PureWater","HornCleat","CeramicFish","Juzu Bracelet","Letter Opener","Cursed Key","Red Mask","Membership Card","Eternal Feather","Orichalcum","Potion Belt","Matryoshka","Blue Candle","Mercury Hourglass","The Courier","Lantern","FossilizedHelix","Omamori","Frozen Eye","SlaversCollar","CaptainsWheel","Blood Vial","Pear","Unceasing Top","Sling","GoldenEye","Anchor","Pantograph","Art of War","OrangePellets","Damaru","Strawberry","Kunai","CloakClasp"],"acts_visited":["Exordium","TheCity","TheBeyond","TheEnding"],"potions_floor_usage":[50,55,55,55,55],"damage_taken":[{"damage":0.0,"enemies":"2 Louse","floor":1.0,"turns":3.0},{"damage":0.0,"enemies":"Small Slimes","floor":3.0,"turns":3.0},{"damage":0.0,"enemies":"Cultist","floor":5.0,"turns":2.0},{"damage":17.0,"enemies":"3 Sentries","floor":6.0,"turns":9.0},{"damage":0.0,"enemies":"Lagavulin","floor":8.0,"turns":3.0},{"damage":6.0,"enemies":"Looter","floor":10.0,"turns":2.0},{"damage":8.0,"enemies":"3 Sentries","floor":11.0,"turns":9.0},{"damage":0.0,"enemies":"3 Louse","floor":14.0,"turns":4.0},{"damage":0.0,"enemies":"Slime Boss","floor":16.0,"turns":6.0},{"damage":0.0,"enemies":"Spheric Guardian","floor":18.0,"turns":2.0},{"damage":14.0,"enemies":"Masked Bandits","floor":19.0,"turns":5.0},{"damage":0.0,"enemies":"Book of Stabbing","floor":24.0,"turns":7.0},{"damage":0.0,"enemies":"Slavers","floor":27.0,"turns":4.0},{"damage":0.0,"enemies":"Shell Parasite","floor":28.0,"turns":6.0},{"damage":35.0,"enemies":"Book of Stabbing","floor":29.0,"turns":8.0},{"damage":0.0,"enemies":"Sentry and Sphere","floor":30.0,"turns":5.0},{"damage":0.0,"enemies":"Collector","floor":33.0,"turns":8.0},{"damage":9.0,"enemies":"3 Darklings","floor":35.0,"turns":5.0},{"damage":16.0,"enemies":"3 Shapes","floor":37.0,"turns":2.0},{"damage":0.0,"enemies":"2 Orb Walkers","floor":38.0,"turns":6.0},{"damage":0.0,"enemies":"Jaw Worm Horde","floor":39.0,"turns":6.0},{"damage":0.0,"enemies":"Reptomancer","floor":40.0,"turns":5.0},{"damage":0.0,"enemies":"Giant Head","floor":42.0,"turns":10.0},{"damage":0.0,"enemies":"Reptomancer","floor":44.0,"turns":6.0},{"damage":0.0,"enemies":"3 Darklings","floor":47.0,"turns":5.0},{"damage":0,"enemies":"Nemesis","floor":48,"turns":7},{"damage":23,"enemies":"Awakened One","floor":50,"turns":12},{"damage":9,"enemies":"Shield and Spear","floor":54,"turns":5},{"damage":13,"enemies":"The Heart","floor":55,"turns":7}],"seed_played":"-5787712404969600025","potions_obtained":[{"floor":1.0,"key":"DistilledChaos"},{"floor":5.0,"key":"Fruit Juice"},{"floor":6.0,"key":"DuplicationPotion"},{"floor":11.0,"key":"Strength Potion"},{"floor":18.0,"key":"Ambrosia"},{"floor":29.0,"key":"Explosive Potion"},{"floor":33.0,"key":"CultistPotion"},{"floor":38.0,"key":"SpeedPotion"},{"floor":39.0,"key":"Ancient Potion"},{"floor":44.0,"key":"BlessingOfTheForge"},{"floor":48,"key":"Ambrosia"},{"floor":54,"key":"Fire Potion"}],"is_trial":false,"path_per_floor":["M","?","M","?","M","E","R","E","T","M","E","?","R","M","R","B",null,"M","?","?","?","$","R","E","T","T","E","M","E","M","$","R","B",null,"M","?","M","?","M","E","$","E","T","E","?","R","M","E","R","B",null,"R","$","E","B",null],"character_chosen":"WATCHER","items_purchased":["Membership Card","Eternal Feather","Vault","Prostrate","Orichalcum","Wireheading","Conclude","WheelKick","FossilizedHelix","Omamori","Frozen Eye","Pear","Unceasing Top","Sling","DeusExMachina","Protect","OrangePellets","Damaru","Strawberry","Kunai"],"campfire_rested":0,"item_purchase_floors":[22,22,22,22,22,22,22,22,31,31,31,41,41,41,41,41,53,53,53,53],"current_hp_per_floor":[47,47,47,47,52,35,35,35,35,29,21,21,21,21,21,21,63,63,49,38,38,38,38,38,38,38,38,38,3,3,3,24,24,35,26,26,10,10,10,10,20,22,22,24,24,48,48,48,48,25,42,48,55,46,42],"gold":35,"neow_bonus":"RANDOM_COLORLESS_2","is_daily":false,"chose_seed":false,"campfire_upgraded":7,"win_rate":0.0,"timestamp":1607790076,"path_taken":["M","?","M","?","?","E","R","E","T","M","E","?","R","M","R","BOSS","M","?","?","?","?","R","E","?","T","E","M","E","M","$","R","BOSS","M","?","M","?","M","E","$","E","T","E","?","R","M","E","R","BOSS","R","$","E","BOSS"],"items_purchased_type":["Relic","Relic","Card","Card","Relic","Card","Card","Card","Relic","Relic","Relic","Relic","Relic","Relic","Card","Card","Relic","Relic","Relic","Relic"],"build_version":"2020-11-30","purchased_purges":3,"victory":true,"max_hp_per_floor":[72,72,72,72,77,77,77,77,77,77,77,77,77,77,77,77,77,77,77,38,38,38,38,38,38,38,38,38,38,38,38,38,38,38,38,38,38,38,38,38,48,48,48,48,48,48,48,48,48,48,48,48,55,55,55],"card_choices":[{"not_picked":["Violence","Metamorphosis"],"picked":"Mayhem","floor":0.0},{"not_picked":["Swivel","Crescendo"],"picked":"CrushJoints","floor":1.0},{"not_picked":["ForeignInfluence","ThirdEye"],"picked":"ReachHeaven","floor":3.0},{"not_picked":["Crescendo","ReachHeaven"],"picked":"FollowUp","floor":5.0},{"not_picked":["CarveReality","FollowUp"],"picked":"MentalFortress","floor":6.0},{"not_picked":["Evaluate","Study"],"picked":"ClearTheMind","floor":8.0},{"not_picked":["Protect","BowlingBash"],"picked":"Prostrate","floor":10.0},{"not_picked":["Wish","ClearTheMind"],"picked":"FearNoEvil","floor":11.0},{"not_picked":["Sanctity","CrushJoints"],"picked":"JustLucky","floor":14.0},{"not_picked":["DeusExMachina","Brilliance"],"picked":"LessonLearned","floor":16.0},{"not_picked":["BowlingBash","Protect"],"picked":"JustLucky+1","floor":18.0},{"not_picked":["MentalFortress","Indignation"],"picked":"Evaluate+1","floor":19.0},{"not_picked":["EmptyMind","FollowUp"],"picked":"Wallop","floor":24.0},{"not_picked":["Adaptation","Crescendo"],"picked":"Halt+1","floor":27.0},{"not_picked":["Adaptation","Consecrate"],"picked":"Meditate+1","floor":28.0},{"not_picked":["ReachHeaven","SandsOfTime","Prostrate"],"picked":"SKIP","floor":29.0},{"not_picked":["Consecrate","CrushJoints"],"picked":"Weave+1","floor":30.0},{"not_picked":["Judgement","Wish"],"picked":"Vault","floor":33.0},{"not_picked":["EmptyFist","SignatureMove"],"picked":"Crescendo","floor":35.0},{"not_picked":["SandsOfTime","Vengeance+1"],"picked":"Fasting2+1","floor":37.0},{"not_picked":["FollowUp+1","Crescendo"],"picked":"DeceiveReality","floor":38.0},{"not_picked":["SandsOfTime","FlyingSleeves","Crescendo"],"picked":"SKIP","floor":39.0},{"not_picked":["ForeignInfluence+1","InnerPeace"],"picked":"Protect","floor":40.0},{"not_picked":["ForeignInfluence","Collect+1"],"picked":"Worship+1","floor":42.0},{"not_picked":["Halt","EmptyBody"],"picked":"FlurryOfBlows","floor":44.0},{"not_picked":["Thinking Ahead","PanicButton"],"picked":"Finesse","floor":45.0},{"not_picked":["Prostrate+1","EmptyBody+1","FollowUp"],"picked":"SKIP","floor":47.0},{"not_picked":["SignatureMove+1","InnerPeace","Crescendo+1"],"picked":"SKIP","floor":48},{"not_picked":["WindmillStrike","CarveReality","EmptyBody+1"],"picked":"SKIP","floor":54}],"player_experience":463006,"relics_obtained":[{"floor":6.0,"key":"HornCleat"},{"floor":8.0,"key":"CeramicFish"},{"floor":9.0,"key":"Juzu Bracelet"},{"floor":11.0,"key":"Letter Opener"},{"floor":19.0,"key":"Red Mask"},{"floor":24.0,"key":"Potion Belt"},{"floor":25.0,"key":"Matryoshka"},{"floor":26.0,"key":"Blue Candle"},{"floor":26.0,"key":"Mercury Hourglass"},{"floor":27.0,"key":"The Courier"},{"floor":29.0,"key":"Lantern"},{"floor":38.0,"key":"CaptainsWheel"},{"floor":40.0,"key":"Blood Vial"},{"floor":42.0,"key":"GoldenEye"},{"floor":43.0,"key":"Anchor"},{"floor":44.0,"key":"Pantograph"},{"floor":48,"key":"Art of War"},{"floor":54,"key":"CloakClasp"}],"event_choices":[{"damage_healed":0.0,"max_hp_gain":0.0,"max_hp_loss":0.0,"gold_gain":0.0,"cards_transformed":["Strike_P"],"event_name":"Living Wall","player_choice":"Change","floor":2.0,"gold_loss":0.0,"damage_taken":0.0,"cards_obtained":["Fasting2"]},{"damage_healed":0.0,"max_hp_gain":0.0,"max_hp_loss":0.0,"gold_gain":0.0,"event_name":"Match and Keep!","player_choice":"2 cards matched","floor":4.0,"gold_loss":0.0,"damage_taken":0.0,"cards_obtained":["Establishment","FollowUp"]},{"damage_healed":0.0,"max_hp_gain":0.0,"max_hp_loss":0.0,"gold_gain":0.0,"event_name":"Liars Game","player_choice":"Ignored","floor":12.0,"gold_loss":0.0,"damage_taken":0.0},{"damage_healed":0.0,"max_hp_gain":0.0,"max_hp_loss":0.0,"gold_gain":0.0,"event_name":"Masked Bandits","player_choice":"Fought Bandits","floor":19.0,"gold_loss":0.0,"damage_taken":0.0},{"damage_healed":0.0,"max_hp_gain":0.0,"max_hp_loss":39.0,"gold_gain":0.0,"event_name":"Ghosts","player_choice":"Became a Ghost","floor":20.0,"gold_loss":0.0,"damage_taken":0.0,"cards_obtained":["Ghostly","Ghostly","Ghostly","Ghostly","Ghostly"]},{"damage_healed":0.0,"max_hp_gain":0.0,"max_hp_loss":0.0,"gold_gain":0.0,"event_name":"Vampires","player_choice":"Ignored","floor":21.0,"gold_loss":0.0,"damage_taken":0.0},{"damage_healed":0.0,"max_hp_gain":0.0,"max_hp_loss":0.0,"gold_gain":222.0,"event_name":"Tomb of Lord Red Mask","player_choice":"Wore Mask","floor":36.0,"gold_loss":0.0,"damage_taken":0.0},{"damage_healed":0.0,"max_hp_gain":0.0,"max_hp_loss":0.0,"gold_gain":0.0,"event_name":"Mysterious Sphere","player_choice":"Fight","floor":38.0,"gold_loss":0.0,"damage_taken":0.0},{"damage_healed":0.0,"max_hp_gain":0.0,"max_hp_loss":0.0,"gold_gain":0.0,"event_name":"SensoryStone","player_choice":"Memory 1","floor":45.0,"gold_loss":0.0,"damage_taken":0.0}],"is_beta":false,"boss_relics":[{"not_picked":["SacredBark","Philosopher\u0027s Stone"],"picked":"Cursed Key"},{"not_picked":["Fusion Hammer","Runic Dome"],"picked":"SlaversCollar"}],"items_purged_floors":[22,31,41],"is_endless":false,"potions_floor_spawned":[1,5,6,11,18,29,33,38,39,44,47,48,54],"ascension_level":9}}