{"host":"6qo42zgaknezulyg","time":1607758929,"event":{"mods":["2.2 Compatiblity","BaseMod","Keyboard Shortcuts","Minty Spire (QoL Compilation)","Permanent Neow","Quick Restart","StSLib","SuperFastMode","The Cursed"],"gold_per_floor":[109,129,129,18,33,69,69,109,109,71,87,87,162,181,181,307,307,307,307,307,307,207,207,207,207,207,52,52,52,52,52,52,52,52,52,52,52,52,52,52,52,52,52,52,52,13,13,13,13,13],"floor_reached":51,"playtime":2341,"items_purged":["Regret","TheCursedMod:Strike_TheCursed"],"score":765,"play_id":"49e81332-251d-4e9e-ac73-7c6e4335bdb5","local_time":"20201212164209","is_ascension_mode":true,"campfire_choices":[{"floor":12.0,"key":"REST"},{"floor":15.0,"key":"REST"},{"floor":23.0,"key":"REST"},{"data":"TheCursedMod:VoidForm","floor":25.0,"key":"SMITH"},{"data":"TheCursedMod:CollectTribute","floor":30.0,"key":"SMITH"},{"data":"TheCursedMod:CursedMace","floor":32.0,"key":"SMITH"},{"data":"TheCursedMod:ManaCirculation","floor":40.0,"key":"SMITH"},{"floor":41.0,"key":"REST"},{"data":"TheCursedMod:LuckyCharm","floor":49.0,"key":"SMITH"}],"circlet_count":0,"master_deck":["TheCursedMod:Strike_TheCursed+1","TheCursedMod:Strike_TheCursed+1","TheCursedMod:Defend_TheCursed","TheCursedMod:Defend_TheCursed","TheCursedMod:Defend_TheCursed","TheCursedMod:Defend_TheCursed","TheCursedMod:CursedWand","TheCursedMod:CleanUpWorkshop","TheCursedMod:Dregs","TheCursedMod:ManaBullet","Injury","TheCursedMod:AbyssShockwave","TheCursedMod:CursedMace+1","TheCursedMod:AntiAging","TheCursedMod:LuckyCharm+1","TheCursedMod:HellsGateOpen","TheCursedMod:ReleasedStrength","TheCursedMod:VoidForm+1","TheCursedMod:CursedAmulet","TheCursedMod:CollectTribute+1","TheCursedMod:Grudge+1","TheCursedMod:Obscuration","TheCursedMod:ManaCirculation+1","TheCursedMod:VoidForm+1","TheCursedMod:BlessingInDisguise+1","TheCursedMod:WearCloak+1","TheCursedMod:RapidMovement+1","TheCursedMod:AshesToAshes","Doubt"],"relics":["TheCursedMod:BlackMagic101","TheCursedMod:SoulVessel","Golden Idol","InkBottle","Turnip","WingedGreaves","Ectoplasm","Meat on the Bone","PreservedInsect","Orichalcum","Runic Dome","Art of War"],"acts_visited":["Exordium","TheCity","TheBeyond"],"potions_floor_usage":[50],"damage_taken":[{"damage":3.0,"enemies":"Jaw Worm","floor":1.0,"turns":6.0},{"damage":9.0,"enemies":"Small Slimes","floor":2.0,"turns":5.0},{"damage":0.0,"enemies":"Cultist","floor":5.0,"turns":3.0},{"damage":35.0,"enemies":"Lagavulin","floor":6.0,"turns":6.0},{"damage":14.0,"enemies":"Gremlin Nob","floor":8.0,"turns":3.0},{"damage":2.0,"enemies":"2 Fungi Beasts","floor":11.0,"turns":5.0},{"damage":15.0,"enemies":"Gremlin Gang","floor":14.0,"turns":5.0},{"damage":23.0,"enemies":"The Guardian","floor":16.0,"turns":14.0},{"damage":43.0,"enemies":"3 Byrds","floor":18.0,"turns":5.0},{"damage":14.0,"enemies":"Shell Parasite","floor":19.0,"turns":4.0},{"damage":3.0,"enemies":"Centurion and Healer","floor":21.0,"turns":2.0},{"damage":22.0,"enemies":"Gremlin Leader","floor":24.0,"turns":4.0},{"damage":23.0,"enemies":"Snecko","floor":28.0,"turns":6.0},{"damage":7.0,"enemies":"Sentry and Sphere","floor":29.0,"turns":4.0},{"damage":7.0,"enemies":"3 Cultists","floor":31.0,"turns":5.0},{"damage":28.0,"enemies":"Collector","floor":33.0,"turns":7.0},{"damage":3.0,"enemies":"3 Shapes","floor":35.0,"turns":6.0},{"damage":73.0,"enemies":"3 Darklings","floor":38.0,"turns":6.0},{"damage":10.0,"enemies":"Spire Growth","floor":42.0,"turns":5.0},{"damage":5.0,"enemies":"Sphere and 2 Shapes","floor":44.0,"turns":4.0},{"damage":37.0,"enemies":"4 Shapes","floor":45.0,"turns":7.0},{"damage":32,"enemies":"Donu and Deca","floor":50,"turns":7}],"seed_played":"-3530746035453205644","potions_obtained":[{"floor":1.0,"key":"FearPotion"},{"floor":6.0,"key":"DuplicationPotion"},{"floor":11.0,"key":"ColorlessPotion"},{"floor":16.0,"key":"FearPotion"},{"floor":18.0,"key":"AttackPotion"},{"floor":19.0,"key":"LiquidMemories"},{"floor":24.0,"key":"Swift Potion"},{"floor":44.0,"key":"TheCursedMod:DregsPotion"}],"is_trial":false,"path_per_floor":["M","M","?","$","M","E","?","E","T","$","M","R","?","M","R","B",null,"M","M","?","M","$","R","E","R","T","$","M","M","R","M","R","B",null,"M","?","?","M","?","R","R","M","T","M","M","$","$","?","R","B",null],"character_chosen":"THE_CURSED","items_purchased":["TheCursedMod:AbyssShockwave","TheCursedMod:HellsGateOpen","Orichalcum","TheCursedMod:AshesToAshes"],"campfire_rested":4,"item_purchase_floors":[4,10,27,46],"current_hp_per_floor":[75,67,67,67,68,34,19,5,5,5,6,29,18,4,27,13,79,37,23,23,20,20,43,28,28,28,28,23,33,33,44,44,41,89,91,91,91,37,37,37,64,67,67,71,50,50,50,97,97,80],"gold":13,"neow_bonus":"ONE_RARE_RELIC","is_daily":false,"chose_seed":false,"campfire_upgraded":5,"win_rate":0.0,"timestamp":1607758929,"path_taken":["M","M","?","$","M","E","?","E","T","$","M","R","?","M","R","BOSS","M","M","?","M","$","R","E","R","T","$","M","M","R","M","R","BOSS","M","?","?","?","?","R","R","M","T","M","?","?","$","?","R","BOSS"],"items_purchased_type":["Card","Card","Relic","Card"],"build_version":"2020-11-30","purchased_purges":2,"victory":true,"max_hp_per_floor":[75,75,75,75,75,75,75,75,75,75,77,77,77,77,77,79,79,79,79,79,79,79,79,81,81,81,81,83,85,85,87,87,89,89,91,91,91,93,93,93,93,95,95,97,97,97,97,97,97,99],"card_choices":[{"not_picked":["TheCursedMod:CursedShiv","TheCursedMod:VitalStrike","TheCursedMod:SpitefulStrike"],"picked":"SKIP","floor":1.0},{"not_picked":["TheCursedMod:Torture","TheCursedMod:WearCloak"],"picked":"TheCursedMod:ManaBullet","floor":2.0},{"not_picked":["TheCursedMod:Wield","TheCursedMod:CursedShiv"],"picked":"TheCursedMod:CursedMace","floor":5.0},{"not_picked":["TheCursedMod:CircleOfFocus","TheCursedMod:ParallelWorld"],"picked":"TheCursedMod:AntiAging","floor":6.0},{"not_picked":["TheCursedMod:RapidMovement","TheCursedMod:RavingStaff"],"picked":"TheCursedMod:LuckyCharm","floor":8.0},{"not_picked":["TheCursedMod:RapidMovement","TheCursedMod:CircleOfFlame"],"picked":"TheCursedMod:ReleasedStrength","floor":11.0},{"not_picked":["TheCursedMod:EmpowerCircles","TheCursedMod:RapidMovement","TheCursedMod:Mangle"],"picked":"SKIP","floor":14.0},{"not_picked":["TheCursedMod:DemonicPact","TheCursedMod:DarkBarrier"],"picked":"TheCursedMod:VoidForm","floor":16.0},{"not_picked":["TheCursedMod:FleshFromBone","TheCursedMod:Stigma","TheCursedMod:SpitefulStrike"],"picked":"SKIP","floor":18.0},{"not_picked":["TheCursedMod:CircleOfCorruption","TheCursedMod:SurpriseAttack"],"picked":"TheCursedMod:CursedAmulet","floor":19.0},{"not_picked":["TheCursedMod:CircleOfFlame","TheCursedMod:RavingStaff"],"picked":"TheCursedMod:Grudge+1","floor":21.0},{"not_picked":["TheCursedMod:SmokeScreen","TheCursedMod:Wield+1","TheCursedMod:CircleOfFlame+1"],"picked":"SKIP","floor":24.0},{"not_picked":["TheCursedMod:FuryStrike","TheCursedMod:RapidMovement"],"picked":"TheCursedMod:Obscuration","floor":28.0},{"not_picked":["TheCursedMod:CircleOfFlame","TheCursedMod:SurpriseAttack","TheCursedMod:TacticalStrike"],"picked":"SKIP","floor":29.0},{"not_picked":["TheCursedMod:FleshFromBone","TheCursedMod:SurpriseAttack","TheCursedMod:VitalStrike"],"picked":"SKIP","floor":31.0},{"not_picked":["TheCursedMod:CircleOfAbyss","TheCursedMod:ForbiddenAlchemy"],"picked":"TheCursedMod:ManaCirculation","floor":33.0},{"not_picked":["TheCursedMod:RapidMovement","TheCursedMod:CursedShiv","TheCursedMod:SaltUponWound+1"],"picked":"SKIP","floor":35.0},{"not_picked":["TheCursedMod:FleshFromBone","TheCursedMod:RapidMovement"],"picked":"TheCursedMod:BlessingInDisguise+1","floor":38.0},{"not_picked":["TheCursedMod:AshesToAshes","TheCursedMod:TacticalStrike"],"picked":"TheCursedMod:WearCloak+1","floor":42.0},{"not_picked":["TheCursedMod:Evocation+1","TheCursedMod:SpitefulStrike","TheCursedMod:CursedMace+1"],"picked":"SKIP","floor":44.0},{"not_picked":["TheCursedMod:CursedAmulet","TheCursedMod:Obscuration"],"picked":"TheCursedMod:RapidMovement+1","floor":45.0}],"player_experience":735143,"relics_obtained":[{"floor":6.0,"key":"InkBottle"},{"floor":8.0,"key":"Turnip"},{"floor":9.0,"key":"WingedGreaves"},{"floor":24.0,"key":"Meat on the Bone"},{"floor":26.0,"key":"PreservedInsect"},{"floor":43.0,"key":"Art of War"}],"event_choices":[{"damage_healed":0.0,"max_hp_gain":0.0,"max_hp_loss":0.0,"gold_gain":0.0,"event_name":"Golden Idol","player_choice":"Take Wound","floor":3.0,"gold_loss":0.0,"damage_taken":0.0,"relics_obtained":["Golden Idol"],"cards_obtained":["Injury"]},{"damage_healed":0.0,"max_hp_gain":0.0,"max_hp_loss":0.0,"gold_gain":0.0,"event_name":"Shining Light","player_choice":"Entered Light","floor":7.0,"gold_loss":0.0,"damage_taken":15.0,"cards_upgraded":["TheCursedMod:Strike_TheCursed","TheCursedMod:Strike_TheCursed"]},{"damage_healed":0.0,"max_hp_gain":0.0,"max_hp_loss":0.0,"gold_gain":75.0,"event_name":"World of Goop","player_choice":"Gather Gold","floor":13.0,"gold_loss":0.0,"damage_taken":11.0},{"damage_healed":0.0,"max_hp_gain":0.0,"max_hp_loss":0.0,"gold_gain":0.0,"event_name":"The Library","player_choice":"Read","floor":20.0,"gold_loss":0.0,"damage_taken":0.0,"cards_obtained":["TheCursedMod:CollectTribute"]},{"damage_healed":0.0,"max_hp_gain":0.0,"max_hp_loss":0.0,"gold_gain":0.0,"event_name":"The Moai Head","player_choice":"Ignored","floor":36.0,"gold_loss":0.0,"damage_taken":0.0},{"damage_healed":0.0,"max_hp_gain":0.0,"max_hp_loss":0.0,"gold_gain":0.0,"event_name":"Duplicator","player_choice":"Copied","floor":37.0,"gold_loss":0.0,"damage_taken":0.0,"cards_obtained":["TheCursedMod:VoidForm"]},{"cards_removed":["TheCursedMod:Strike_TheCursed"],"damage_healed":0.0,"max_hp_gain":0.0,"max_hp_loss":0.0,"gold_gain":0.0,"event_name":"Purifier","player_choice":"Purged","floor":39.0,"gold_loss":0.0,"damage_taken":0.0},{"damage_healed":47.0,"max_hp_gain":0.0,"max_hp_loss":0.0,"gold_gain":0.0,"event_name":"MindBloom","player_choice":"Heal","floor":48.0,"gold_loss":0.0,"damage_taken":0.0,"cards_obtained":["Doubt"]}],"is_beta":false,"boss_relics":[{"not_picked":["Fusion Hammer","Calling Bell"],"picked":"Ectoplasm"},{"not_picked":["TheCursedMod:FourLeafCloverCharm","TheCursedMod:OminousMark"],"picked":"Runic Dome"}],"items_purged_floors":[4,22],"is_endless":false,"potions_floor_spawned":[1,6,11,16,18,19,24,28,44],"ascension_level":2}}