{"host":"jcc708ahli6wuwir","time":1607804421,"event":{"mods":["AchievementEnabler","BaseMod","Better Altar","Better Match","Better Note","Better Sensory Stone","Better Skull","Better Third Choice","Better Vampires","BetterRewards","Block Reminder","Colored Map","Colored Powertips","Curses Come First","Displayed Cursed Tome","Highlight Path","Keyboard Shortcuts","Minty Spire (QoL Compilation)","Rare Cards Sparkle","Relic Stats","Shop Mod","StSLib"],"gold_per_floor":[117,117,117,192,192,192,208,222,296,27,46,46,59,84,96,211,273,300,19,19,19,30,30,30,30,30,30,49,60,79,79,79,184,184,201,240,165,179,179,179,179,179],"floor_reached":41,"playtime":2325,"items_purged":["Regret"],"score":414,"play_id":"5e547468-16c8-4721-b197-8db4537b3e3e","local_time":"20201212212021","is_ascension_mode":false,"campfire_choices":[{"data":"PathToVictory","floor":6,"key":"SMITH"},{"floor":12,"key":"REST"},{"floor":15,"key":"REST"},{"floor":23,"key":"REST"},{"data":"ForeignInfluence","floor":25,"key":"SMITH"},{"floor":32,"key":"REST"},{"data":"PathToVictory","floor":40,"key":"SMITH"}],"circlet_count":0,"master_deck":["Eruption","Vigilance+1","PathToVictory+1","Pray","Apotheosis+1","SandsOfTime","PathToVictory","MentalFortress+1","Evaluate","Tantrum","Devotion+1","ForeignInfluence+1","MentalFortress+1","Devotion+1","Pray","PathToVictory+1","ForeignInfluence+1","EmptyBody+1","DevaForm+1","Clumsy","Nirvana+1","SashWhip+1","SignatureMove+1","CutThroughFate","Vault+1","CutThroughFate+1"],"relics":["PureWater","Dream Catcher","Frozen Egg 2","Pen Nib","Blood Vial","Eternal Feather","MerchantsRug"],"acts_visited":["Exordium","TheCity","TheBeyond"],"potions_floor_usage":[10,11,22,22,28,33],"damage_taken":[{"damage":2,"enemies":"Jaw Worm","floor":1,"turns":4},{"damage":13,"enemies":"Small Slimes","floor":7,"turns":3},{"damage":0,"enemies":"2 Louse","floor":8,"turns":2},{"damage":7,"enemies":"2 Fungi Beasts","floor":11,"turns":3},{"damage":2,"enemies":"Blue Slaver","floor":13,"turns":2},{"damage":0,"enemies":"Lagavulin","floor":14,"turns":4},{"damage":52,"enemies":"Hexaghost","floor":16,"turns":8},{"damage":9,"enemies":"Shell Parasite","floor":18,"turns":4},{"damage":15,"enemies":"Spheric Guardian","floor":22,"turns":4},{"damage":14,"enemies":"Cultist and Chosen","floor":28,"turns":5},{"damage":0,"enemies":"Centurion and Healer","floor":29,"turns":2},{"damage":24,"enemies":"Snecko","floor":30,"turns":3},{"damage":30,"enemies":"Champ","floor":33,"turns":6},{"damage":2,"enemies":"3 Shapes","floor":35,"turns":3},{"damage":10,"enemies":"Orb Walker","floor":38,"turns":3},{"damage":83,"enemies":"Giant Head","floor":41,"turns":5}],"seed_played":"7135017356299048469","potions_obtained":[{"floor":1,"key":"Explosive Potion"},{"floor":7,"key":"PowerPotion"},{"floor":8,"key":"BottledMiracle"},{"floor":16,"key":"LiquidMemories"},{"floor":17,"key":"LiquidMemories"},{"floor":28,"key":"GamblersBrew"}],"is_trial":false,"path_per_floor":["M","?","?","?","?","R","M","M","T","$","M","R","M","E","R","B",null,"M","$","?","?","M","R","?","R","T","?","M","M","M","?","R","B",null,"M","$","?","M","?","R","E"],"character_chosen":"WATCHER","items_purchased":["PathToVictory","MentalFortress+1","Fruit Juice","Devotion+1","Pen Nib","MerchantsRug","CutThroughFate"],"campfire_rested":4,"item_purchase_floors":[10,10,10,19,19,36,36],"current_hp_per_floor":[70,70,70,59,56,56,43,43,43,48,41,64,62,62,77,25,82,73,73,73,52,39,63,63,63,63,63,51,53,31,31,67,45,82,80,80,80,72,72,82,0,0],"gold":179,"neow_bonus":"THREE_CARDS","is_daily":false,"chose_seed":false,"campfire_upgraded":3,"win_rate":0.0,"timestamp":1607804421,"path_taken":["M","?","?","?","?","R","M","M","T","$","M","R","M","E","R","BOSS","M","$","?","?","M","R","?","R","T","?","M","?","M","?","R","BOSS","M","$","?","M","?","R","E"],"items_purchased_type":["Card","Card","Potion","Card","Relic","Relic","Card"],"build_version":"2020-11-30","purchased_purges":1,"victory":false,"max_hp_per_floor":[72,72,72,72,72,72,72,72,72,77,77,77,77,77,77,77,82,82,82,82,82,82,82,82,82,82,82,82,82,82,82,82,82,82,82,82,82,82,82,82,82,82],"relic_stats":{"Blood Vial":12,"Dream Catcher":4,"counters":[16,61],"Eternal Feather":22,"Pen Nib":[3],"obtain_stats":[{"Blood Vial":21,"MerchantsRug":36,"Dream Catcher":5,"Tiny House":17,"Happy Flower":2,"Bird Faced Urn":31,"Astrolabe":34,"Eternal Feather":26,"Pen Nib":19,"PureWater":0,"Frozen Egg 2":9,"MawBank":14},{"Blood Vial":8,"MerchantsRug":14,"Dream Catcher":1,"Tiny House":7,"Happy Flower":1,"Bird Faced Urn":12,"Astrolabe":13,"Eternal Feather":9,"Pen Nib":8,"PureWater":0,"Frozen Egg 2":3,"MawBank":6},{"Blood Vial":30,"MerchantsRug":53,"Dream Catcher":4,"Tiny House":26,"Happy Flower":4,"Bird Faced Urn":44,"Astrolabe":50,"Eternal Feather":34,"Pen Nib":30,"PureWater":0,"Frozen Egg 2":9,"MawBank":18}]},"card_choices":[{"not_picked":["ClearTheMind","EmptyFist"],"picked":"PathToVictory","floor":0},{"not_picked":["BowlingBash","Consecrate"],"picked":"Pray","floor":1},{"not_picked":["InnerPeace","DeceiveReality"],"picked":"SandsOfTime","floor":7},{"not_picked":["Adaptation","BowlingBash","CrushJoints"],"picked":"SKIP","floor":8},{"not_picked":["Halt","Crescendo","JustLucky"],"picked":"SKIP","floor":11},{"not_picked":["Sanctity","Vault","BowlingBash"],"picked":"SKIP","floor":13},{"not_picked":["Worship","Establishment+1"],"picked":"Evaluate","floor":14},{"not_picked":["Weave","Protect"],"picked":"Tantrum","floor":15},{"not_picked":["LessonLearned","ConjureBlade"],"picked":"Devotion+1","floor":16},{"not_picked":["Crescendo","Consecrate"],"picked":"ForeignInfluence","floor":17},{"not_picked":["ClearTheMind+1","Halt"],"picked":"MentalFortress+1","floor":18},{"not_picked":["CrushJoints+1","SashWhip"],"picked":"Pray","floor":22},{"not_picked":["CutThroughFate","Swivel"],"picked":"PathToVictory","floor":23},{"not_picked":["ThirdEye","Wireheading+1"],"picked":"ForeignInfluence+1","floor":28},{"not_picked":["EmptyMind+1","FollowUp"],"picked":"EmptyBody","floor":29},{"not_picked":["Crescendo","Conclude"],"picked":"JustLucky+1","floor":30},{"not_picked":["Adaptation+1","ThirdEye"],"picked":"EmptyBody+1","floor":32},{"not_picked":["DeusExMachina","Ragnarok"],"picked":"DevaForm+1","floor":33},{"not_picked":["Study+1","Wireheading+1"],"picked":"SignatureMove+1","floor":35},{"not_picked":["MasterReality+1","DevaForm+1"],"picked":"Vault+1","floor":37},{"not_picked":["ClearTheMind+1","BowlingBash+1"],"picked":"CutThroughFate+1","floor":38}],"player_experience":103728,"relics_obtained":[{"floor":9,"key":"Frozen Egg 2"},{"floor":14,"key":"MawBank"},{"floor":26,"key":"Eternal Feather"}],"event_choices":[{"damage_healed":0,"gold_gain":0,"player_choice":"Box","damage_taken":0,"relics_obtained":["Happy Flower"],"max_hp_gain":0,"max_hp_loss":0,"event_name":"Big Fish","floor":2,"gold_loss":0,"cards_obtained":["Regret"]},{"damage_healed":70,"gold_gain":0,"player_choice":"Embrace","damage_taken":0,"max_hp_gain":0,"max_hp_loss":72,"event_name":"betterThird:BetterShining","floor":3,"gold_loss":0},{"damage_healed":0,"gold_gain":75,"player_choice":"Gold","damage_taken":11,"max_hp_gain":0,"max_hp_loss":0,"event_name":"betterThird:BetterGoop","floor":4,"gold_loss":0},{"damage_healed":0,"gold_gain":0,"player_choice":"Relic ","damage_taken":3,"max_hp_gain":0,"max_hp_loss":0,"event_name":"betterThird:BetterScrap","floor":5,"gold_loss":0,"cards_obtained":["Power Through"]},{"cards_removed":["Defend_P"],"damage_healed":0,"gold_gain":0,"player_choice":"Give","damage_taken":0,"max_hp_gain":0,"max_hp_loss":0,"event_name":"betterNote:BetterNote","floor":20,"gold_loss":0,"cards_obtained":["Strike_B"]},{"damage_healed":0,"gold_gain":0,"player_choice":" Vial ","damage_taken":21,"relics_obtained":["Blood Vial"],"max_hp_gain":73,"max_hp_loss":52,"event_name":"betterAltar:BetterAltar","floor":21,"potions_obtained":[],"relics_lost":[],"gold_loss":0},{"damage_healed":0,"gold_gain":0,"player_choice":"Materialism","damage_taken":0,"max_hp_gain":0,"max_hp_loss":8,"event_name":"betterThird:BetterWriting","floor":24,"gold_loss":0},{"damage_healed":0,"gold_gain":0,"player_choice":"Ignored","damage_taken":0,"max_hp_gain":0,"max_hp_loss":0,"event_name":"Vampires","floor":27,"gold_loss":0},{"damage_healed":0,"gold_gain":0,"player_choice":"Opened","damage_taken":0,"relics_obtained":["Bird Faced Urn"],"max_hp_gain":0,"max_hp_loss":0,"event_name":"The Mausoleum","floor":31,"gold_loss":0,"cards_obtained":["Writhe"]},{"damage_healed":0,"gold_gain":0,"player_choice":"2","damage_taken":0,"max_hp_gain":0,"max_hp_loss":0,"event_name":"betterMatch:BetterMatch","floor":37,"gold_loss":0,"cards_obtained":["betterMatch:RareCard"]},{"damage_healed":0,"gold_gain":0,"player_choice":"Ignored","damage_taken":0,"max_hp_gain":0,"max_hp_loss":0,"event_name":"WeMeetAgain","floor":39,"gold_loss":0}],"is_beta":false,"boss_relics":[{"not_picked":["Cursed Key","Black Star"],"picked":"Tiny House"},{"not_picked":["Velvet Choker","SacredBark"],"picked":"Astrolabe"}],"items_purged_floors":[10],"is_endless":false,"potions_floor_spawned":[1,7,8,16,28],"killed_by":"Giant Head","ascension_level":0}}