{"host":"gjbmv0wqve0qfw94","time":1607794511,"event":{"mods":["BaseMod","Colored Map","Colored Powertips","DeckTracker","Googly Eyes","Minty Spire (QoL Compilation)","StSLib"],"gold_per_floor":[118,131,131,151,167,167,199,199,249,249,281,293,305,345,357,369,369],"floor_reached":16,"playtime":441,"items_purged":[],"score":236,"play_id":"6c4a6c16-ffd8-4ff0-9fa5-4a280a5bca36","local_time":"20201212183511","is_ascension_mode":true,"campfire_choices":[{"data":"Searing Blow","floor":6.0,"key":"SMITH"},{"data":"Searing Blow+1","floor":8.0,"key":"SMITH"},{"data":"Searing Blow+2","floor":10.0,"key":"SMITH"},{"data":"Searing Blow+3","floor":13.0,"key":"SMITH"},{"data":"Armaments","floor":15,"key":"SMITH"}],"circlet_count":0,"master_deck":["AscendersBane","Strike_R","Strike_R","Strike_R","Strike_R","Strike_R","Defend_R","Defend_R","Defend_R","Defend_R","Bash","Searing Blow+4","Metallicize","Shrug It Off","Brutality","Whirlwind","Flame Barrier","Armaments+1"],"relics":["Burning Blood","Mango","Pear","Happy Flower","MawBank","Potion Belt"],"acts_visited":["Exordium"],"potions_floor_usage":[14,14],"damage_taken":[{"damage":2.0,"enemies":"2 Louse","floor":1.0,"turns":4.0},{"damage":10.0,"enemies":"Small Slimes","floor":2.0,"turns":4.0},{"damage":9.0,"enemies":"Jaw Worm","floor":4.0,"turns":3.0},{"damage":32.0,"enemies":"Red Slaver","floor":5.0,"turns":7.0},{"damage":28.0,"enemies":"Gremlin Nob","floor":7.0,"turns":4.0},{"damage":30.0,"enemies":"3 Sentries","floor":11.0,"turns":9.0},{"damage":12,"enemies":"Lagavulin","floor":14,"turns":7},{"damage":7,"enemies":"Hexaghost","floor":16,"turns":5}],"seed_played":"-4905640327874888433","potions_obtained":[{"floor":2.0,"key":"SpeedPotion"},{"floor":4.0,"key":"DistilledChaos"},{"floor":7.0,"key":"LiquidBronze"}],"is_trial":false,"path_per_floor":["M","M","?","M","M","R","E","R","T","R","E","?","R","E","R","B"],"character_chosen":"IRONCLAD","items_purchased":[],"campfire_rested":0,"item_purchase_floors":[],"current_hp_per_floor":[82,78,78,75,49,49,37,37,37,37,13,13,13,7,7,0,0],"gold":369,"neow_bonus":"ONE_RARE_RELIC","is_daily":false,"chose_seed":false,"campfire_upgraded":5,"win_rate":0.0,"timestamp":1607794511,"path_taken":["M","M","?","M","M","R","E","R","T","R","E","?","R","E","R","BOSS"],"items_purchased_type":[],"build_version":"2020-11-30","purchased_purges":0,"victory":false,"max_hp_per_floor":[82,82,82,82,82,82,92,92,92,92,92,92,92,92,92,92,92],"card_choices":[{"not_picked":["Anger","Power Through"],"picked":"Searing Blow","floor":1.0},{"not_picked":["Heavy Blade","Clothesline"],"picked":"Metallicize","floor":2.0},{"not_picked":["Thunderclap","Body Slam"],"picked":"Shrug It Off","floor":4.0},{"not_picked":["Wild Strike","Feel No Pain"],"picked":"Brutality","floor":5.0},{"not_picked":["Pommel Strike","Iron Wave"],"picked":"Whirlwind","floor":7.0},{"not_picked":["Ghostly Armor","Blood for Blood"],"picked":"Flame Barrier","floor":11.0},{"not_picked":["Twin Strike","Wild Strike"],"picked":"Armaments","floor":14}],"player_experience":1185089,"relics_obtained":[{"floor":7.0,"key":"Pear"},{"floor":9.0,"key":"Happy Flower"},{"floor":11.0,"key":"MawBank"},{"floor":14,"key":"Potion Belt"}],"event_choices":[{"damage_healed":0.0,"max_hp_gain":0.0,"max_hp_loss":0.0,"gold_gain":0.0,"event_name":"Liars Game","player_choice":"Ignored","floor":3.0,"gold_loss":0.0,"damage_taken":0.0},{"damage_healed":0.0,"max_hp_gain":0.0,"max_hp_loss":0.0,"gold_gain":0.0,"event_name":"Scrap Ooze","player_choice":"Fled","floor":12.0,"gold_loss":0.0,"damage_taken":0.0}],"is_beta":false,"boss_relics":[],"items_purged_floors":[],"is_endless":false,"potions_floor_spawned":[2,4,7],"killed_by":"Hexaghost","ascension_level":20}}