{"host":"mvlqq966zh3ccmv5","time":1607734172,"event":{"mods":["AchievementEnabler","BaseMod","DeckTracker","Minty Spire (QoL Compilation)","SuperFastMode"],"gold_per_floor":[116,216,235,70,89,89,99,99,125,125,25,25,40,40,40,139,139,152,152,170,170,181,181,192,192,260,61,61,61,73,148,148,251,251,262,280,293,306,356,356,367,367,444,444,444,199,210,230,230,230],"floor_reached":51,"playtime":1378,"items_purged":["Strike_R","Strike_R","Strike_R"],"score":639,"play_id":"5e389df7-a6ec-4745-bc75-30d364bcee92","local_time":"20201212094932","is_ascension_mode":false,"campfire_choices":[{"data":"Carnage","floor":6.0,"key":"SMITH"},{"data":"Bloodletting","floor":8.0,"key":"SMITH"},{"data":"Bash","floor":12.0,"key":"SMITH"},{"data":"Blood for Blood","floor":15.0,"key":"SMITH"},{"data":"Immolate","floor":23.0,"key":"SMITH"},{"data":"Armaments","floor":25.0,"key":"SMITH"},{"data":"Bloodletting","floor":28.0,"key":"SMITH"},{"data":"Clothesline","floor":32.0,"key":"SMITH"},{"data":"Rupture","floor":40.0,"key":"SMITH"},{"floor":42.0,"key":"REST"},{"floor":44.0,"key":"REST"},{"floor":49.0,"key":"REST"}],"circlet_count":0,"master_deck":["Defend_R","Defend_R","Bash+1","Cleave+1","Carnage+1","Battle Trance+1","Flash of Steel","Bloodletting+1","Blood for Blood+1","Immolate+1","Flame Barrier+1","Armaments+1","Disarm+1","Clothesline+1","Bloodletting+1","Violence","Shrug It Off","Offering","Shrug It Off+1","Rupture+1","Offering","Flex+1","Violence","Hemokinesis+1","Warcry+1"],"relics":["Burning Blood"],"acts_visited":["Exordium","TheCity","TheBeyond"],"potions_floor_usage":[50,50],"damage_taken":[{"damage":0.0,"enemies":"2 Louse","floor":1.0,"turns":2.0},{"damage":0.0,"enemies":"Cultist","floor":3.0,"turns":2.0},{"damage":1.0,"enemies":"Jaw Worm","floor":5.0,"turns":3.0},{"damage":5.0,"enemies":"Looter","floor":7.0,"turns":2.0},{"damage":3.0,"enemies":"Large Slime","floor":13.0,"turns":1.0},{"damage":40.0,"enemies":"The Guardian","floor":16.0,"turns":5.0},{"damage":3.0,"enemies":"Spheric Guardian","floor":18.0,"turns":2.0},{"damage":3.0,"enemies":"3 Byrds","floor":20.0,"turns":2.0},{"damage":8.0,"enemies":"Cultist and Chosen","floor":22.0,"turns":3.0},{"damage":5.0,"enemies":"Centurion and Healer","floor":24.0,"turns":3.0},{"damage":10.0,"enemies":"Chosen and Byrds","floor":30.0,"turns":3.0},{"damage":41.0,"enemies":"Automaton","floor":33.0,"turns":10.0},{"damage":22.0,"enemies":"3 Darklings","floor":35.0,"turns":3.0},{"damage":21.0,"enemies":"Orb Walker","floor":36.0,"turns":3.0},{"damage":11.0,"enemies":"Writhing Mass","floor":37.0,"turns":6.0},{"damage":9.0,"enemies":"Spire Growth","floor":38.0,"turns":4.0},{"damage":12.0,"enemies":"Mind Bloom Boss Battle","floor":39.0,"turns":4.0},{"damage":18.0,"enemies":"Transient","floor":41.0,"turns":5.0},{"damage":9.0,"enemies":"Jaw Worm Horde","floor":47.0,"turns":4.0},{"damage":13.0,"enemies":"Sphere and 2 Shapes","floor":48.0,"turns":3.0},{"damage":72,"enemies":"Awakened One","floor":50,"turns":14}],"seed_played":"-3092388926446592036","potions_obtained":[{"floor":1.0,"key":"ElixirPotion"},{"floor":3.0,"key":"HeartOfIron"},{"floor":24.0,"key":"BlessingOfTheForge"},{"floor":30.0,"key":"SkillPotion"},{"floor":37.0,"key":"BlessingOfTheForge"},{"floor":38.0,"key":"EssenceOfSteel"},{"floor":39.0,"key":"DistilledChaos"},{"floor":48.0,"key":"Strength Potion"}],"is_trial":false,"path_per_floor":["M","?","M","$","M","R","M","R","T","?","$","R","M","?","R","B",null,"M","?","M","?","M","R","M","R","T","$","R","?","M","?","R","B",null,"M","M","M","M","?","R","M","R","T","R","?","$","M","M","R","B",null],"character_chosen":"IRONCLAD","items_purchased":["Flash of Steel","Bloodletting","Violence","DuplicationPotion","BloodPotion"],"campfire_rested":3,"item_purchase_floors":[4,27,27,46,46],"current_hp_per_floor":[62,62,68,68,73,73,74,74,74,67,67,67,70,54,54,20,80,80,80,80,80,78,78,79,79,79,79,79,79,75,67,67,32,80,64,49,44,41,35,35,23,47,47,71,71,71,68,61,80,30],"gold":230,"neow_bonus":"TRANSFORM_TWO_CARDS","is_daily":false,"chose_seed":false,"campfire_upgraded":9,"win_rate":0.0,"timestamp":1607734172,"path_taken":["M","?","M","$","M","R","?","R","T","?","$","R","M","?","R","BOSS","M","?","M","?","M","R","M","R","T","$","R","?","?","?","R","BOSS","M","M","M","M","?","R","M","R","T","R","?","$","M","M","R","BOSS"],"items_purchased_type":["Card","Card","Card","Potion","Potion"],"build_version":"2020-11-30","purchased_purges":3,"victory":true,"max_hp_per_floor":[80,80,80,80,80,80,80,80,80,80,80,80,80,80,80,80,80,80,80,80,80,80,80,80,80,80,80,80,80,80,80,80,80,80,80,80,80,80,80,80,80,80,80,80,80,80,80,80,80,80],"card_choices":[{"not_picked":["Body Slam","Inflame"],"picked":"Battle Trance","floor":1.0},{"not_picked":["Perfected Strike","Havoc","Pummel"],"picked":"SKIP","floor":3.0},{"not_picked":["Havoc","Heavy Blade","Metallicize"],"picked":"SKIP","floor":5.0},{"not_picked":["Whirlwind","Infernal Blade"],"picked":"Bloodletting","floor":7.0},{"not_picked":["Battle Trance","Shrug It Off"],"picked":"Blood for Blood","floor":13.0},{"not_picked":["Exhume","Reaper"],"picked":"Immolate","floor":16.0},{"not_picked":["Sword Boomerang","Rage"],"picked":"Flame Barrier+1","floor":18.0},{"not_picked":["Heavy Blade+1","Intimidate"],"picked":"Armaments","floor":20.0},{"not_picked":["Battle Trance","Spot Weakness+1"],"picked":"Disarm+1","floor":22.0},{"not_picked":["Sword Boomerang+1","Rage"],"picked":"Clothesline","floor":24.0},{"not_picked":["Bludgeon","Combust"],"picked":"Shrug It Off","floor":30.0},{"not_picked":["Immolate","Impervious"],"picked":"Offering","floor":33.0},{"not_picked":["Entrench+1","Havoc+1"],"picked":"Shrug It Off+1","floor":35.0},{"not_picked":["Iron Wave","Twin Strike+1"],"picked":"Rupture","floor":36.0},{"not_picked":["Heavy Blade","Perfected Strike","Clothesline"],"picked":"SKIP","floor":37.0},{"not_picked":["Seeing Red+1","Fire Breathing+1"],"picked":"Offering","floor":38.0},{"not_picked":["Power Through+1","Perfected Strike"],"picked":"Flex+1","floor":39.0},{"not_picked":["Iron Wave","Entrench+1","Shrug It Off+1"],"picked":"SKIP","floor":41.0},{"not_picked":["Fire Breathing","Body Slam+1"],"picked":"Hemokinesis+1","floor":47.0},{"not_picked":["Flame Barrier","Reckless Charge"],"picked":"Warcry+1","floor":48.0}],"player_experience":194467,"relics_obtained":[],"event_choices":[{"damage_healed":0.0,"max_hp_gain":0.0,"max_hp_loss":0.0,"gold_gain":100.0,"event_name":"Golden Shrine","player_choice":"Pray","floor":2.0,"gold_loss":0.0,"damage_taken":0.0},{"cards_removed":["Strike_R"],"damage_healed":0.0,"max_hp_gain":0.0,"max_hp_loss":0.0,"gold_gain":0.0,"event_name":"Golden Wing","player_choice":"Card Removal","floor":10.0,"gold_loss":0.0,"damage_taken":7.0},{"damage_healed":0.0,"max_hp_gain":0.0,"max_hp_loss":0.0,"gold_gain":0.0,"event_name":"Shining Light","player_choice":"Entered Light","floor":14.0,"gold_loss":0.0,"damage_taken":16.0,"cards_upgraded":["Battle Trance","Cleave"]},{"cards_removed":["Defend_R"],"damage_healed":0.0,"max_hp_gain":0.0,"max_hp_loss":0.0,"gold_gain":0.0,"event_name":"Back to Basics","player_choice":"Elegance","floor":19.0,"gold_loss":0.0,"damage_taken":0.0},{"damage_healed":0.0,"max_hp_gain":0.0,"max_hp_loss":0.0,"gold_gain":0.0,"event_name":"Ghosts","player_choice":"Ignored","floor":21.0,"gold_loss":0.0,"damage_taken":0.0},{"damage_healed":0.0,"max_hp_gain":0.0,"max_hp_loss":0.0,"gold_gain":0.0,"event_name":"Match and Keep!","player_choice":"0 cards matched","floor":29.0,"gold_loss":0.0,"damage_taken":0.0,"cards_obtained":[]},{"damage_healed":0.0,"max_hp_gain":0.0,"max_hp_loss":0.0,"gold_gain":75.0,"event_name":"FaceTrader","player_choice":"Touch","floor":31.0,"gold_loss":0.0,"damage_taken":8.0},{"damage_healed":0.0,"max_hp_gain":0.0,"max_hp_loss":0.0,"gold_gain":0.0,"event_name":"MindBloom","player_choice":"Fight","floor":39.0,"gold_loss":0.0,"damage_taken":0.0},{"damage_healed":0.0,"max_hp_gain":0.0,"max_hp_loss":0.0,"gold_gain":0.0,"event_name":"Duplicator","player_choice":"Copied","floor":45.0,"gold_loss":0.0,"damage_taken":0.0,"cards_obtained":["Violence"]}],"is_beta":false,"boss_relics":[{"not_picked":["Mark of Pain","Astrolabe","Runic Cube"]},{"not_picked":["Tiny House","Sozu","Black Star"]}],"items_purged_floors":[4,11,46],"is_endless":false,"potions_floor_spawned":[1,3,24,30,37,38,39,48],"ascension_level":0}}