{"host":"se2kry7a7ac49ar7","time":1607765223,"event":{"mods":["BaseMod","Bestiary","Minty Spire (QoL Compilation)","StSLib"],"gold_per_floor":[159,222,237,237,81,81,115,115,115,144,144,176,191,205,205,278,278,292,305,305,305],"floor_reached":20,"playtime":1486,"items_purged":[],"score":346,"play_id":"0e1e9284-c662-492e-935b-205df8217ca8","local_time":"20201212012703","is_ascension_mode":true,"campfire_choices":[{"floor":6,"key":"REST"},{"data":"Searing Blow+1","floor":8,"key":"SMITH"},{"floor":11,"key":"REST"},{"floor":15,"key":"REST"}],"circlet_count":0,"master_deck":["AscendersBane","Strike_R","Strike_R","Strike_R+1","Strike_R","Strike_R","Defend_R","Defend_R","Defend_R","Defend_R","Bash","Searing Blow+2","Disarm","Flame Barrier","Corruption","Intimidate","Clothesline+1","Brutality","Armaments+1","Entrench+1","Clothesline","Feed","Armaments+1","Demon Form","CurseOfTheBell","Clothesline+1"],"relics":["Tiny House","Dream Catcher","Whetstone","Toxic Egg 2","Matryoshka","Eternal Feather","Calling Bell","Anchor","Mummified Hand","Thread and Needle"],"acts_visited":["Exordium","TheCity"],"potions_floor_usage":[7,7,12,16,19],"damage_taken":[{"damage":6,"enemies":"2 Louse","floor":1,"turns":4},{"damage":13,"enemies":"Small Slimes","floor":3,"turns":4},{"damage":39,"enemies":"Lagavulin","floor":7,"turns":9},{"damage":27,"enemies":"Gremlin Nob","floor":10,"turns":5},{"damage":21,"enemies":"3 Sentries","floor":12,"turns":8},{"damage":1,"enemies":"Jaw Worm","floor":13,"turns":6},{"damage":0,"enemies":"Red Slaver","floor":14,"turns":4},{"damage":40,"enemies":"Slime Boss","floor":16,"turns":13},{"damage":8,"enemies":"Shell Parasite","floor":18,"turns":9},{"damage":31,"enemies":"3 Byrds","floor":19,"turns":6},{"damage":37,"enemies":"Cultist and Chosen","floor":20,"turns":6}],"seed_played":"-5393455060487811858","potions_obtained":[{"floor":0,"key":"Swift Potion"},{"floor":1,"key":"Swift Potion"},{"floor":10,"key":"Block Potion"},{"floor":13,"key":"Block Potion"},{"floor":18,"key":"AttackPotion"}],"is_trial":false,"path_per_floor":["M","?","M","?","$","R","E","R","T","E","R","E","M","M","R","B",null,"M","M","M"],"character_chosen":"IRONCLAD","items_purchased":["Corruption"],"campfire_rested":3,"item_purchase_floors":[5],"current_hp_per_floor":[67,67,54,49,49,73,34,34,34,7,31,10,9,9,45,5,61,56,29,0,0],"gold":305,"neow_bonus":"BOSS_RELIC","is_daily":false,"chose_seed":false,"campfire_upgraded":1,"win_rate":0.0,"timestamp":1607765223,"path_taken":["M","?","M","?","?","R","E","R","T","E","R","E","M","?","R","BOSS","M","M","M"],"items_purchased_type":["Card"],"build_version":"2020-11-30","purchased_purges":0,"victory":false,"max_hp_per_floor":[80,80,80,80,80,80,80,80,80,80,80,80,80,80,80,80,80,83,87,87,87],"card_choices":[{"not_picked":["Pommel Strike","Twin Strike"],"picked":"Searing Blow","floor":0},{"not_picked":["Anger","Rupture"],"picked":"Disarm","floor":1},{"not_picked":["Anger","Clash"],"picked":"Flame Barrier","floor":3},{"not_picked":["Twin Strike","Wild Strike"],"picked":"Intimidate","floor":6},{"not_picked":["Intimidate","Twin Strike"],"picked":"Clothesline","floor":7},{"not_picked":["Hemokinesis","Rampage"],"picked":"Brutality","floor":10},{"not_picked":["Heavy Blade","Dark Embrace"],"picked":"Armaments+1","floor":11},{"not_picked":["Rupture","Thunderclap"],"picked":"Entrench+1","floor":12},{"not_picked":["Clash","Cleave"],"picked":"Clothesline","floor":13},{"not_picked":["Cleave","Combust"],"picked":"Feed","floor":14},{"not_picked":["Infernal Blade+1","Warcry+1"],"picked":"Armaments+1","floor":15},{"not_picked":["Immolate","Limit Break+1"],"picked":"Demon Form","floor":16},{"not_picked":["Clash","Pommel Strike"],"picked":"Clothesline+1","floor":18},{"not_picked":["Anger","Thunderclap","Pommel Strike"],"picked":"SKIP","floor":19}],"player_experience":630471,"relics_obtained":[{"floor":7,"key":"Whetstone"},{"floor":9,"key":"Toxic Egg 2"},{"floor":10,"key":"Matryoshka"},{"floor":12,"key":"Eternal Feather"},{"floor":17,"key":"Anchor"},{"floor":17,"key":"Mummified Hand"},{"floor":17,"key":"Thread and Needle"}],"event_choices":[{"damage_healed":0,"gold_gain":63,"player_choice":"Gained Gold","damage_taken":0,"max_hp_gain":0,"max_hp_loss":0,"event_name":"Golden Wing","floor":2,"gold_loss":0},{"damage_healed":0,"gold_gain":0,"player_choice":"Success","damage_taken":5,"relics_obtained":["Dream Catcher"],"max_hp_gain":0,"max_hp_loss":0,"event_name":"Scrap Ooze","floor":4,"gold_loss":0}],"is_beta":false,"boss_relics":[{"not_picked":["SacredBark","Cursed Key"],"picked":"Calling Bell"}],"items_purged_floors":[],"is_endless":false,"potions_floor_spawned":[1,10,13,18],"killed_by":"Cultist and Chosen","ascension_level":16}}