{"host":"8ty8vzcv2y40vx6u","time":1607813318,"event":{"mods":["Act Like it!","Aspiration","BaseMod","BetterRewards","Conspire","Duelist Mod","Elementarium","GifTheSpireLib","Hallownest","Hubris","Infinite Spire","Minty Spire (QoL Compilation)","Potionbrewer","Replay The Spire","Shop Mod","StSLib","Stuff the Spire","The Animator","The Cursed","The Judge","The Mystic","The Runesmith","Wandering Minibosses"],"gold_per_floor":[135,148,73,73,125,154,154,167,167,185,185,185],"floor_reached":11,"playtime":519,"items_purged":["theDuelist:Sparks"],"score":164,"play_id":"db9ccc3d-7e8f-4e65-9b91-7a99acb3bb50","local_time":"20201212234838","is_ascension_mode":true,"campfire_choices":[{"data":"theDuelist:ToonDefense","floor":7,"key":"SMITH"}],"circlet_count":0,"master_deck":["AscendersBane","theDuelist:CastleWalls","theDuelist:CastleWalls","theDuelist:MangaRyuRan","theDuelist:Sparks","theDuelist:Sparks","theDuelist:ToonAncientGear","theDuelist:ToonMermaid","theDuelist:ToonSummonedSkull","theDuelist:ToonWorld","theDuelist:ToonDefense+1","theDuelist:ToonBarrelDragon","theDuelist:RockSunrise","theDuelist:TributeDoomed"],"relics":["theDuelist:MillenniumPuzzle","theDuelist:CardPoolRelic","theDuelist:CardPoolBasicRelic","theDuelist:BoosterPackPoolRelic","theDuelist:CardPoolAddRelic","theDuelist:CardPoolMinusRelic","theDuelist:CardPoolSaveRelic","theDuelist:CardPoolOptionsRelic","NeowsBlessing","hubris:Towel","theDuelist:MillenniumRod","Red Skull","StuffTheSpire:Experiment12"],"acts_visited":["Hallownest:Greenpath"],"potions_floor_usage":[10,10],"damage_taken":[{"damage":1,"enemies":"Hallownest:2_Baldur","floor":1,"turns":1},{"damage":6,"enemies":"Hallownest:2_Tiktiks_and_1_Crawlid","floor":2,"turns":2},{"damage":1,"enemies":"Hallownest:eliteVengeflyKing","floor":6,"turns":1},{"damage":6,"enemies":"Hallownest:monsterHuskGuard","floor":8,"turns":4},{"damage":48,"enemies":"Hallownest:1_Ooma_and_2_Uuma","floor":10,"turns":5},{"damage":1,"enemies":"Hallownest:eliteMossKnight","floor":11,"turns":1}],"seed_played":"-558495812650868550","potions_obtained":[{"floor":6,"key":"theDuelist:WhiteBottle"},{"floor":8,"key":"theDuelist:WhiteBottle"}],"is_trial":false,"path_per_floor":["M","M","$","?","T","E","R","M","T","M","E"],"character_chosen":"THE_DUELIST","items_purchased":[],"campfire_rested":0,"item_purchase_floors":[],"current_hp_per_floor":[62,56,56,56,56,55,55,49,49,1,0,0],"gold":185,"neow_bonus":"THREE_ENEMY_KILL","is_daily":false,"chose_seed":false,"campfire_upgraded":1,"win_rate":0.0,"timestamp":1607813318,"path_taken":["M","M","$","?","?","E","R","M","T","M","E"],"items_purchased_type":[],"build_version":"2020-11-30","purchased_purges":1,"victory":false,"max_hp_per_floor":[70,70,70,70,70,70,70,70,70,70,70,70],"card_choices":[{"not_picked":["theDuelist:LuminousMoss+1","theDuelist:Wiretap","theDuelist:VenomShot+1","theDuelist:AncientGearFist+1"],"picked":"theDuelist:ToonDefense","floor":1},{"not_picked":["theDuelist:LeviaDragon","theDuelist:GraydleDragon","theDuelist:BlueEyesToon","theDuelist:MangaRyuRan"],"picked":"theDuelist:ToonBarrelDragon","floor":2},{"not_picked":["theDuelist:PowerGiant","theDuelist:DummyGolem","theDuelist:RainbowKuriboh","theDuelist:StrayLambs"],"picked":"theDuelist:RockSunrise","floor":6},{"not_picked":["theDuelist:GishkiZielgigas","theDuelist:GishkiReliever","theDuelist:FishborgBlaster","theDuelist:GemKnightAmethyst","theDuelist:FeatherShot"],"picked":"SKIP","floor":8},{"not_picked":["theDuelist:CatShark","theDuelist:NaturiaMarron","theDuelist:GraydleDragon","theDuelist:SpellShatteringArrow"],"picked":"theDuelist:TributeDoomed","floor":10}],"player_experience":625747,"relics_obtained":[{"floor":5,"key":"theDuelist:MillenniumRod"},{"floor":6,"key":"Red Skull"},{"floor":9,"key":"StuffTheSpire:Experiment12"}],"event_choices":[],"is_beta":false,"boss_relics":[],"items_purged_floors":[3],"is_endless":false,"potions_floor_spawned":[6,8],"killed_by":"Hallownest:eliteMossKnight","ascension_level":15}}