{"host":"rhi1xaphgh1gkral","time":1607814198,"event":{"mods":["Aspiration","BaseMod","Conspire","Downfall","Energized Spire","GifTheSpireLib","Halation","Hubris","Infinite Spire","Ironclad Rager","Jedi Mod","Minty Spire (QoL Compilation)","Replay The Spire","StSLib","Stuff the Spire","vexMod"],"gold_per_floor":[99,99,99,274,274,274,353,371,471,499,517,98,98,32,47,142,142,142,177,194,194,194,205,257,107,121,121,153,40,40,57,69,169,169,169,180,190,218,218,218,218],"floor_reached":40,"playtime":3468,"items_purged":["StuffTheSpire:CuriosityCurse"],"score":503,"play_id":"0a3f9d86-c2a4-4622-ac96-eaddb4d5b849","local_time":"20201212200318","is_ascension_mode":false,"campfire_choices":[{"floor":1,"key":"RECALL"},{"floor":18,"key":"DIG"},{"floor":21,"key":"REST"},{"data":"StuffTheSpire:PestControl","floor":25,"key":"SMITH"},{"data":"hexamod:TimeOfNeed","floor":27,"key":"SMITH"},{"data":"Apotheosis","floor":35,"key":"SMITH"}],"circlet_count":0,"master_deck":["hexamod:Strike","hexamod:Strike","hexamod:Strike","hexamod:Strike","hexamod:Defend","hexamod:Defend","hexamod:Defend","hexamod:Defend","hexamod:Sear","hexamod:Float","hexamod:Firestarter","hexamod:SpectersWail","hexamod:Hexaguard","hexamod:FastForward","hexamod:EmpoweredFlame","hexamod:StepThrough","hexamod:SpectersWail","hexamod:TimeOfNeed+1","hexamod:ThermalTransfer","hexamod:CrushingStance","hexamod:RainOfEmbers","hexamod:HauntingEcho","hexamod:HeatMetal","hexamod:TimeWarp","hexamod:SwordOfDarkness","hexamod:HeatCrush+1","StuffTheSpire:PestControl+1","hexamod:BurningTouch","hexamod:RainOfEmbers+1","hexamod:PhantomFireball+1","hexamod:SoulSteal","hexamod:Hexaguard","hexamod:FourthSeal","hexamod:FastForward","Apotheosis+1","hexamod:FlamesFromBeyond","hexamod:HauntingEcho","hexamod:BurningTouch","hexamod:GiftsFromTheDead","expansioncontent:CaCaw"],"relics":["hexamod:SpiritBrand","downfall:HeartsMalice","jedi:archwizardhat","Eternal Feather","StuffTheSpire:EmeraldSignet","conspire:SeveredTorchhead","hubris:Metronome","downfall:HeartBlessingRed","downfall:HeartBlessingBlue","halation:Thesaurus","hubris:Spice","Empty Cage","hexamod:MatchstickCase"],"acts_visited":["Exordium","TheCity","TheBeyond"],"potions_floor_usage":[16,19,26,33,40,40],"damage_taken":[{"damage":0,"enemies":"Small Slimes","floor":2,"turns":1},{"damage":0,"enemies":"2 Louse","floor":5,"turns":1},{"damage":0,"enemies":"Jaw Worm","floor":6,"turns":1},{"damage":0,"enemies":"Blue Slaver","floor":8,"turns":3},{"damage":23,"enemies":"3 Sentries","floor":10,"turns":7},{"damage":8,"enemies":"conspire:2 RoseBushes","floor":11,"turns":4},{"damage":0,"enemies":"downfall:FleeingMerchant","floor":12,"turns":4},{"damage":0,"enemies":"downfall:FleeingMerchant","floor":14,"turns":4},{"damage":6,"enemies":"Exordium Wildlife","floor":15,"turns":3},{"damage":25,"enemies":"downfall:Watcher","floor":16,"turns":7},{"damage":31,"enemies":"Gremlin Leader","floor":19,"turns":7},{"damage":2,"enemies":"Spheric Guardian","floor":20,"turns":3},{"damage":0,"enemies":"conspire:FuzzyDice","floor":23,"turns":3},{"damage":22,"enemies":"Sentry and Sphere","floor":26,"turns":4},{"damage":15,"enemies":"conspire:MimicChest","floor":28,"turns":4},{"damage":5,"enemies":"downfall:FleeingMerchant","floor":29,"turns":4},{"damage":0,"enemies":"downfall:FleeingMerchant","floor":31,"turns":1},{"damage":0,"enemies":"Centurion and Healer","floor":32,"turns":2},{"damage":49,"enemies":"downfall:Silent","floor":33,"turns":5},{"damage":7,"enemies":"Orb Walker","floor":36,"turns":3},{"damage":17,"enemies":"3 Darklings","floor":37,"turns":2},{"damage":57,"enemies":"Reptomancer","floor":38,"turns":5},{"damage":23,"enemies":"Maw","floor":40,"turns":4}],"seed_played":"-1945441588314358316","potions_obtained":[{"floor":15,"key":"Fire Potion"},{"floor":16,"key":"SkillPotion"},{"floor":19,"key":"Dexterity Potion"},{"floor":23,"key":"ColorlessPotion"},{"floor":28,"key":"Reflective Coating"},{"floor":38,"key":"hexamod:EctoCoolerPotion"},{"floor":38,"key":"SteroidPotion"}],"is_trial":false,"path_per_floor":["R","M","?","?","M","M","T","M","?","E","M","$","?","$","M","B",null,"R","E","M","R","?","M","T","R","M","R","?","$","?","$","M","B",null,"R","M","M","E","?","M"],"character_chosen":"THE_SPIRIT","items_purchased":["hexamod:TimeOfNeed","hexamod:ThermalTransfer","hexamod:CrushingStance","hexamod:HauntingEcho","hexamod:SoulSteal","hexamod:Hexaguard","halation:Thesaurus","Apotheosis"],"campfire_rested":1,"item_purchase_floors":[12,12,12,14,29,29,31,31],"current_hp_per_floor":[70,70,78,78,78,78,78,78,78,55,47,47,47,49,43,22,78,86,57,55,86,66,68,68,88,66,81,70,67,67,75,75,30,96,96,89,72,17,17,0,0],"gold":218,"neow_bonus":"THREE_ENEMY_KILL","is_daily":false,"chose_seed":false,"campfire_upgraded":3,"win_rate":0.0,"timestamp":1607814198,"path_taken":["R","M","?","?","M","M","T","M","?","E","M","$","?","?","M","BOSS","R","E","M","R","?","M","T","R","M","R","?","$","?","?","M","BOSS","R","M","M","E","?","M"],"items_purchased_type":["Card","Card","Card","Card","Card","Card","Relic","Card"],"build_version":"2020-11-30","purchased_purges":1,"victory":false,"max_hp_per_floor":[70,70,78,78,78,78,78,78,78,78,78,78,78,78,78,78,78,86,86,86,86,86,78,78,88,88,88,88,88,88,96,96,96,96,96,96,96,96,96,96,96],"card_choices":[{"not_picked":["hexamod:BacktrackSmack","hexamod:BurningTouch"],"picked":"hexamod:Firestarter","floor":2},{"not_picked":["hexamod:GhostShield","hexamod:HauntingEcho"],"picked":"hexamod:SpectersWail","floor":5},{"not_picked":["hexamod:BacktrackSmack","hexamod:PowerFromBeyond"],"picked":"hexamod:Hexaguard","floor":6},{"not_picked":["hexamod:CatchUp","hexamod:FifthSeal"],"picked":"hexamod:FastForward","floor":8},{"not_picked":["hexamod:Firestarter","hexamod:BurningTouch"],"picked":"hexamod:EmpoweredFlame","floor":10},{"not_picked":["hexamod:Hexaguard","hexamod:HauntingEcho"],"picked":"hexamod:StepThrough","floor":11},{"not_picked":["hexamod:Hexaguard","hexamod:BurningTouch"],"picked":"hexamod:SpectersWail","floor":12},{"not_picked":["hexamod:BacktrackSmack","hexamod:PowerFromBeyond"],"picked":"hexamod:RainOfEmbers","floor":14},{"not_picked":["hexamod:RadiantFlame","hexamod:NightmareStrike"],"picked":"hexamod:HeatMetal","floor":15},{"not_picked":["hexamod:ParanormalForm","hexamod:SearingWound"],"picked":"hexamod:TimeWarp","floor":16},{"not_picked":["hexamod:NightmareGuise","hexamod:Firestarter"],"picked":"hexamod:SwordOfDarkness","floor":19},{"not_picked":["hexamod:BacktrackSmack+1","hexamod:Firestarter"],"picked":"hexamod:HeatCrush+1","floor":20},{"not_picked":["hexamod:ExtraCrispy","hexamod:HauntingEcho"],"picked":"hubris:SpiceAddiction","floor":23},{"not_picked":["hubris:SpiceAddiction","hexamod:GhostShield"],"picked":"hexamod:BurningTouch","floor":26},{"not_picked":["hexamod:BurningTouch","hexamod:Firestarter"],"picked":"hexamod:RainOfEmbers+1","floor":28},{"not_picked":["hexamod:ShieldOfDarkness+1","hexamod:WildfireWeapon"],"picked":"hexamod:PhantomFireball+1","floor":29},{"not_picked":["hexamod:GhostLash","hexamod:Firestarter"],"picked":"hexamod:FastForward","floor":31},{"not_picked":["hexamod:ThermalTransfer","hexamod:FastForward"],"picked":"hexamod:FlamesFromBeyond","floor":32},{"not_picked":["hexamod:UnleashSpirits","hexamod:TurnItUp"],"picked":"hexamod:EmpoweringStance","floor":33},{"not_picked":["hexamod:Hexaguard+1","hexamod:BacktrackSmack+1"],"picked":"hexamod:HauntingEcho","floor":36},{"not_picked":["hexamod:SpectralAdrenaline","hexamod:Rewind"],"picked":"hexamod:BurningTouch","floor":37},{"not_picked":["hexamod:BurningTouch+1","hexamod:GhostLash"],"picked":"hexamod:GiftsFromTheDead","floor":38},{"not_picked":["Replay:SS_fish_1","expansioncontent:FaceSlap"],"picked":"expansioncontent:CaCaw","floor":39}],"player_experience":125948,"relics_obtained":[{"floor":7,"key":"jedi:archwizardhat"},{"floor":10,"key":"Eternal Feather"},{"floor":13,"key":"StuffTheSpire:EmeraldSignet"},{"floor":18,"key":"hubris:Spice"},{"floor":19,"key":"hubris:Metronome"},{"floor":38,"key":"hexamod:MatchstickCase"}],"event_choices":[],"is_beta":false,"boss_relics":[{"not_picked":["hubris:GrandSneckoEye","hubris:Spice"],"picked":"conspire:SeveredTorchhead"},{"not_picked":["Sozu","aspiration:RitualDagger"],"picked":"Empty Cage"}],"items_purged_floors":[12],"is_endless":false,"potions_floor_spawned":[8,11,15,16,19,23,28,38],"killed_by":"Maw","ascension_level":0}}