{"host":"hqxy2g3i5ker09hc","time":1607799299,"event":{"mods":["2.2 Compatiblity","AlwaysNeverKeys","Aspiration","BaseMod","Beaked The Cultist","Better Match","Better Note","Better Sensory Stone","Better Silent Start","Better Third Choice","Better-Laid Plans","CCEM","CatGirl Mod","Chen","Conspire","Downfall","Fireblade Mod","GifTheSpireLib","Gold Saver","Hubris","Ironclad Rager","Minty Spire (QoL Compilation)","MostiFishMod","Permanent Neow","Quarter Circle Forward PUNCH!","Quick Restart","Replay The Spire","Shop Mod","Small Relic Pack","Spikes Relics","StSLib","Stuff the Spire","The Animator","The Bug Knight","The Forsaken","The Wild Card","vexMod"],"gold_per_floor":[1058,1069,711,722,419,419,419,419,489,489,489,509,543,556,556,654,654,668,678,521,521,532,532,561,471,498,498,531,531,531,541,541,636,636,651,665,665,679,679,679,695,715,715,735,735,751,768,448,448,448,448,448,127,161,161],"floor_reached":56,"playtime":6445,"items_purged":[],"score":1289,"play_id":"3054294a-08ba-4131-abb9-98f3405471a8","local_time":"20201212195459","is_ascension_mode":false,"campfire_choices":[{"data":"FireBladeMod:SoulSword","floor":6.0,"key":"SMITH"},{"data":"MostiFishMod:BrokenBlackCloak","floor":8.0,"key":"SMITH"},{"floor":15.0,"key":"DIG"},{"data":"FireBladeMod:EternalEndurance","floor":23.0,"key":"SMITH"},{"floor":27.0,"key":"REST"},{"data":"FireBladeMod:LearnTells","floor":30.0,"key":"SMITH"},{"data":"Concentrate","floor":32.0,"key":"SMITH"},{"data":"theForsaken:DesperatePlea","floor":40,"key":"SMITH"},{"floor":45,"key":"REST"},{"data":"Replay:SS_forest_2","floor":49,"key":"SMITH"},{"data":"FireBladeMod:Speed","floor":52,"key":"SMITH"}],"circlet_count":0,"master_deck":["FireBladeMod:StrikeFireBlade+1","FireBladeMod:StrikeFireBlade+1","FireBladeMod:StrikeFireBlade+1","FireBladeMod:StrikeFireBlade+1","FireBladeMod:DefendFireBlade+1","FireBladeMod:DefendFireBlade+1","FireBladeMod:DefendFireBlade+1","FireBladeMod:DefendFireBlade+1","FireBladeMod:FlamingSword+1","FireBladeMod:FireBarrier+1","Predator+1","theCatGirl:SearchBackpack+1","Well Laid Plans+1","FireBladeMod:ThirstForBlood+1","WaveOfTheHand+1","MostiFishMod:BrokenBlackCloak+1","Shrug It Off+1","FireBladeMod:SoulStrike+1","FireBladeMod:SoulSword+1","expansioncontent:DefensiveStance+1","theCatGirl:LearnByMistake+1","FireBladeMod:EternalEndurance+1","beaked:DigDeeper+1","MostiFishMod:WinterMarkForm+1","StuffTheSpire:Sprint+1","Concentrate+1","FireBladeMod:RapidHits+1","hexamod:AdvancingGuard+1","FireBladeMod:LearnTells+1","expansioncontent:DefensiveStance+1","theForsaken:StoreUp+1","theForsaken:DesperatePlea+1","HollowMod:LifebloodCocoon+1","hubris:DuctTapeCard","Guardian:Suspension+1","Acrobatics+1","beaked:CursingBlood+1","StuffTheSpire:BumpUp+1","FireBladeMod:Speed+1","Replay:SS_forest_2+1","FireBladeMod:Unbalance+1","Chrysalis+1","sneckomod:CheapStock"],"relics":["FireBladeMod:DuelistLocket","DaveBox","aspiration:Nostalgia","Replay:M_StaffOfTheSnake","DSteel32","Question Card","PrismaticShard","Membership Card","Torii","conspire:TreasureMap","vexMod:HeadHunter","CCEMRelics:DissonantTune","Replay:Towering Pillar of Hats","ImportantClient","StuffTheSpire:BottledEssence","hubris:DuctTape","Replay:Bottled Eggs","Kunai","aspiration:Lifesprig","vexMod:BigBerry","relicPack:OneForAll","Darkstone Periapt","Lee\u0027s Waffle","vexMod:InvisibilityCloak","CCEMRelics:TinyMinotavrHorn","StuffTheSpire:Experiment12","Medical Kit","qcfpunch:Wild_Herbs_Ointment","Quantum Egg"],"acts_visited":["Exordium","TheCity","TheBeyond","TheEnding"],"potions_floor_usage":[36,55,55,55],"damage_taken":[{"damage":0.0,"enemies":"Small Slimes","floor":1.0,"turns":3.0},{"damage":0.0,"enemies":"conspire:RoseBush","floor":2.0,"turns":2.0},{"damage":6.0,"enemies":"Cultist","floor":4.0,"turns":3.0},{"damage":1.0,"enemies":"2 Fungi Beasts","floor":12.0,"turns":3.0},{"damage":0.0,"enemies":"Gremlin Nob","floor":13.0,"turns":4.0},{"damage":0.0,"enemies":"3 Louse","floor":14.0,"turns":3.0},{"damage":13.0,"enemies":"The Guardian","floor":16.0,"turns":10.0},{"damage":11.0,"enemies":"3 Byrds","floor":18.0,"turns":5.0},{"damage":0.0,"enemies":"Snake Plant","floor":19.0,"turns":5.0},{"damage":4.0,"enemies":"Centurion and Healer","floor":22.0,"turns":7.0},{"damage":27.0,"enemies":"Gremlin Leader","floor":24.0,"turns":8.0},{"damage":0.0,"enemies":"conspire:SneckoGhost","floor":28.0,"turns":8.0},{"damage":0.0,"enemies":"Chosen and Byrds","floor":31.0,"turns":6.0},{"damage":14.0,"enemies":"Champ","floor":33.0,"turns":9.0},{"damage":6.0,"enemies":"3 Darklings","floor":35.0,"turns":5.0},{"damage":7,"enemies":"Orb Walker","floor":36,"turns":7},{"damage":6,"enemies":"4 Shapes","floor":38,"turns":12},{"damage":0,"enemies":"3 Darklings","floor":41,"turns":6},{"damage":10,"enemies":"Sphere and 2 Shapes","floor":42,"turns":11},{"damage":17,"enemies":"Maw","floor":44,"turns":8},{"damage":33,"enemies":"Transient","floor":46,"turns":5},{"damage":28,"enemies":"Jaw Worm Horde","floor":47,"turns":11},{"damage":78,"enemies":"Awakened One","floor":50,"turns":14},{"damage":24,"enemies":"Shield and Spear","floor":54,"turns":8},{"damage":54,"enemies":"The Heart","floor":55,"turns":10}],"seed_played":"-1691417036916512424","potions_obtained":[{"floor":7.0,"key":"Block Potion"},{"floor":12.0,"key":"Energy Potion"},{"floor":13.0,"key":"CultistPotion"},{"floor":18.0,"key":"Dexterity Potion"},{"floor":19.0,"key":"PowerPotion"},{"floor":28.0,"key":"Weak Potion"},{"floor":35.0,"key":"Weak Potion"},{"floor":42,"key":"Reflective Coating"}],"is_trial":false,"path_per_floor":["M","M","$","M","$","R","?","R","T","?","?","M","E","M","R","B",null,"M","M","$","?","M","R","E","?","T","R","E","?","R","M","R","B",null,"M","M","?","M","?","R","M","M","T","M","R","M","M","$","R","B",null,"R","$","E","B",null],"character_chosen":"THE_FIREBLADE","items_purchased":["Membership Card","Well Laid Plans","FireBladeMod:ThirstForBlood+1","WaveOfTheHand","MostiFishMod:BrokenBlackCloak","Torii","conspire:TreasureMap","FireBladeMod:Shove","FireBladeMod:SoulStrike","FireBladeMod:SoulSword","StuffTheSpire:BottledEssence","hubris:DuctTape","Lee\u0027s Waffle","vexMod:InvisibilityCloak","CCEMRelics:TinyMinotavrHorn","FireBladeMod:Speed","Replay:SS_forest_2","StuffTheSpire:Experiment12","Medical Kit","qcfpunch:Wild_Herbs_Ointment","FireBladeMod:Unbalance","Chrysalis"],"campfire_rested":2,"item_purchase_floors":[3,3,3,3,3,5,5,5,5,5,20,20,48,48,48,48,48,53,53,53,53,53],"current_hp_per_floor":[70,70,70,64,64,64,64,64,64,64,64,63,63,63,63,50,70,59,64,64,64,65,65,45,45,45,66,70,70,70,70,70,56,100,94,87,87,81,71,71,71,61,61,56,86,53,43,107,107,35,107,107,107,83,73],"gold":161,"neow_bonus":"NOSTALGIA","is_daily":false,"chose_seed":false,"campfire_upgraded":8,"win_rate":0.0,"timestamp":1607799299,"path_taken":["M","M","$","M","$","R","?","R","T","?","?","M","E","M","R","BOSS","M","?","$","?","M","R","E","?","T","R","E","?","R","?","R","BOSS","M","M","?","M","?","R","M","M","T","M","R","M","?","$","R","BOSS","R","$","E","BOSS"],"items_purchased_type":["Relic","Card","Card","Card","Card","Relic","Relic","Card","Card","Card","Relic","Relic","Relic","Relic","Relic","Card","Card","Relic","Relic","Relic","Card","Card"],"build_version":"2020-11-30","purchased_purges":0,"victory":true,"max_hp_per_floor":[70,70,70,70,70,70,70,70,70,70,70,70,70,70,70,70,70,70,70,70,70,70,70,70,70,70,70,70,70,70,70,70,70,100,100,100,100,100,100,100,100,100,100,100,100,100,100,107,107,107,107,107,107,107,107],"card_choices":[{"not_picked":["FireBladeMod:ComboSlashes","Nirvana"],"picked":"Predator","floor":1.0},{"not_picked":["animator:NagisaMomoe","animator:Viivi","animator:CrowleyEusford"],"picked":"theCatGirl:SearchBackpack","floor":2.0},{"not_picked":["animator:Millim","beaked:Foresight","All For One"],"picked":"Shrug It Off","floor":4.0},{"not_picked":["HandOfGreed","expansioncontent:YouAreMine","Flash of Steel"],"picked":"expansioncontent:DefensiveStance","floor":10.0},{"not_picked":["Chen:Instinct","theForsaken:RainingSunlight","Warcry"],"picked":"theCatGirl:LearnByMistake","floor":12.0},{"not_picked":["FireBladeMod:GlassGreatsword","FireBladeMod:HellFire","FireBladeMod:DebilitatingBlow"],"picked":"FireBladeMod:EternalEndurance","floor":13.0},{"not_picked":["Hidden Blade","HollowMod:BaldurShell","theWildCard:LadyLuck"],"picked":"beaked:DigDeeper","floor":13.0},{"not_picked":["Guardian:Gem_Crimson","expansioncontent:Flail","animator:Chung"],"picked":"animator:Demiurge","floor":14.0},{"not_picked":["Slimebound:MassRepurpose","animator:Saber","Poison Darts"],"picked":"MostiFishMod:WinterMarkForm","floor":16.0},{"not_picked":["FearNoEvil","sneckomod:DiceBlock","Chen:PentagramFlight"],"picked":"StuffTheSpire:Sprint","floor":18.0},{"not_picked":["theCatGirl:Growl+1","animator:Guy","Slimebound:FirmFortitude"],"picked":"Slimebound:Repurpose+1","floor":19.0},{"not_picked":["FireBladeMod:BackhandSwing+1","theCatGirl:TripLunge+1","Reckless Charge+1"],"picked":"Concentrate","floor":22.0},{"not_picked":["FireBladeMod:BattleMage","FireBladeMod:GlassGreatsword","FireBladeMod:PyromancerForm"],"picked":"FireBladeMod:RapidHits","floor":24.0},{"not_picked":["animator:Kuribayashi","beaked:LiftOff","animator:ZankiKiguchi+1"],"picked":"hexamod:AdvancingGuard+1","floor":24.0},{"not_picked":["FireBladeMod:AfterBurn","FireBladeMod:BodyAsFuel","FireBladeMod:Blitzkreig"],"picked":"FireBladeMod:LearnTells","floor":28.0},{"not_picked":["beaked:Mantra","SashWhip","StuffTheSpire:Injection","Streamline"],"picked":"SKIP","floor":28.0},{"not_picked":["theForsaken:NobleSacrifice+1","animator:QuestionMark","Slimebound:DivideAndConquer"],"picked":"theForsaken:StoreUp","floor":31.0},{"not_picked":["Alpha","MostiFishMod:FlyOverUtopia","Exhume"],"picked":"theForsaken:DesperatePlea","floor":33.0},{"not_picked":["Prostrate","Finesse","beaked:DigDeeper"],"picked":"HollowMod:LifebloodCocoon+1","floor":35.0},{"not_picked":["animator:IrohaTamaki+1","animator:UneriGinkaku","Cold Snap","theCatGirl:PoisedStrike+1"],"picked":"SKIP","floor":36},{"not_picked":["hexamod:Firestarter","Corpse Explosion","Slimebound:ProtectTheBoss+1","theForsaken:Backlash+1"],"picked":"SKIP","floor":38},{"not_picked":["expansioncontent:PolyBeam","StuffTheSpire:DoubleShiv+1","theForsaken:ChargeAttack+1"],"picked":"Guardian:Suspension","floor":41},{"not_picked":["sneckomod:IronFang+1","HollowMod:LifebloodCocoon","sneckomod:SnekBeam"],"picked":"Acrobatics","floor":42},{"not_picked":["theForsaken:StoreUp+1","Guardian:Gem_Cyan","Meteor Strike","Endless Agony"],"picked":"SKIP","floor":44},{"not_picked":["beaked:Flinch","Guardian:TemporalShield+1","sneckomod:Unknown1Cost"],"picked":"beaked:CursingBlood+1","floor":46},{"not_picked":["Chen:Adaptability+1","sneckomod:UnknownBlock+1","Draining Mist+1"],"picked":"StuffTheSpire:BumpUp+1","floor":47},{"not_picked":["Guardian:ChargeCore","beaked:KnowThyFoe","animator:Witch+1"],"picked":"sneckomod:CheapStock","floor":54},{"not_picked":["FireBladeMod:DeathBlade","FireBladeMod:Blitzkreig","FireBladeMod:BodyAsFuel","FireBladeMod:PyromancerForm"],"picked":"SKIP","floor":54}],"player_experience":641479,"relics_obtained":[{"floor":1.0,"key":"Question Card"},{"floor":1.0,"key":"PrismaticShard"},{"floor":9.0,"key":"vexMod:HeadHunter"},{"floor":13.0,"key":"CCEMRelics:DissonantTune"},{"floor":15.0,"key":"Replay:Towering Pillar of Hats"},{"floor":16.0,"key":"ImportantClient"},{"floor":24.0,"key":"Replay:Bottled Eggs"},{"floor":26.0,"key":"Kunai"},{"floor":28.0,"key":"aspiration:Lifesprig"},{"floor":43,"key":"Darkstone Periapt"},{"floor":54,"key":"Quantum Egg"}],"event_choices":[{"damage_healed":0.0,"max_hp_gain":0.0,"max_hp_loss":0.0,"gold_gain":1.0,"event_name":"betterStone:BetterStone","player_choice":"1","floor":10.0,"gold_loss":0.0,"damage_taken":0.0},{"damage_healed":0.0,"max_hp_gain":0.0,"max_hp_loss":0.0,"gold_gain":0.0,"event_name":"Purifier","player_choice":"Ignored","floor":11.0,"gold_loss":0.0,"damage_taken":0.0},{"damage_healed":0.0,"max_hp_gain":0.0,"max_hp_loss":0.0,"gold_gain":0.0,"event_name":"Accursed Blacksmith","player_choice":"Forge","floor":21.0,"gold_loss":0.0,"damage_taken":0.0,"cards_upgraded":["expansioncontent:DefensiveStance"]},{"cards_removed":["Slimebound:Repurpose"],"damage_healed":0.0,"max_hp_gain":0.0,"max_hp_loss":0.0,"gold_gain":0.0,"event_name":"Designer","player_choice":"Upgrade and Remove","floor":25.0,"gold_loss":90.0,"damage_taken":0.0,"cards_upgraded":["Shrug It Off"]},{"damage_healed":0.0,"max_hp_gain":0.0,"max_hp_loss":0.0,"gold_gain":0.0,"event_name":"Duplicator","player_choice":"Copied","floor":29.0,"gold_loss":0.0,"damage_taken":0.0,"cards_obtained":["expansioncontent:DefensiveStance"]},{"damage_healed":0,"gold_gain":0,"player_choice":"Damaged","damage_taken":10,"max_hp_gain":0,"max_hp_loss":0,"event_name":"Wheel of Change","floor":39,"gold_loss":0}],"is_beta":false,"boss_relics":[{"not_picked":["Runic Dome","BloodWine","relicPack:ShieldShield"]},{"not_picked":["hubris:HollowSoul","hubris:GrandSneckoEye"],"picked":"vexMod:BigBerry"}],"items_purged_floors":[],"is_endless":false,"potions_floor_spawned":[12,13,14,18,19,22,28,35,42,44,46,54],"ascension_level":0}}