{"host":"og6lam4kt3nibbw0","time":1607732463,"event":{"mods":["AchievementEnabler","BaseMod","Colored Map","DeckTracker","Highlight Path","Keyboard Shortcuts","Minty Spire (QoL Compilation)","Permanent Neow","Quick Restart","StSLib","SuperFastMode"],"gold_per_floor":[111,111,125,144,144,144,163,180,228,238,238,2,29,29,29,108,108,122,134,49,49,0,0,0,0,0,29,29,48,71,33,33,33,33],"floor_reached":33,"playtime":1024,"items_purged":["Defend_G"],"score":555,"play_id":"8eeef1dc-316e-4dd7-af04-f80f23455e0a","local_time":"20201212092103","is_ascension_mode":true,"campfire_choices":[{"data":"Dagger Throw","floor":6.0,"key":"SMITH"},{"floor":11.0,"key":"REST"},{"floor":15.0,"key":"REST"},{"floor":23.0,"key":"REST"},{"data":"Noxious Fumes","floor":25.0,"key":"SMITH"},{"floor":32,"key":"REST"}],"circlet_count":0,"master_deck":["AscendersBane","Defend_G","Defend_G","Defend_G","Defend_G","Survivor","Neutralize","Dagger Throw+1","Expertise","Dodge and Roll","Poisoned Stab+1","All Out Attack","Noxious Fumes","Corpse Explosion","Reflex","Bite","Bite","Bite","Bite","Bite","Noxious Fumes+1"],"relics":["Ring of the Snake","Calipers","Snake Skull","Regal Pillow","Membership Card","Orichalcum","SlaversCollar","Akabeko","Toxic Egg 2","Pantograph","Anchor"],"acts_visited":["Exordium","TheCity"],"potions_floor_usage":[29],"damage_taken":[{"damage":6.0,"enemies":"2 Louse","floor":1.0,"turns":3.0},{"damage":5.0,"enemies":"Jaw Worm","floor":3.0,"turns":5.0},{"damage":11.0,"enemies":"Cultist","floor":4.0,"turns":5.0},{"damage":2.0,"enemies":"Looter","floor":7.0,"turns":4.0},{"damage":3.0,"enemies":"Large Slime","floor":8.0,"turns":3.0},{"damage":0.0,"enemies":"2 Fungi Beasts","floor":10.0,"turns":3.0},{"damage":27.0,"enemies":"3 Sentries","floor":13.0,"turns":9.0},{"damage":34.0,"enemies":"The Guardian","floor":16.0,"turns":8.0},{"damage":25.0,"enemies":"Shell Parasite","floor":18.0,"turns":5.0},{"damage":19.0,"enemies":"Chosen","floor":19.0,"turns":5.0},{"damage":31.0,"enemies":"Slavers","floor":27.0,"turns":4.0},{"damage":0.0,"enemies":"Snake Plant","floor":28.0,"turns":1.0},{"damage":24,"enemies":"Centurion and Healer","floor":29,"turns":5},{"damage":110,"enemies":"Champ","floor":33,"turns":9}],"seed_played":"-6063098287868817481","potions_obtained":[{"floor":3.0,"key":"EntropicBrew"},{"floor":7.0,"key":"AttackPotion"},{"floor":13.0,"key":"EntropicBrew"},{"floor":16.0,"key":"CunningPotion"},{"floor":19.0,"key":"PowerPotion"},{"floor":27.0,"key":"SmokeBomb"}],"is_trial":false,"path_per_floor":["M","?","M","M","T","R","M","M","T","M","R","$","E","?","R","B",null,"M","M","?","?","?","R","?","R","T","E","M","M","T","$","R","B"],"character_chosen":"THE_SILENT","items_purchased":["Membership Card","Blood Vial"],"campfire_rested":4,"item_purchase_floors":[12,12],"current_hp_per_floor":[38,38,33,22,22,22,20,17,17,17,51,51,26,6,40,8,52,29,12,12,12,12,46,46,46,46,25,25,13,13,13,47,0,0],"gold":33,"neow_bonus":"ONE_RARE_RELIC","is_daily":false,"chose_seed":false,"campfire_upgraded":2,"win_rate":0.0,"timestamp":1607732463,"path_taken":["M","?","M","M","?","R","?","M","T","M","R","$","E","?","R","BOSS","M","M","?","?","?","R","?","R","T","E","?","M","?","?","R","BOSS"],"items_purchased_type":["Relic","Relic"],"build_version":"2020-11-30","purchased_purges":1,"victory":false,"max_hp_per_floor":[66,66,66,66,66,66,66,66,66,66,66,66,66,66,66,66,66,66,66,66,66,66,66,66,66,66,66,66,66,66,66,66,66,66],"card_choices":[{"not_picked":["Cloak And Dagger","Blade Dance"],"picked":"Dagger Throw","floor":1.0},{"not_picked":["Slice","Flying Knee"],"picked":"Expertise","floor":3.0},{"not_picked":["Bane","Cloak And Dagger"],"picked":"Dodge and Roll","floor":4.0},{"not_picked":["Acrobatics","Dagger Spray"],"picked":"Poisoned Stab","floor":7.0},{"not_picked":["Acrobatics","Bane"],"picked":"All Out Attack","floor":8.0},{"not_picked":["Masterful Stab","Bullet Time","Crippling Poison"],"picked":"SKIP","floor":10.0},{"not_picked":["Dagger Spray","Flying Knee"],"picked":"Noxious Fumes","floor":13.0},{"not_picked":["Night Terror","Wraith Form v2"],"picked":"Corpse Explosion","floor":16.0},{"not_picked":["Acrobatics","Dagger Spray"],"picked":"Reflex","floor":18.0},{"not_picked":["Well Laid Plans","Skewer","Dagger Spray"],"picked":"SKIP","floor":19.0},{"not_picked":["Eviscerate","Infinite Blades","Predator"],"picked":"SKIP","floor":27.0},{"not_picked":["Quick Slash+1","Dagger Spray","Dodge and Roll+1"],"picked":"SKIP","floor":29}],"player_experience":724441,"relics_obtained":[{"floor":5.0,"key":"Snake Skull"},{"floor":9.0,"key":"Regal Pillow"},{"floor":13.0,"key":"Orichalcum"},{"floor":26.0,"key":"Toxic Egg 2"},{"floor":27.0,"key":"Pantograph"},{"floor":30,"key":"Anchor"}],"event_choices":[{"damage_healed":0.0,"max_hp_gain":0.0,"max_hp_loss":0.0,"gold_gain":0.0,"event_name":"Liars Game","player_choice":"Ignored","floor":2.0,"gold_loss":0.0,"damage_taken":0.0},{"damage_healed":0.0,"max_hp_gain":0.0,"max_hp_loss":0.0,"gold_gain":0.0,"event_name":"Shining Light","player_choice":"Entered Light","floor":14.0,"gold_loss":0.0,"damage_taken":20.0,"cards_upgraded":["Poisoned Stab","Strike_G"]},{"damage_healed":0.0,"max_hp_gain":0.0,"max_hp_loss":0.0,"gold_gain":0.0,"event_name":"Addict","player_choice":"Obtained Relic","floor":20.0,"gold_loss":85.0,"damage_taken":0.0,"relics_obtained":["Akabeko"]},{"damage_healed":0.0,"max_hp_gain":0.0,"max_hp_loss":0.0,"gold_gain":0.0,"event_name":"Vampires","player_choice":"Became a vampire (Vial)","floor":21.0,"relics_lost":["Blood Vial"],"gold_loss":0.0,"damage_taken":0.0,"cards_obtained":["Bite","Bite","Bite","Bite","Bite"]},{"damage_healed":0.0,"max_hp_gain":0.0,"max_hp_loss":0.0,"gold_gain":0.0,"event_name":"Masked Bandits","player_choice":"Paid Fearfully","floor":22.0,"gold_loss":49.0,"damage_taken":0.0},{"damage_healed":0.0,"max_hp_gain":0.0,"max_hp_loss":0.0,"gold_gain":0.0,"event_name":"Duplicator","player_choice":"Copied","floor":24.0,"gold_loss":0.0,"damage_taken":0.0,"cards_obtained":["Noxious Fumes"]}],"is_beta":false,"boss_relics":[{"not_picked":["Runic Dome","Philosopher\u0027s Stone"],"picked":"SlaversCollar"}],"items_purged_floors":[31],"is_endless":false,"potions_floor_spawned":[3,7,13,16,19,27],"killed_by":"Champ","ascension_level":20}}