{"host":"wshh0nphwn6jv7vj","time":1607767685,"event":{"mods":["BaseMod","Bestiary","Minty Spire (QoL Compilation)"],"gold_per_floor":[110,35,35,35,54,86,39,69,69,80,155,155,169,179,179,252,252,267,278,278,278,292,292,312,65,65,65,97,97,110,126,126,126,126],"floor_reached":33,"playtime":1602,"items_purged":[],"score":529,"play_id":"1d85c540-c769-4210-9c9c-03a8af792113","local_time":"20201212050805","is_ascension_mode":true,"campfire_choices":[{"floor":12,"key":"REST"},{"data":"Poisoned Stab","floor":15,"key":"SMITH"},{"floor":23,"key":"REST"},{"data":"Expertise","floor":27,"key":"SMITH"},{"data":"Neutralize","floor":29,"key":"SMITH"},{"floor":32,"key":"REST"}],"circlet_count":0,"master_deck":["AscendersBane","Strike_G","Defend_G","Defend_G","Defend_G","Defend_G","Survivor","Neutralize+1","Well Laid Plans","Poisoned Stab+1","Bane","Slice","Blade Dance","Cloak And Dagger","Infinite Blades","Storm of Steel","Malaise","Setup+1","Venomology+1","Storm of Steel+1","Blade Dance","Quick Slash","Expertise+1","Riddle With Holes+1","Calculated Gamble","Finisher","A Thousand Cuts"],"relics":["Ring of the Snake","Ornamental Fan","Regal Pillow","StoneCalendar","Astrolabe","MutagenicStrength","CultistMask","Ninja Scroll","Torii","Darkstone Periapt"],"acts_visited":["Exordium","TheCity"],"potions_floor_usage":[1,6,8,8,16,19,19,22,24,28,28,30,30,33,33],"damage_taken":[{"damage":0,"enemies":"2 Louse","floor":1,"turns":2},{"damage":0,"enemies":"Jaw Worm","floor":5,"turns":6},{"damage":30,"enemies":"3 Sentries","floor":6,"turns":10},{"damage":0,"enemies":"Gremlin Nob","floor":8,"turns":3},{"damage":0,"enemies":"Small Slimes","floor":10,"turns":2},{"damage":0,"enemies":"2 Fungi Beasts","floor":13,"turns":3},{"damage":5,"enemies":"Exordium Thugs","floor":14,"turns":4},{"damage":28,"enemies":"Hexaghost","floor":16,"turns":10},{"damage":17,"enemies":"Spheric Guardian","floor":18,"turns":4},{"damage":7,"enemies":"Chosen","floor":19,"turns":4},{"damage":19,"enemies":"Snake Plant","floor":22,"turns":6},{"damage":20,"enemies":"Cultist and Chosen","floor":24,"turns":6},{"damage":1,"enemies":"Slavers","floor":28,"turns":4},{"damage":1,"enemies":"Centurion and Healer","floor":30,"turns":5},{"damage":0,"enemies":"Chosen and Byrds","floor":31,"turns":3},{"damage":88,"enemies":"Automaton","floor":33,"turns":6}],"seed_played":"5477916612106396478","potions_obtained":[{"floor":0,"key":"Fire Potion"},{"floor":0,"key":"CunningPotion"},{"floor":5,"key":"PowerPotion"},{"floor":6,"key":"CunningPotion"},{"floor":14,"key":"Dexterity Potion"},{"floor":18,"key":"AttackPotion"},{"floor":24,"key":"SteroidPotion"},{"floor":28,"key":"Weak Potion"}],"is_trial":false,"path_per_floor":["M","?","?","$","M","E","$","E","T","M","?","R","M","M","R","B",null,"M","M","?","?","M","R","M","$","T","R","E","R","M","M","R","B"],"character_chosen":"THE_SILENT","items_purchased":["Slice","Ninja Scroll"],"campfire_rested":3,"item_purchase_floors":[7,25],"current_hp_per_floor":[59,59,52,52,52,22,22,22,22,22,11,45,45,40,40,12,53,36,29,29,29,10,44,24,24,24,24,23,23,22,22,56,0,0],"gold":126,"neow_bonus":"THREE_SMALL_POTIONS","is_daily":false,"chose_seed":false,"campfire_upgraded":3,"win_rate":0.0,"timestamp":1607767685,"path_taken":["M","?","?","?","M","E","$","E","T","M","?","R","M","M","R","BOSS","M","M","?","?","M","R","?","$","T","R","E","R","M","M","R","BOSS"],"items_purchased_type":["Card","Relic"],"build_version":"2020-11-30","purchased_purges":0,"victory":false,"max_hp_per_floor":[66,66,66,66,66,66,66,66,66,66,66,66,66,66,66,66,66,66,66,66,66,66,66,66,66,66,66,66,66,66,66,66,66,66],"card_choices":[{"not_picked":["Dagger Throw","Bane"],"picked":"Well Laid Plans","floor":1},{"not_picked":["Deflect","Prepared"],"picked":"Poisoned Stab","floor":5},{"not_picked":["Dagger Spray","Outmaneuver"],"picked":"Bane","floor":6},{"not_picked":["Deflect","Dagger Throw"],"picked":"Blade Dance","floor":8},{"not_picked":["Slice","Deflect"],"picked":"Cloak And Dagger","floor":10},{"not_picked":["Expertise","Dodge and Roll"],"picked":"Infinite Blades","floor":13},{"not_picked":["Outmaneuver","Acrobatics"],"picked":"Storm of Steel","floor":14},{"not_picked":["Unload","Grand Finale"],"picked":"Malaise","floor":16},{"not_picked":["Cloak And Dagger","Concentrate"],"picked":"Blade Dance","floor":18},{"not_picked":["Blade Dance","Deadly Poison"],"picked":"Quick Slash","floor":19},{"not_picked":["Dagger Spray","Cloak And Dagger"],"picked":"Expertise","floor":22},{"not_picked":["Terror","PiercingWail"],"picked":"Riddle With Holes+1","floor":24},{"not_picked":["Distraction","Slice"],"picked":"Calculated Gamble","floor":28},{"not_picked":["Flying Knee","Terror+1"],"picked":"Finisher","floor":30},{"not_picked":["Sucker Punch","Backstab"],"picked":"A Thousand Cuts","floor":31}],"player_experience":1389036,"relics_obtained":[{"floor":6,"key":"Ornamental Fan"},{"floor":8,"key":"Regal Pillow"},{"floor":9,"key":"StoneCalendar"},{"floor":26,"key":"Torii"},{"floor":28,"key":"Darkstone Periapt"}],"event_choices":[{"cards_removed":["Strike_G"],"damage_healed":0,"gold_gain":0,"player_choice":"Card Removal","damage_taken":0,"max_hp_gain":0,"max_hp_loss":0,"event_name":"The Cleric","floor":2,"gold_loss":75},{"cards_removed":["Defend_G"],"damage_healed":0,"gold_gain":0,"player_choice":"Card Removal","damage_taken":7,"max_hp_gain":0,"max_hp_loss":0,"event_name":"Golden Wing","floor":3,"gold_loss":0},{"damage_healed":0,"gold_gain":75,"player_choice":"Gather Gold","damage_taken":11,"max_hp_gain":0,"max_hp_loss":0,"event_name":"World of Goop","floor":11,"gold_loss":0},{"damage_healed":0,"gold_gain":0,"player_choice":"Inject Mutagens","damage_taken":0,"relics_obtained":["MutagenicStrength"],"max_hp_gain":0,"max_hp_loss":0,"event_name":"Drug Dealer","floor":20,"gold_loss":0},{"damage_healed":0,"gold_gain":0,"player_choice":"Trade","damage_taken":0,"relics_obtained":["CultistMask"],"max_hp_gain":0,"max_hp_loss":0,"event_name":"FaceTrader","floor":21,"gold_loss":0}],"is_beta":false,"boss_relics":[{"not_picked":["Cursed Key","Philosopher\u0027s Stone"],"picked":"Astrolabe"}],"items_purged_floors":[],"is_endless":false,"potions_floor_spawned":[5,6,14,18,24,28],"killed_by":"Automaton","ascension_level":15}}