{"host":"mg6qqnp83j5r6p2r","time":1607796913,"event":{"mods":["BaseMod","Colored Map","Colored Powertips","Highlight Path","Minty Spire (QoL Compilation)","Rare Cards Sparkle","Relic Sorter","Relic Stats","StSLib"],"gold_per_floor":[17,29,29,44,67,100,100,121,195,230,230,250,273,287,287,415,415,436,129,142,142,142,156,156,200,226,29,29,29,69,89,89,89,89],"floor_reached":33,"playtime":2895,"items_purged":["Injury","Strike_P"],"score":314,"play_id":"703ea236-286f-4d4d-b16e-9c650d9d95e5","local_time":"20201212121513","is_ascension_mode":true,"campfire_choices":[{"data":"Eruption","floor":7,"key":"SMITH"},{"floor":15,"key":"RECALL"},{"data":"WaveOfTheHand","floor":24,"key":"SMITH"},{"floor":28,"key":"REST"},{"data":"Judgement","floor":32,"key":"SMITH"}],"circlet_count":0,"master_deck":["Strike_P","Defend_P","Defend_P","Defend_P","Eruption+1","Vigilance","FearNoEvil","FollowUp","EmptyFist","ThirdEye","ThirdEye","Vault","FlyingSleeves","FollowUp","CutThroughFate","Protect","Wireheading","CutThroughFate","FearNoEvil","FlurryOfBlows","EmptyBody","Establishment","SandsOfTime","WaveOfTheHand+1","Halt","TalkToTheHand","Tantrum","Crescendo","Judgement+1","ForeignInfluence","Conclude","EmptyFist","Evaluate"],"relics":["PureWater","Prayer Wheel","Golden Idol","The Courier","FossilizedHelix","Busted Crown","Turnip","Boot","Juzu Bracelet","Bag of Preparation","Gremlin Horn"],"acts_visited":["TheCity"],"potions_floor_usage":[5,6,16,18,18,30,33],"damage_taken":[{"damage":1,"enemies":"Jaw Worm","floor":1,"turns":4},{"damage":0,"enemies":"Small Slimes","floor":2,"turns":4},{"damage":0,"enemies":"2 Louse","floor":4,"turns":2},{"damage":2,"enemies":"Exordium Thugs","floor":5,"turns":4},{"damage":17,"enemies":"Lagavulin","floor":6,"turns":7},{"damage":0,"enemies":"Lots of Slimes","floor":8,"turns":4},{"damage":12,"enemies":"3 Sentries","floor":10,"turns":9},{"damage":0,"enemies":"Large Slime","floor":12,"turns":3},{"damage":0,"enemies":"2 Fungi Beasts","floor":13,"turns":1},{"damage":0,"enemies":"Blue Slaver","floor":14,"turns":3},{"damage":16,"enemies":"Hexaghost","floor":16,"turns":12},{"damage":4,"enemies":"3 Byrds","floor":18,"turns":5},{"damage":0,"enemies":"Shell Parasite","floor":20,"turns":4},{"damage":14,"enemies":"Snake Plant","floor":23,"turns":6},{"damage":18,"enemies":"Book of Stabbing","floor":25,"turns":5},{"damage":9,"enemies":"Slavers","floor":30,"turns":6},{"damage":1,"enemies":"Centurion and Healer","floor":31,"turns":5},{"damage":57,"enemies":"Champ","floor":33,"turns":8}],"seed_played":"4455802158235825795","potions_obtained":[{"floor":1,"key":"Ambrosia"},{"floor":2,"key":"BlessingOfTheForge"},{"floor":5,"key":"Regen Potion"},{"floor":8,"key":"Weak Potion"},{"floor":10,"key":"Fire Potion"},{"floor":16,"key":"SkillPotion"},{"floor":23,"key":"Energy Potion"}],"is_trial":false,"path_per_floor":["M","M","?","M","M","E","R","M","T","E","?","M","M","M","R","B",null,"M","$","M","?","?","M","R","E","T","$","R","?","E","M","R","B"],"character_chosen":"WATCHER","items_purchased":["Turnip","Bag of Preparation"],"campfire_rested":1,"item_purchase_floors":[19,27],"current_hp_per_floor":[71,71,71,71,69,64,64,64,64,52,57,57,57,57,57,41,77,73,73,73,73,73,59,59,41,41,41,64,64,55,54,54,0,0],"gold":89,"neow_bonus":"ONE_RARE_RELIC","is_daily":false,"chose_seed":false,"campfire_upgraded":3,"win_rate":0.0,"timestamp":1607796913,"path_taken":["M","M","?","M","M","E","R","M","T","E","?","M","M","M","R","BOSS","M","$","M","?","?","?","R","E","T","?","R","?","E","M","R","BOSS"],"items_purchased_type":["Relic","Relic"],"build_version":"2020-11-30","purchased_purges":2,"victory":false,"max_hp_per_floor":[72,72,72,72,72,72,72,72,72,72,77,77,77,77,77,77,77,77,77,77,77,77,77,77,77,77,77,77,77,77,77,77,77,77],"relic_stats":{"Busted Crown":20,"Gremlin Horn":[1,1],"counters":[18,92],"Golden Idol":95,"Prayer Wheel":12,"Turnip":[12],"Juzu Bracelet":0,"Bag of Preparation":[6],"Boot":[17],"obtain_stats":[{"Busted Crown":17,"Gremlin Horn":30,"Golden Idol":3,"Prayer Wheel":0,"The Courier":6,"Turnip":19,"Juzu Bracelet":26,"Bag of Preparation":27,"PureWater":0,"Boot":25,"FossilizedHelix":10},{"Busted Crown":11,"Gremlin Horn":16,"Golden Idol":2,"Prayer Wheel":0,"The Courier":5,"Turnip":12,"Juzu Bracelet":15,"Bag of Preparation":15,"PureWater":0,"Boot":15,"FossilizedHelix":7},{"Busted Crown":53,"Gremlin Horn":79,"Golden Idol":8,"Prayer Wheel":0,"The Courier":21,"Turnip":58,"Juzu Bracelet":73,"Bag of Preparation":73,"PureWater":0,"Boot":73,"FossilizedHelix":34}]},"card_choices":[{"not_picked":["Wireheading","Nirvana"],"picked":"FearNoEvil","floor":1},{"not_picked":["FlyingSleeves","Wallop"],"picked":"FollowUp","floor":1},{"not_picked":["Study","CarveReality"],"picked":"EmptyFist","floor":2},{"not_picked":["FlurryOfBlows","Meditate"],"picked":"ThirdEye","floor":2},{"not_picked":["JustLucky","PathToVictory"],"picked":"ThirdEye","floor":4},{"not_picked":["BowlingBash","PathToVictory"],"picked":"Vault","floor":4},{"not_picked":["JustLucky","Fasting2"],"picked":"FlyingSleeves","floor":5},{"not_picked":["Evaluate","SashWhip"],"picked":"FollowUp","floor":5},{"not_picked":["Sanctity","Conclude"],"picked":"CutThroughFate","floor":6},{"not_picked":["ThirdEye","Worship"],"picked":"Protect","floor":8},{"not_picked":["ForeignInfluence","CrushJoints"],"picked":"Wireheading","floor":8},{"not_picked":["Prostrate","SashWhip"],"picked":"CutThroughFate","floor":10},{"not_picked":["WreathOfFlame","Ragnarok"],"picked":"FearNoEvil","floor":12},{"not_picked":["ClearTheMind","Fasting2","EmptyMind"],"picked":"SKIP","floor":12},{"not_picked":["WheelKick","FlyingSleeves","ForeignInfluence"],"picked":"SKIP","floor":13},{"not_picked":["Halt","Wallop","SignatureMove"],"picked":"SKIP","floor":13},{"not_picked":["Evaluate","Meditate"],"picked":"FlurryOfBlows","floor":14},{"not_picked":["MentalFortress","EmptyMind"],"picked":"EmptyBody","floor":14},{"not_picked":["Blasphemy","Brilliance"],"picked":"Establishment","floor":16},{"not_picked":[],"picked":"SandsOfTime","floor":18},{"not_picked":["ReachHeaven"],"picked":"SKIP","floor":18},{"not_picked":[],"picked":"WaveOfTheHand","floor":20},{"not_picked":[],"picked":"Halt","floor":20},{"not_picked":[],"picked":"Crescendo","floor":23},{"not_picked":["SashWhip"],"picked":"SKIP","floor":23},{"not_picked":[],"picked":"Judgement","floor":25},{"not_picked":[],"picked":"EmptyFist","floor":30},{"not_picked":[],"picked":"Evaluate","floor":31},{"not_picked":["WreathOfFlame"],"picked":"SKIP","floor":31}],"player_experience":153077,"relics_obtained":[{"floor":6,"key":"The Courier"},{"floor":10,"key":"FossilizedHelix"},{"floor":25,"key":"Boot"},{"floor":26,"key":"Juzu Bracelet"},{"floor":30,"key":"Gremlin Horn"}],"event_choices":[{"damage_healed":0,"gold_gain":0,"player_choice":"Take Wound","damage_taken":0,"relics_obtained":["Golden Idol"],"max_hp_gain":0,"max_hp_loss":0,"event_name":"Golden Idol","floor":3,"gold_loss":0,"cards_obtained":["Injury"]},{"damage_healed":0,"gold_gain":0,"player_choice":"Donut","damage_taken":0,"max_hp_gain":5,"max_hp_loss":0,"event_name":"Big Fish","floor":11,"gold_loss":0},{"damage_healed":0,"gold_gain":0,"player_choice":"Read","damage_taken":0,"max_hp_gain":0,"max_hp_loss":0,"event_name":"The Library","floor":21,"gold_loss":0,"cards_obtained":["TalkToTheHand"]},{"damage_healed":0,"gold_gain":0,"cards_transformed":["Strike_P"],"player_choice":"Transformed","damage_taken":0,"max_hp_gain":0,"max_hp_loss":0,"event_name":"Transmorgrifier","floor":22,"gold_loss":0,"cards_obtained":["Tantrum"]},{"damage_healed":0,"gold_gain":0,"cards_transformed":["Defend_P","Strike_P"],"player_choice":"Became Test Subject","damage_taken":0,"max_hp_gain":0,"max_hp_loss":0,"event_name":"Drug Dealer","floor":29,"gold_loss":0,"cards_obtained":["ForeignInfluence","Conclude"]}],"is_beta":false,"boss_relics":[{"not_picked":["Philosopher\u0027s Stone","Astrolabe"],"picked":"Busted Crown"}],"items_purged_floors":[19,27],"is_endless":false,"potions_floor_spawned":[1,2,5,8,10,13,16,23],"killed_by":"Champ","ascension_level":1}}