{"host":"qwv9nni2x0umspiu","time":1607802136,"event":{"mods":["BaseMod","Downfall","Minty Spire (QoL Compilation)","Replay The Spire","StSLib","The Hierophant","Wandering Minibosses"],"gold_per_floor":[116,96,111,186,20,20,43,43,43,74,98,135,71,92,92,119,119,141,141,141,141,164,164,168,168],"floor_reached":24,"playtime":833,"items_purged":[],"score":388,"play_id":"0e5c8a9b-3497-4746-af32-e3b97691bf1a","local_time":"20201212114216","is_ascension_mode":true,"campfire_choices":[{"data":"hierophant:ChurchCoffers","floor":6,"key":"SMITH"},{"data":"hierophant:Punish","floor":8,"key":"SMITH"},{"floor":15,"key":"REST"},{"floor":23,"key":"REST"}],"circlet_count":0,"master_deck":["AscendersBane","hierophant:Strike_Hierophant","hierophant:Strike_Hierophant","hierophant:Punish+1","hierophant:Defend_Hierophant","hierophant:Defend_Hierophant","hierophant:Defend_Hierophant+1","hierophant:Defend_Hierophant","hierophant:ChurchCoffers+1","hierophant:Smite","hierophant:HammerAndAnvil","hierophant:Shelter","hierophant:Encroach+1","hierophant:Smite","Writhe","hierophant:SealAway+1"],"relics":["hierophant:PropheticMaskRelic","NeowsBlessing","Replay:Bandana","Strange Spoon","Toxic Egg 2","Calipers","Odd Mushroom","Empty Cage","Gremlin Food"],"acts_visited":["Exordium","TheCity"],"potions_floor_usage":[10,12,16,16],"damage_taken":[{"damage":0,"enemies":"Small Slimes","floor":1,"turns":1},{"damage":0,"enemies":"Cultist","floor":3,"turns":1},{"damage":0,"enemies":"2 Louse","floor":7,"turns":1},{"damage":6,"enemies":"Replay:BlueRogue","floor":10,"turns":4},{"damage":6,"enemies":"Exordium Thugs","floor":11,"turns":3},{"damage":9,"enemies":"The Mushroom Lair","floor":12,"turns":3},{"damage":0,"enemies":"3 Louse","floor":14,"turns":1},{"damage":19,"enemies":"The Guardian","floor":16,"turns":10},{"damage":28,"enemies":"Chosen","floor":18,"turns":6},{"damage":24,"enemies":"Spheric Guardian","floor":22,"turns":4},{"damage":6,"enemies":"Book of Stabbing","floor":24,"turns":2}],"seed_played":"-3469522051009070736","potions_obtained":[{"floor":1,"key":"SkillPotion"},{"floor":2,"key":"Reflective Coating"},{"floor":11,"key":"ColorlessPotion"},{"floor":12,"key":"EssenceOfSteel"}],"is_trial":false,"path_per_floor":["M","?","M","?","$","R","M","R","T","E","M","?","?","M","R","B",null,"M","?","?","?","M","R","E"],"character_chosen":"HIEROPHANT","items_purchased":["Strange Spoon"],"campfire_rested":2,"item_purchase_floors":[5],"current_hp_per_floor":[68,68,68,44,44,44,44,44,44,38,32,23,23,23,45,26,63,35,35,35,35,11,33,27,27],"gold":168,"neow_bonus":"THREE_ENEMY_KILL","is_daily":false,"chose_seed":false,"campfire_upgraded":2,"win_rate":0.0,"timestamp":1607802136,"path_taken":["M","?","?","?","?","R","M","R","T","E","M","?","?","M","R","BOSS","M","?","?","?","M","R","E"],"items_purchased_type":["Relic"],"build_version":"2020-11-30","purchased_purges":0,"victory":false,"max_hp_per_floor":[75,75,75,75,75,75,75,75,75,75,75,75,75,75,75,75,75,75,75,75,75,75,75,75,75],"card_choices":[{"not_picked":["hierophant:RustyCrate","hierophant:Remorse"],"picked":"hierophant:Smite","floor":1},{"not_picked":["hierophant:MorningPrayer","hierophant:Purify","hierophant:RecallFunds"],"picked":"SKIP","floor":3},{"not_picked":["hierophant:FaithHealing","hierophant:Racketeering"],"picked":"hierophant:HammerAndAnvil","floor":4},{"not_picked":["hierophant:RustyCrate","hierophant:Embezzle"],"picked":"hierophant:Shelter","floor":7},{"not_picked":["hierophant:PassingBell","hierophant:MintersHammer","hierophant:ThreeLashes"],"picked":"SKIP","floor":10},{"not_picked":["hierophant:HolyVerse+1","hierophant:Remorse","hierophant:CursedGold"],"picked":"SKIP","floor":11},{"not_picked":["hierophant:Rebuild+1","hierophant:Purify"],"picked":"hierophant:Encroach+1","floor":12},{"not_picked":["hierophant:Refuge","hierophant:FaithHealing+1"],"picked":"hierophant:Smite","floor":14},{"not_picked":["hierophant:Shelter+1","hierophant:RustyCrate+1","hierophant:Rebuild+1"],"picked":"SKIP","floor":18},{"not_picked":["hierophant:Rebuild+1","hierophant:Charity"],"picked":"hierophant:SealAway+1","floor":22}],"player_experience":1269249,"relics_obtained":[{"floor":4,"key":"Replay:Bandana"},{"floor":9,"key":"Toxic Egg 2"},{"floor":10,"key":"Calipers"},{"floor":12,"key":"Odd Mushroom"}],"event_choices":[{"damage_healed":0,"gold_gain":0,"player_choice":"Bought 1 Potion","damage_taken":0,"max_hp_gain":0,"max_hp_loss":0,"event_name":"The Woman in Blue","floor":2,"gold_loss":0},{"damage_healed":0,"gold_gain":0,"player_choice":"Fought Mushrooms","damage_taken":0,"max_hp_gain":0,"max_hp_loss":0,"event_name":"Mushrooms","floor":12,"gold_loss":0},{"damage_healed":0,"gold_gain":0,"player_choice":"Left Gold","damage_taken":0,"max_hp_gain":0,"max_hp_loss":0,"event_name":"World of Goop","floor":13,"gold_loss":64},{"damage_healed":0,"gold_gain":0,"player_choice":"Ignored","damage_taken":0,"max_hp_gain":0,"max_hp_loss":0,"event_name":"Vampires","floor":19,"gold_loss":0},{"damage_healed":0,"gold_gain":0,"player_choice":"Opened","damage_taken":0,"relics_obtained":["Gremlin Food"],"max_hp_gain":0,"max_hp_loss":0,"event_name":"The Mausoleum","floor":21,"gold_loss":0,"cards_obtained":["Writhe"]}],"is_beta":false,"boss_relics":[{"not_picked":["Painkiller Herb","Snecko Eye"],"picked":"Empty Cage"}],"items_purged_floors":[],"is_endless":false,"potions_floor_spawned":[1,11,12],"killed_by":"Book of Stabbing","ascension_level":20}}