{"host":"rjmu5g8hpiele53d","time":1607809664,"event":{"mods":["2.2 Compatiblity","BaseMod","Downfall","GifTheSpireLib","Minty Spire (QoL Compilation)","StSLib"],"gold_per_floor":[99,274,293,303,303,322,322,333,333,333,350,54,69,7,19,19,19],"floor_reached":16,"playtime":848,"items_purged":[],"score":119,"play_id":"2a6534cf-16d6-428f-ae63-62f446700306","local_time":"20201212214744","is_ascension_mode":false,"campfire_choices":[{"data":"sneckomod:SnekBite","floor":1,"key":"SMITH"},{"floor":9,"key":"REST"}],"circlet_count":0,"master_deck":["sneckomod:Strike","sneckomod:Strike","sneckomod:Strike","sneckomod:Defend","sneckomod:Defend","sneckomod:Defend","sneckomod:TailWhip","sneckomod:SnekBite+1","sneckomod:Unknown","sneckomod:Unknown","sneckomod:QuickBite","sneckomod:WideSting","sneckomod:UnknownUncommonPower","sneckomod:UnknownUncommonAttack","sneckomod:RainOfDice","sneckomod:CheapStock","sneckomod:SoulRoll","sneckomod:UnknownClassSLIMEBOUND","sneckomod:QuickMove","sneckomod:Unknown1Cost"],"relics":["sneckomod:SneckoSoul","Regal Pillow","Strawberry"],"acts_visited":["Exordium"],"potions_floor_usage":[16,16],"damage_taken":[{"damage":6,"enemies":"2 Louse","floor":3,"turns":4},{"damage":25,"enemies":"Jaw Worm","floor":4,"turns":4},{"damage":4,"enemies":"Cultist","floor":6,"turns":3},{"damage":16,"enemies":"2 Fungi Beasts","floor":8,"turns":3},{"damage":26,"enemies":"Gremlin Gang","floor":11,"turns":5},{"damage":5,"enemies":"downfall:FleeingMerchant","floor":12,"turns":4},{"damage":0,"enemies":"3 Louse","floor":13,"turns":4},{"damage":10,"enemies":"downfall:FleeingMerchant","floor":14,"turns":4},{"damage":16,"enemies":"Exordium Wildlife","floor":15,"turns":5},{"damage":68,"enemies":"downfall:CharBossSilent","floor":16,"turns":7}],"seed_played":"7213754541268067031","potions_obtained":[{"floor":3,"key":"Regen Potion"},{"floor":6,"key":"PowerPotion"},{"floor":8,"key":"Weak Potion"},{"floor":15,"key":"sneckomod:OffclassReductionPotion"}],"is_trial":false,"path_per_floor":["R","?","M","M","?","M","T","M","R","?","M","$","M","$","M","B"],"character_chosen":"THE_SNECKO","items_purchased":["sneckomod:CheapStock","sneckomod:SoulRoll","Strawberry","sneckomod:QuickMove"],"campfire_rested":1,"item_purchase_floors":[12,12,12,14],"current_hp_per_floor":[99,99,93,68,68,65,65,50,95,101,75,77,78,68,53,0,0],"gold":19,"neow_bonus":"TEN_PERCENT_HP_BONUS","is_daily":false,"chose_seed":false,"campfire_upgraded":1,"win_rate":0.0,"timestamp":1607809664,"path_taken":["R","?","M","M","?","?","T","M","R","?","M","$","?","$","M","BOSS"],"items_purchased_type":["Card","Card","Relic","Card"],"build_version":"2020-11-30","purchased_purges":0,"victory":false,"max_hp_per_floor":[99,99,99,99,99,100,100,101,101,101,101,108,109,109,110,110,110],"card_choices":[{"not_picked":["sneckomod:Nope","sneckomod:UnknownStrike"],"picked":"sneckomod:QuickBite","floor":3},{"not_picked":["sneckomod:DiceCrush","sneckomod:Nope"],"picked":"sneckomod:WideSting","floor":4},{"not_picked":["sneckomod:UnknownBlock","sneckomod:UnknownClassSLIMEBOUND"],"picked":"sneckomod:UnknownUncommonPower","floor":6},{"not_picked":["sneckomod:SerpentIdol","sneckomod:ImprovisedAttack"],"picked":"sneckomod:UnknownUncommonAttack","floor":8},{"not_picked":["sneckomod:Unknown1Cost","sneckomod:IronFang"],"picked":"sneckomod:RainOfDice","floor":11},{"not_picked":["sneckomod:SoulRoll","sneckomod:UnknownCommonSkill"],"picked":"sneckomod:UnknownClassSLIMEBOUND","floor":13},{"not_picked":["sneckomod:UnknownExhaust","sneckomod:DiceCrush"],"picked":"sneckomod:Unknown1Cost","floor":15}],"player_experience":1523922,"relics_obtained":[{"floor":7,"key":"Regal Pillow"}],"event_choices":[{"cards_removed":["Doubt"],"damage_healed":0,"gold_gain":0,"player_choice":"Purged","damage_taken":0,"max_hp_gain":0,"max_hp_loss":0,"event_name":"Purifier","floor":5,"gold_loss":0},{"damage_healed":6,"gold_gain":0,"player_choice":"Full Heal","damage_taken":0,"max_hp_gain":0,"max_hp_loss":0,"event_name":"Wheel of Change","floor":10,"gold_loss":0}],"is_beta":false,"boss_relics":[],"items_purged_floors":[],"is_endless":false,"potions_floor_spawned":[3,6,8,13,15],"killed_by":"downfall:CharBossSilent","ascension_level":0}}