{"host":"hjw1ay65n7jm40lc","time":1607782639,"event":{"mods":["AchievementEnabler","BaseMod","Colored Map","Colored Powertips","Googly Eyes","Highlight Path","Minty Spire (QoL Compilation)","Quick Restart","Relic Stats"],"gold_per_floor":[114,127,127,145,145,145,159,159,159,191,203,236,236,251,251,349,349,360,375,394,319,333,333,333,333,401,430,26,38,67,67,67,164,164,181,198,213,193,207,207,234,268,336,355,355,388,388,408,408,408,408,408,100,128,128],"floor_reached":56,"playtime":3546,"items_purged":["Anger","Strike_R"],"score":1874,"play_id":"7c6e3811-3f56-47cc-b88f-9110d46757a9","local_time":"20201212091719","is_ascension_mode":true,"campfire_choices":[{"data":"Hemokinesis","floor":6.0,"key":"SMITH"},{"data":"Whirlwind","floor":15.0,"key":"SMITH"},{"data":"Bludgeon","floor":23.0,"key":"SMITH"},{"data":"Bash","floor":25.0,"key":"SMITH"},{"data":"Inflame","floor":32.0,"key":"SMITH"},{"floor":40.0,"key":"RECALL"},{"data":"Limit Break","floor":47,"key":"SMITH"},{"data":"Demon Form","floor":49,"key":"SMITH"},{"data":"Heavy Blade","floor":52,"key":"SMITH"}],"circlet_count":0,"master_deck":["AscendersBane","Strike_R","Strike_R","Strike_R","Defend_R","Defend_R","Defend_R","Defend_R","Bash+1","Rampage","Iron Wave","Disarm+1","Hemokinesis+1","Ghostly Armor+1","Whirlwind+1","Bludgeon+1","Armaments+1","Inflame+1","Heavy Blade+1","Reaper","Rupture+1","Limit Break+1","Demon Form+1","Demon Form+1","Uppercut"],"relics":["Burning Blood","Nunchaku","Meat on the Bone","Singing Bowl","Pen Nib","War Paint","CultistMask","Snecko Eye","MutagenicStrength","Eternal Feather","Bronze Scales","Vajra","Anchor","Tiny Chest","Velvet Choker","Happy Flower","Letter Opener","Du-Vu Doll","DollysMirror","Calipers"],"acts_visited":["Exordium","TheCity","TheBeyond","TheEnding"],"potions_floor_usage":[46,50,55],"damage_taken":[{"damage":13.0,"enemies":"Small Slimes","floor":1.0,"turns":5.0},{"damage":6.0,"enemies":"Cultist","floor":2.0,"turns":3.0},{"damage":3.0,"enemies":"2 Louse","floor":4.0,"turns":2.0},{"damage":17.0,"enemies":"Exordium Thugs","floor":7.0,"turns":4.0},{"damage":30.0,"enemies":"Lagavulin","floor":10.0,"turns":7.0},{"damage":22.0,"enemies":"Large Slime","floor":11.0,"turns":7.0},{"damage":13.0,"enemies":"Gremlin Nob","floor":12.0,"turns":4.0},{"damage":5.0,"enemies":"Looter","floor":14.0,"turns":3.0},{"damage":24.0,"enemies":"Hexaghost","floor":16.0,"turns":10.0},{"damage":14.0,"enemies":"Shell Parasite","floor":18.0,"turns":4.0},{"damage":3.0,"enemies":"Chosen","floor":19.0,"turns":4.0},{"damage":7.0,"enemies":"Centurion and Healer","floor":20.0,"turns":4.0},{"damage":21.0,"enemies":"Sentry and Sphere","floor":22.0,"turns":4.0},{"damage":0.0,"enemies":"Gremlin Leader","floor":27.0,"turns":3.0},{"damage":2.0,"enemies":"Shelled Parasite and Fungi","floor":29.0,"turns":3.0},{"damage":14.0,"enemies":"Book of Stabbing","floor":30.0,"turns":3.0},{"damage":57.0,"enemies":"Champ","floor":33.0,"turns":7.0},{"damage":0.0,"enemies":"3 Shapes","floor":35.0,"turns":1.0},{"damage":7.0,"enemies":"3 Darklings","floor":36.0,"turns":2.0},{"damage":10.0,"enemies":"Jaw Worm Horde","floor":37.0,"turns":3.0},{"damage":4.0,"enemies":"Transient","floor":39.0,"turns":5.0},{"damage":28.0,"enemies":"Reptomancer","floor":42.0,"turns":3.0},{"damage":63.0,"enemies":"Writhing Mass","floor":44.0,"turns":4.0},{"damage":42,"enemies":"Giant Head","floor":46,"turns":6},{"damage":31,"enemies":"Sphere and 2 Shapes","floor":48,"turns":7},{"damage":110,"enemies":"Awakened One","floor":50,"turns":8},{"damage":42,"enemies":"Shield and Spear","floor":54,"turns":3},{"damage":126,"enemies":"The Heart","floor":55,"turns":6}],"seed_played":"-396168976266676496","potions_obtained":[{"floor":1.0,"key":"ColorlessPotion"},{"floor":7.0,"key":"Energy Potion"},{"floor":14.0,"key":"ColorlessPotion"},{"floor":19.0,"key":"AttackPotion"},{"floor":20.0,"key":"ColorlessPotion"},{"floor":27.0,"key":"BlessingOfTheForge"},{"floor":37.0,"key":"AttackPotion"},{"floor":38.0,"key":"LiquidMemories"},{"floor":42.0,"key":"FairyPotion"},{"floor":46,"key":"Weak Potion"}],"is_trial":false,"path_per_floor":["M","M","?","M","?","R","M","?","T","E","M","E","?","M","R","B",null,"M","M","M","$","M","R","?","R","T","E","$","M","E","?","R","B",null,"M","M","M","?","M","R","T","E","T","M","?","E","R","M","R","B",null,"R","$","E","B",null],"character_chosen":"IRONCLAD","items_purchased":["Vajra","Anchor","DollysMirror","Uppercut","DistilledChaos"],"campfire_rested":0,"item_purchase_floors":[28,28,53,53,53],"current_hp_per_floor":[65,65,65,68,50,50,51,80,80,56,52,59,59,60,60,54,75,67,72,73,73,60,60,60,60,60,68,68,74,66,66,75,36,78,86,95,93,93,98,98,98,86,86,56,56,70,82,79,91,35,87,99,99,70,48],"gold":128,"neow_bonus":"RANDOM_COMMON_RELIC","is_daily":false,"chose_seed":false,"campfire_upgraded":8,"win_rate":0.0,"timestamp":1607782639,"path_taken":["M","M","?","M","?","R","M","?","T","E","?","E","?","M","R","BOSS","M","M","M","$","M","R","?","R","T","E","$","M","E","?","R","BOSS","M","M","M","?","?","R","?","E","T","M","?","E","R","M","R","BOSS","R","$","E","BOSS"],"items_purchased_type":["Relic","Relic","Relic","Card","Potion"],"build_version":"2020-11-30","purchased_purges":2,"victory":true,"max_hp_per_floor":[80,80,80,80,80,80,80,80,80,80,80,82,82,82,82,82,82,82,84,86,86,88,88,88,88,88,90,90,92,92,92,92,92,92,94,96,98,98,98,98,98,98,98,100,100,102,102,104,104,104,104,104,104,106,106],"relic_stats":{"Singing Bowl":26,"Happy Flower":[11],"counters":[28,125],"Eternal Feather":45,"Pen Nib":[21],"Letter Opener":[12],"War Paint":["Disarm","Ghostly Armor"],"Burning Blood":164,"Nunchaku":[24],"Bronze Scales":[192],"Snecko Eye":[122,127,121,131],"Tiny Chest":1,"obtain_stats":[{"Calipers":54,"Singing Bowl":9,"Happy Flower":42,"Vajra":28,"Velvet Choker":34,"Eternal Feather":26,"Pen Nib":10,"Letter Opener":43,"War Paint":12,"Burning Blood":0,"Du-Vu Doll":46,"Nunchaku":0,"Anchor":28,"DollysMirror":53,"MutagenicStrength":24,"Bronze Scales":27,"Snecko Eye":17,"Tiny Chest":30,"CultistMask":13,"Meat on the Bone":5},{"Calipers":27,"Singing Bowl":4,"Happy Flower":22,"Vajra":14,"Velvet Choker":17,"Eternal Feather":13,"Pen Nib":5,"Letter Opener":22,"War Paint":7,"Burning Blood":0,"Du-Vu Doll":24,"Nunchaku":0,"Anchor":14,"DollysMirror":26,"MutagenicStrength":13,"Bronze Scales":14,"Snecko Eye":9,"Tiny Chest":16,"CultistMask":7,"Meat on the Bone":3},{"Calipers":119,"Singing Bowl":14,"Happy Flower":91,"Vajra":64,"Velvet Choker":77,"Eternal Feather":61,"Pen Nib":21,"Letter Opener":91,"War Paint":32,"Burning Blood":0,"Du-Vu Doll":101,"Nunchaku":0,"Anchor":64,"DollysMirror":116,"MutagenicStrength":61,"Bronze Scales":64,"Snecko Eye":45,"Tiny Chest":70,"CultistMask":32,"Meat on the Bone":10}],"Meat on the Bone":108},"card_choices":[{"not_picked":["True Grit","Flex"],"picked":"Rampage","floor":1.0},{"not_picked":["Burning Pact","Pommel Strike"],"picked":"Iron Wave","floor":2.0},{"not_picked":["Clash","Warcry"],"picked":"Hemokinesis","floor":4.0},{"not_picked":["Iron Wave","Combust"],"picked":"Power Through","floor":7.0},{"not_picked":["Battle Trance","Limit Break"],"picked":"Anger","floor":10.0},{"not_picked":["Headbutt","Thunderclap"],"picked":"Ghostly Armor","floor":11.0},{"not_picked":["Headbutt","Havoc","Body Slam"],"picked":"Singing Bowl","floor":12.0},{"not_picked":["Sentinel","Iron Wave"],"picked":"Whirlwind","floor":14.0},{"not_picked":["Brutality","Corruption"],"picked":"Bludgeon","floor":16.0},{"not_picked":["Dropkick","Sentinel"],"picked":"Armaments+1","floor":18.0},{"not_picked":["Metallicize","Clothesline","Rupture"],"picked":"Singing Bowl","floor":19.0},{"not_picked":["Pommel Strike+1","Clash","Metallicize"],"picked":"Singing Bowl","floor":20.0},{"not_picked":["Heavy Blade","Perfected Strike","Clash"],"picked":"Singing Bowl","floor":22.0},{"not_picked":["Barricade","Spot Weakness","True Grit"],"picked":"Singing Bowl","floor":27.0},{"not_picked":["Havoc","Thunderclap","Feel No Pain"],"picked":"Singing Bowl","floor":29.0},{"not_picked":["Sentinel","Entrench"],"picked":"Inflame","floor":30.0},{"not_picked":["Impervious","Barricade"],"picked":"Reaper","floor":33.0},{"not_picked":["Thunderclap+1","Disarm","Cleave+1"],"picked":"Singing Bowl","floor":35.0},{"not_picked":["Perfected Strike","True Grit","Thunderclap"],"picked":"Singing Bowl","floor":36.0},{"not_picked":["Dropkick+1","Sword Boomerang","Blood for Blood"],"picked":"Singing Bowl","floor":37.0},{"not_picked":["Inflame","Iron Wave"],"picked":"Rupture+1","floor":39.0},{"not_picked":["Iron Wave","Dark Embrace"],"picked":"Limit Break","floor":42.0},{"not_picked":["Clothesline","Evolve","Flex"],"picked":"Singing Bowl","floor":44.0},{"not_picked":["Blood for Blood","Intimidate","Wild Strike"],"picked":"Singing Bowl","floor":46},{"not_picked":["Combust","Armaments","Evolve"],"picked":"Singing Bowl","floor":48},{"not_picked":["True Grit","Shrug It Off","Power Through"],"picked":"Singing Bowl","floor":54}],"player_experience":154859,"relics_obtained":[{"floor":9.0,"key":"Singing Bowl"},{"floor":10.0,"key":"Pen Nib"},{"floor":12.0,"key":"War Paint"},{"floor":26.0,"key":"Eternal Feather"},{"floor":27.0,"key":"Bronze Scales"},{"floor":30.0,"key":"Tiny Chest"},{"floor":42.0,"key":"Happy Flower"},{"floor":43.0,"key":"Letter Opener"},{"floor":46,"key":"Du-Vu Doll"},{"floor":54,"key":"Calipers"}],"event_choices":[{"damage_healed":0.0,"max_hp_gain":0.0,"max_hp_loss":0.0,"gold_gain":0.0,"cards_transformed":["Strike_R"],"event_name":"Living Wall","player_choice":"Change","floor":3.0,"gold_loss":0.0,"damage_taken":0.0,"cards_obtained":["Disarm"]},{"damage_healed":0.0,"max_hp_gain":0.0,"max_hp_loss":0.0,"gold_gain":0.0,"event_name":"Scrap Ooze","player_choice":"Success","floor":5.0,"gold_loss":0.0,"damage_taken":18.0,"relics_obtained":["Meat on the Bone"]},{"cards_removed":["Power Through"],"damage_healed":29.0,"max_hp_gain":0.0,"max_hp_loss":0.0,"gold_gain":0.0,"event_name":"Bonfire Elementals","player_choice":"Offered Uncommon","floor":8.0,"gold_loss":0.0,"damage_taken":0.0},{"damage_healed":0.0,"max_hp_gain":0.0,"max_hp_loss":0.0,"gold_gain":0.0,"event_name":"FaceTrader","player_choice":"Trade","floor":13.0,"gold_loss":0.0,"damage_taken":0.0,"relics_obtained":["CultistMask"]},{"damage_healed":0.0,"max_hp_gain":0.0,"max_hp_loss":0.0,"gold_gain":0.0,"event_name":"Drug Dealer","player_choice":"Inject Mutagens","floor":24.0,"gold_loss":0.0,"damage_taken":0.0,"relics_obtained":["MutagenicStrength"]},{"damage_healed":0.0,"max_hp_gain":0.0,"max_hp_loss":0.0,"gold_gain":0.0,"event_name":"The Library","player_choice":"Read","floor":31.0,"gold_loss":0.0,"damage_taken":0.0,"cards_obtained":["Heavy Blade"]},{"damage_healed":0.0,"max_hp_gain":0.0,"max_hp_loss":0.0,"gold_gain":0.0,"event_name":"The Woman in Blue","player_choice":"Bought 1 Potion","floor":38.0,"gold_loss":0.0,"damage_taken":0.0},{"damage_healed":0,"gold_gain":0,"player_choice":"1 cards matched","damage_taken":0,"max_hp_gain":0,"max_hp_loss":0,"event_name":"Match and Keep!","floor":45,"gold_loss":0,"cards_obtained":["Demon Form"]}],"is_beta":false,"boss_relics":[{"not_picked":["Tiny House","Fusion Hammer"],"picked":"Snecko Eye"},{"not_picked":["Pandora\u0027s Box","Calling Bell"],"picked":"Velvet Choker"}],"items_purged_floors":[21,28],"is_endless":false,"potions_floor_spawned":[1,7,14,19,20,27,37,39,42,44,46],"ascension_level":12}}