{"host":"1tl36azeqm6yhdgj","time":1607812882,"event":{"mods":["AchievementEnabler","BaseMod","Minty Spire (QoL Compilation)","StSLib","The IronCluck","everything is the same but u backflip on backflip"],"gold_per_floor":[118,137,137,156,168,168,198,213,240,240,252,284,284,0,0,99,99,112,130,149,162,162,3,15,41,41,316,316,316],"floor_reached":28,"playtime":928,"items_purged":["Strike_R","Strike_R"],"score":391,"play_id":"35dc35f3-3eac-462a-9b66-c5e75c31ae40","local_time":"20201212174122","is_ascension_mode":true,"campfire_choices":[{"data":"Flex","floor":6.0,"key":"SMITH"},{"data":"Spot Weakness","floor":10.0,"key":"SMITH"},{"floor":15.0,"key":"REST"}],"circlet_count":0,"master_deck":["AscendersBane","Strike_R","Defend_R","Defend_R","Defend_R","Defend_R","Bash","Twin Strike","Flex+1","Metallicize","Headbutt","Spot Weakness+1","Thunderclap","Anger","Ghostly Armor","Immolate","Cleave","Dropkick+1","Disarm","Barricade","Fire Breathing","Burning Pact","Juggernaut","Double Tap","Regret"],"relics":["Black Blood","Bag of Marbles","Smiling Mask","Dream Catcher","MealTicket","Singing Bowl","StoneCalendar"],"acts_visited":["Exordium","TheCity"],"potions_floor_usage":[],"damage_taken":[{"damage":18.0,"enemies":"Jaw Worm","floor":1.0,"turns":4.0},{"damage":0.0,"enemies":"2 Louse","floor":2.0,"turns":2.0},{"damage":7.0,"enemies":"Small Slimes","floor":4.0,"turns":4.0},{"damage":7.0,"enemies":"Gremlin Gang","floor":5.0,"turns":5.0},{"damage":26.0,"enemies":"Gremlin Nob","floor":7.0,"turns":4.0},{"damage":0.0,"enemies":"3 Louse","floor":8.0,"turns":3.0},{"damage":11.0,"enemies":"Lots of Slimes","floor":11.0,"turns":4.0},{"damage":17.0,"enemies":"Lagavulin","floor":12.0,"turns":5.0},{"damage":17.0,"enemies":"Hexaghost","floor":16.0,"turns":9.0},{"damage":14.0,"enemies":"Shell Parasite","floor":18.0,"turns":2.0},{"damage":12.0,"enemies":"Chosen","floor":19.0,"turns":3.0},{"damage":11.0,"enemies":"Snecko","floor":20.0,"turns":4.0},{"damage":0.0,"enemies":"Cultist and Chosen","floor":21.0,"turns":3.0},{"damage":32.0,"enemies":"Snake Plant","floor":24.0,"turns":5.0},{"damage":34.0,"enemies":"Gremlin Leader","floor":25.0,"turns":7.0},{"damage":60,"enemies":"Chosen and Byrds","floor":28,"turns":4}],"seed_played":"-8242155133955208390","potions_obtained":[{"floor":0.0,"key":"Ancient Potion"},{"floor":0.0,"key":"SmokeBomb"},{"floor":1.0,"key":"Strength Potion"},{"floor":7.0,"key":"Regen Potion"},{"floor":8.0,"key":"SpeedPotion"},{"floor":16.0,"key":"LiquidMemories"},{"floor":20.0,"key":"Block Potion"}],"is_trial":false,"path_per_floor":["M","M","?","M","M","R","E","M","T","R","M","E","?","$","R","B",null,"M","M","M","M","?","$","M","E","T","?","M"],"character_chosen":"IRONCLAD","items_purchased":["MealTicket","Regen Potion","Fire Breathing","Burning Pact"],"campfire_rested":1,"item_purchase_floors":[14,14,23,23],"current_hp_per_floor":[60,66,48,47,46,46,26,41,41,41,36,25,18,18,42,31,68,66,66,67,79,79,80,60,53,53,53,0,0],"gold":316,"neow_bonus":"THREE_SMALL_POTIONS","is_daily":false,"chose_seed":false,"campfire_upgraded":2,"win_rate":0.0,"timestamp":1607812882,"path_taken":["M","M","?","M","M","R","E","M","T","R","M","E","?","$","R","BOSS","M","M","M","M","?","$","?","E","T","?","M"],"items_purchased_type":["Relic","Potion","Card","Card"],"build_version":"2020-11-30","purchased_purges":2,"victory":false,"max_hp_per_floor":[80,80,80,80,80,80,80,80,80,80,80,80,80,80,80,80,80,80,80,80,80,80,80,80,80,80,80,80,80],"card_choices":[{"not_picked":["Warcry","Shrug It Off"],"picked":"Twin Strike","floor":1.0},{"not_picked":["Warcry","Reckless Charge"],"picked":"Flex","floor":2.0},{"not_picked":["Whirlwind","Power Through"],"picked":"Metallicize","floor":4.0},{"not_picked":["Wild Strike","Evolve"],"picked":"Headbutt","floor":5.0},{"not_picked":["Uppercut","Inflame"],"picked":"Spot Weakness","floor":7.0},{"not_picked":["Clothesline","Shrug It Off"],"picked":"Thunderclap","floor":8.0},{"not_picked":["Blood for Blood","Clothesline"],"picked":"Anger","floor":11.0},{"not_picked":["Heavy Blade","Twin Strike"],"picked":"Ghostly Armor","floor":12.0},{"not_picked":["Corruption","Reaper"],"picked":"Immolate","floor":16.0},{"not_picked":["Shrug It Off","True Grit"],"picked":"Cleave","floor":18.0},{"not_picked":["Sword Boomerang","Clothesline","Dual Wield+1"],"picked":"SKIP","floor":19.0},{"not_picked":["True Grit","Havoc"],"picked":"Dropkick+1","floor":20.0},{"not_picked":["Armaments","Headbutt+1"],"picked":"Disarm","floor":21.0},{"not_picked":["Havoc","Shrug It Off+1"],"picked":"Juggernaut","floor":24.0},{"not_picked":["Thunderclap","Clothesline"],"picked":"Double Tap","floor":25.0}],"player_experience":1914687,"relics_obtained":[{"floor":7.0,"key":"Smiling Mask"},{"floor":12.0,"key":"Dream Catcher"},{"floor":25.0,"key":"Singing Bowl"},{"floor":26.0,"key":"StoneCalendar"}],"event_choices":[{"damage_healed":0.0,"max_hp_gain":0.0,"max_hp_loss":0.0,"gold_gain":0.0,"event_name":"Scrap Ooze","player_choice":"Success","floor":3.0,"gold_loss":0.0,"damage_taken":18.0,"relics_obtained":["Bag of Marbles"]},{"cards_removed":["Strike_R"],"damage_healed":0.0,"max_hp_gain":0.0,"max_hp_loss":0.0,"gold_gain":0.0,"event_name":"Golden Wing","player_choice":"Card Removal","floor":13.0,"gold_loss":0.0,"damage_taken":7.0},{"damage_healed":0.0,"max_hp_gain":0.0,"max_hp_loss":0.0,"gold_gain":0.0,"cards_transformed":["Strike_R"],"event_name":"Transmorgrifier","player_choice":"Transformed","floor":22.0,"gold_loss":0.0,"damage_taken":0.0,"cards_obtained":["Barricade"]},{"damage_healed":0,"gold_gain":275,"player_choice":"Desecrate","damage_taken":0,"max_hp_gain":0,"max_hp_loss":0,"event_name":"Golden Shrine","floor":27,"gold_loss":0,"cards_obtained":["Regret"]}],"is_beta":false,"boss_relics":[{"not_picked":["Runic Cube","Busted Crown"],"picked":"Black Blood"}],"items_purged_floors":[14,23],"is_endless":false,"potions_floor_spawned":[1,7,8,16,20],"killed_by":"Chosen and Byrds","ascension_level":11}}