{"host":"6jcxerjfmuawfds2","time":1607765525,"event":{"mods":["BaseMod","Minty Spire (QoL Compilation)","StSLib"],"gold_per_floor":[109,128,53,3,3,38,48,48,48],"floor_reached":8,"playtime":200,"items_purged":["Strike_P"],"score":85,"play_id":"34c9b2d1-29c4-4f9a-9957-51e9b75c7f80","local_time":"20201212183205","is_ascension_mode":true,"campfire_choices":[],"circlet_count":0,"master_deck":["Strike_P","Strike_P","Strike_P","Defend_P","Defend_P","Defend_P","Eruption","Vigilance","CrushJoints","Evaluate","PathToVictory"],"relics":["PureWater","NeowsBlessing","TungstenRod"],"acts_visited":["Exordium"],"potions_floor_usage":[8,8],"damage_taken":[{"damage":0,"enemies":"2 Louse","floor":1,"turns":1},{"damage":0,"enemies":"Small Slimes","floor":2,"turns":1},{"damage":0,"enemies":"Lagavulin","floor":6,"turns":2},{"damage":0,"enemies":"Cultist","floor":7,"turns":4},{"damage":44,"enemies":"Gremlin Nob","floor":8,"turns":5}],"seed_played":"1712892540352451019","potions_obtained":[{"floor":6,"key":"SneckoOil"},{"floor":7,"key":"BottledMiracle"}],"is_trial":false,"path_per_floor":["M","M","$","?","?","E","M","E"],"character_chosen":"WATCHER","items_purchased":[],"campfire_rested":0,"item_purchase_floors":[],"current_hp_per_floor":[72,72,72,72,72,72,72,28,28],"gold":48,"neow_bonus":"THREE_ENEMY_KILL","is_daily":false,"chose_seed":false,"campfire_upgraded":0,"win_rate":0.0,"timestamp":1607765525,"path_taken":["M","M","$","?","?","E","M","E"],"items_purchased_type":[],"build_version":"2020-11-30","purchased_purges":1,"victory":false,"max_hp_per_floor":[72,72,72,72,72,72,72,72,72],"card_choices":[{"not_picked":["CutThroughFate","SignatureMove"],"picked":"CrushJoints","floor":1},{"not_picked":["Tantrum","FlurryOfBlows","Crescendo"],"picked":"SKIP","floor":2},{"not_picked":["ThirdEye","WaveOfTheHand"],"picked":"Evaluate","floor":6},{"not_picked":["Wallop","BowlingBash"],"picked":"PathToVictory","floor":7}],"player_experience":123395,"relics_obtained":[{"floor":6,"key":"TungstenRod"}],"event_choices":[{"cards_removed":["Defend_P"],"damage_healed":0,"gold_gain":0,"player_choice":"Card Removal","damage_taken":0,"max_hp_gain":0,"max_hp_loss":0,"event_name":"The Cleric","floor":4,"gold_loss":50},{"damage_healed":0,"gold_gain":0,"player_choice":"Ignored","damage_taken":0,"max_hp_gain":0,"max_hp_loss":0,"event_name":"Liars Game","floor":5,"gold_loss":0}],"is_beta":false,"boss_relics":[],"items_purged_floors":[3],"is_endless":false,"potions_floor_spawned":[6,7],"killed_by":"Gremlin Nob","ascension_level":1}}