{"host":"f9xhx7hoqq8tf21i","time":1607787388,"event":{"mods":["AchievementEnabler","BaseMod","Block Reminder","Colored Map","Colored Powertips","GifTheSpireLib","Key Reminder","Minty Spire (QoL Compilation)","Quick Restart","StSLib","Synergy Search"],"gold_per_floor":[116,116,136,61,72,72,87,87,110,60,60,135,135,155,155,260,260,273,99,115,115,205,205,215,215,215,226,243,118,132,132,132,229,229,249,249,249,262,278,278,310,310,336,354,0,0,17,27,27,27,27],"floor_reached":50,"playtime":952,"items_purged":["Defend_R","Strike_R","Strike_R"],"score":514,"play_id":"1bce0536-2012-44a1-848d-959132da585d","local_time":"20201212153628","is_ascension_mode":false,"campfire_choices":[{"data":"Whirlwind","floor":6,"key":"SMITH"},{"data":"Flex","floor":8,"key":"SMITH"},{"floor":13,"key":"REST"},{"data":"Demon Form","floor":15,"key":"SMITH"},{"floor":23,"key":"REST"},{"floor":25,"key":"REST"},{"floor":32,"key":"RECALL"},{"floor":40,"key":"REST"},{"floor":42,"key":"REST"},{"floor":46,"key":"REST"},{"floor":49,"key":"REST"}],"circlet_count":0,"master_deck":["Defend_R+1","Defend_R","Bash+1","Whirlwind+1","Flex+1","Demon Form+1","Offering","Whirlwind","Spot Weakness+1","Evolve+1","True Grit+1","Battle Trance"],"relics":["Burning Blood","NeowsBlessing","Ancient Tea Set","Fusion Hammer","Bottled Lightning","keyreminder:keyreminder","Astrolabe","MealTicket","Red Mask"],"acts_visited":["Exordium","TheCity","TheBeyond"],"potions_floor_usage":[16,16,39,44,48,48],"damage_taken":[{"damage":0,"enemies":"Jaw Worm","floor":1,"turns":1},{"damage":0,"enemies":"Small Slimes","floor":3,"turns":1},{"damage":0,"enemies":"Cultist","floor":5,"turns":1},{"damage":13,"enemies":"Red Slaver","floor":7,"turns":2},{"damage":0,"enemies":"Gremlin Gang","floor":14,"turns":1},{"damage":64,"enemies":"Hexaghost","floor":16,"turns":6},{"damage":13,"enemies":"2 Thieves","floor":18,"turns":2},{"damage":6,"enemies":"3 Byrds","floor":20,"turns":2},{"damage":30,"enemies":"Snake Plant","floor":24,"turns":3},{"damage":6,"enemies":"Centurion and Healer","floor":27,"turns":1},{"damage":6,"enemies":"Sentry and Sphere","floor":28,"turns":2},{"damage":6,"enemies":"Snecko","floor":30,"turns":3},{"damage":6,"enemies":"Collector","floor":33,"turns":5},{"damage":6,"enemies":"3 Darklings","floor":35,"turns":1},{"damage":6,"enemies":"3 Shapes","floor":38,"turns":1},{"damage":6,"enemies":"Spire Growth","floor":39,"turns":3},{"damage":70,"enemies":"Reptomancer","floor":41,"turns":6},{"damage":33,"enemies":"4 Shapes","floor":44,"turns":1},{"damage":6,"enemies":"Transient","floor":47,"turns":5},{"damage":21,"enemies":"Writhing Mass","floor":48,"turns":2},{"damage":42,"enemies":"Awakened One","floor":50,"turns":3}],"seed_played":"-4502958684835976391","potions_obtained":[{"floor":1,"key":"PowerPotion"},{"floor":7,"key":"BloodPotion"},{"floor":24,"key":"AttackPotion"},{"floor":27,"key":"Energy Potion"},{"floor":30,"key":"PowerPotion"},{"floor":38,"key":"SteroidPotion"},{"floor":41,"key":"PowerPotion"},{"floor":44,"key":"Fruit Juice"}],"is_trial":false,"path_per_floor":["M","$","M","$","M","R","M","R","T","?","?","?","R","M","R","B",null,"M","$","M","$","?","R","M","R","T","M","M","$","M","$","R","B",null,"M","?","?","M","M","R","E","R","T","M","?","R","M","M","R","B"],"character_chosen":"IRONCLAD","items_purchased":["Whirlwind"],"campfire_rested":7,"item_purchase_floors":[19],"current_hp_per_floor":[80,80,80,80,80,80,73,73,73,73,57,49,73,79,79,37,80,73,73,73,73,61,80,56,80,80,80,80,80,80,80,80,80,80,80,76,76,76,76,76,12,34,34,12,12,36,36,21,45,3,3],"gold":27,"neow_bonus":"THREE_ENEMY_KILL","is_daily":false,"chose_seed":false,"campfire_upgraded":3,"win_rate":0.0,"timestamp":1607787388,"path_taken":["M","$","M","$","M","R","M","R","T","?","?","?","R","?","R","BOSS","M","$","M","$","?","R","M","R","T","?","M","$","M","?","R","BOSS","M","?","?","?","M","R","E","R","T","M","?","R","M","M","R","BOSS"],"items_purchased_type":["Card"],"build_version":"2020-11-30","purchased_purges":3,"victory":false,"max_hp_per_floor":[80,80,80,80,80,80,80,80,80,80,80,80,80,80,80,80,80,80,80,80,80,80,80,80,80,80,80,80,80,80,80,80,80,80,80,76,76,76,76,76,76,76,76,81,81,81,81,81,81,81,81],"card_choices":[{"not_picked":["Feel No Pain","Shrug It Off"],"picked":"Whirlwind","floor":1},{"not_picked":["Dual Wield","Uppercut"],"picked":"Flex","floor":3},{"not_picked":["Clothesline","Iron Wave","Spot Weakness"],"picked":"SKIP","floor":5},{"not_picked":["Warcry","Pommel Strike"],"picked":"Demon Form","floor":14},{"not_picked":["Feed","Brutality"],"picked":"Offering","floor":16},{"not_picked":["Metallicize","Shrug It Off","Infernal Blade"],"picked":"SKIP","floor":18},{"not_picked":["Body Slam","Feel No Pain","Headbutt+1"],"picked":"SKIP","floor":20},{"not_picked":["Anger","Spot Weakness","Headbutt"],"picked":"SKIP","floor":24},{"not_picked":["Body Slam+1","Warcry+1","Berserk"],"picked":"SKIP","floor":27},{"not_picked":["Havoc+1","Thunderclap","Pommel Strike"],"picked":"SKIP","floor":28},{"not_picked":["Perfected Strike+1","Havoc","Fire Breathing"],"picked":"SKIP","floor":30},{"not_picked":["Flex+1","Havoc"],"picked":"Battle Trance","floor":35},{"not_picked":["Rampage","Anger","Shrug It Off"],"picked":"SKIP","floor":38},{"not_picked":["Inflame","Clash+1","Feel No Pain"],"picked":"SKIP","floor":39},{"not_picked":["Evolve+1","Heavy Blade+1","Power Through"],"picked":"SKIP","floor":41},{"not_picked":["Disarm+1","Fire Breathing+1","Clash"],"picked":"SKIP","floor":44},{"not_picked":["Headbutt+1","Clash+1","Reckless Charge+1"],"picked":"SKIP","floor":47},{"not_picked":["Perfected Strike","Sentinel","Armaments"],"picked":"SKIP","floor":48}],"player_experience":82740,"relics_obtained":[{"floor":9,"key":"Ancient Tea Set"},{"floor":26,"key":"Bottled Lightning"},{"floor":41,"key":"MealTicket"}],"event_choices":[{"cards_removed":["Strike_R"],"damage_healed":0,"gold_gain":0,"player_choice":"Card Removal","damage_taken":0,"max_hp_gain":0,"max_hp_loss":0,"event_name":"The Cleric","floor":10,"gold_loss":50},{"damage_healed":0,"gold_gain":0,"player_choice":"Entered Light","damage_taken":16,"max_hp_gain":0,"max_hp_loss":0,"event_name":"Shining Light","floor":11,"gold_loss":0,"cards_upgraded":["Bash","Defend_R"]},{"damage_healed":0,"gold_gain":75,"player_choice":"Touch","damage_taken":8,"max_hp_gain":0,"max_hp_loss":0,"event_name":"FaceTrader","floor":12,"gold_loss":0},{"damage_healed":0,"gold_gain":90,"player_choice":"GOLD ","damage_taken":12,"max_hp_gain":0,"max_hp_loss":0,"event_name":"Knowing Skull","floor":22,"potions_obtained":[],"gold_loss":0,"cards_obtained":[]},{"damage_healed":0,"gold_gain":0,"player_choice":"Max HP","damage_taken":0,"max_hp_gain":0,"max_hp_loss":4,"event_name":"Winding Halls","floor":36,"gold_loss":0},{"damage_healed":0,"gold_gain":0,"player_choice":"Memory 1","damage_taken":0,"max_hp_gain":0,"max_hp_loss":0,"event_name":"SensoryStone","floor":37,"gold_loss":0},{"damage_healed":0,"gold_gain":0,"player_choice":"Paid","damage_taken":0,"relics_obtained":["Red Mask"],"max_hp_gain":0,"max_hp_loss":0,"event_name":"Tomb of Lord Red Mask","floor":45,"gold_loss":354}],"is_beta":false,"boss_relics":[{"not_picked":["Busted Crown","SacredBark"],"picked":"Fusion Hammer"},{"not_picked":["Calling Bell","Black Star"],"picked":"Astrolabe"}],"items_purged_floors":[4,19,29],"is_endless":false,"potions_floor_spawned":[1,7,24,27,30,33,38,41,44],"killed_by":"Awakened One","ascension_level":0}}