{"host":"6fbjdsiu9jij34p7","time":1607733726,"event":{"mods":["2.2 Compatiblity","AchievementEnabler","BaseMod","Colored Map","DeckTracker","Highlight Path","Keyboard Shortcuts","Minty Spire (QoL Compilation)","Permanent Neow","Quick Restart","StSLib","SuperFastMode"],"gold_per_floor":[359,379,431,442,367,367,386,420,420,420,455,15,15,33,33,112,112,129,129,148,167,167,193,193,243,268,268,92,108,120,70,70,141,141,155,155,155,170,187,187,205,205,205,223,243,263,23,23,23,23],"floor_reached":51,"playtime":2413,"items_purged":["Strike_B","Strike_B","Shame","Writhe"],"score":1263,"play_id":"ac2b6823-c579-4a72-82ec-32f66b909396","local_time":"20201212094206","is_ascension_mode":true,"campfire_choices":[{"floor":6.0,"key":"REST"},{"floor":10.0,"key":"REST"},{"floor":15.0,"key":"REST"},{"floor":24.0,"key":"REST"},{"floor":27.0,"key":"REST"},{"data":"Defragment","floor":32.0,"key":"SMITH"},{"floor":40.0,"key":"REST"},{"floor":49.0,"key":"REST"}],"circlet_count":0,"master_deck":["AscendersBane","Strike_B","Defend_B","Defend_B+1","Defend_B","Defend_B","Zap","Dualcast","Streamline","Rip and Tear","Glacier+1","Chill","Chill","Compile Driver","Hologram","Cold Snap","Sweeping Beam+1","Capacitor+1","Defragment+1","Barrage","Echo Form","Hologram","Discovery","Stack+1","Parasite","Barrage"],"relics":["Cracked Core","DataDisk","White Beast Statue","Darkstone Periapt","Smiling Mask","Runic Capacitor","Pear","Sozu","InkBottle","Vajra","Unceasing Top","Ancient Tea Set","Philosopher\u0027s Stone","Blue Candle","Letter Opener","Lantern"],"acts_visited":["Exordium","TheCity","TheBeyond"],"potions_floor_usage":[],"damage_taken":[{"damage":6.0,"enemies":"Cultist","floor":1.0,"turns":4.0},{"damage":5.0,"enemies":"Small Slimes","floor":2.0,"turns":4.0},{"damage":8.0,"enemies":"2 Louse","floor":4.0,"turns":2.0},{"damage":7.0,"enemies":"Large Slime","floor":7.0,"turns":5.0},{"damage":16.0,"enemies":"Lagavulin","floor":8.0,"turns":8.0},{"damage":10.0,"enemies":"Gremlin Nob","floor":11.0,"turns":5.0},{"damage":0.0,"enemies":"2 Fungi Beasts","floor":14.0,"turns":3.0},{"damage":29.0,"enemies":"Slime Boss","floor":16.0,"turns":10.0},{"damage":0.0,"enemies":"Spheric Guardian","floor":18.0,"turns":6.0},{"damage":4.0,"enemies":"Shell Parasite","floor":20.0,"turns":8.0},{"damage":0.0,"enemies":"Snecko","floor":21.0,"turns":6.0},{"damage":28.0,"enemies":"Slavers","floor":23.0,"turns":6.0},{"damage":10.0,"enemies":"Snake Plant","floor":29.0,"turns":6.0},{"damage":11.0,"enemies":"Centurion and Healer","floor":30.0,"turns":5.0},{"damage":0.0,"enemies":"Collector","floor":33.0,"turns":10.0},{"damage":19.0,"enemies":"3 Shapes","floor":35.0,"turns":9.0},{"damage":1.0,"enemies":"3 Darklings","floor":38.0,"turns":6.0},{"damage":18.0,"enemies":"Transient","floor":39.0,"turns":5.0},{"damage":0.0,"enemies":"Spire Growth","floor":41.0,"turns":6.0},{"damage":33.0,"enemies":"4 Shapes","floor":44.0,"turns":5.0},{"damage":4.0,"enemies":"Writhing Mass","floor":45.0,"turns":8.0},{"damage":14.0,"enemies":"3 Darklings","floor":46.0,"turns":5.0},{"damage":23,"enemies":"Awakened One","floor":50,"turns":12}],"seed_played":"8399474795331292531","potions_obtained":[{"floor":2.0,"key":"EssenceOfSteel"},{"floor":7.0,"key":"Strength Potion"},{"floor":11.0,"key":"SpeedPotion"},{"floor":14.0,"key":"SneckoOil"},{"floor":16.0,"key":"FearPotion"}],"is_trial":false,"path_per_floor":["M","M","T","M","$","R","M","E","T","R","E","$","?","M","R","B",null,"M","?","M","M","?","E","R","?","T","R","$","M","M","$","R","B",null,"M","?","?","M","M","R","M","?","T","M","M","M","$","?","R","B",null],"character_chosen":"DEFECT","items_purchased":["Runic Capacitor","Pear","Defragment","Barrage","Letter Opener"],"campfire_rested":7,"item_purchase_floors":[12,12,28,28,47],"current_hp_per_floor":[58,53,53,45,45,64,57,41,41,60,50,60,38,38,60,31,63,63,69,65,65,71,43,68,68,68,86,86,76,65,65,65,65,81,62,62,62,61,43,68,68,68,68,35,37,23,23,23,50,27],"gold":23,"neow_bonus":"TWO_FIFTY_GOLD","is_daily":false,"chose_seed":false,"campfire_upgraded":1,"win_rate":0.0,"timestamp":1607733726,"path_taken":["M","?","?","M","$","R","M","E","T","R","E","$","?","M","R","BOSS","M","?","M","M","?","E","R","?","T","R","?","?","M","$","R","BOSS","M","?","?","M","M","R","M","?","T","?","M","M","$","?","R","BOSS"],"items_purchased_type":["Relic","Relic","Card","Card","Relic"],"build_version":"2020-11-30","purchased_purges":4,"victory":true,"max_hp_per_floor":[64,64,64,64,64,64,64,64,64,64,64,74,74,74,74,74,74,74,80,80,80,86,86,86,86,86,86,86,86,86,86,86,86,86,86,86,86,86,86,86,86,86,86,86,92,92,92,92,92,92],"card_choices":[{"not_picked":["Turbo","Stack"],"picked":"Streamline","floor":1.0},{"not_picked":["Leap","Gash"],"picked":"Rip and Tear","floor":2.0},{"not_picked":["Force Field","Barrage"],"picked":"Glacier","floor":4.0},{"not_picked":["Streamline","Chaos"],"picked":"Chill","floor":7.0},{"not_picked":["Scrape","Recycle"],"picked":"Chill","floor":8.0},{"not_picked":["Genetic Algorithm","Reprogram"],"picked":"Compile Driver","floor":11.0},{"not_picked":["Sunder","Conserve Battery"],"picked":"Hologram","floor":14.0},{"not_picked":["Hologram","Streamline"],"picked":"Cold Snap","floor":18.0},{"not_picked":["Darkness+1","Go for the Eyes"],"picked":"Sweeping Beam+1","floor":20.0},{"not_picked":["Loop","Streamline"],"picked":"Capacitor+1","floor":21.0},{"not_picked":["Rebound","Steam Power","Go for the Eyes"],"picked":"SKIP","floor":23.0},{"not_picked":["Beam Cell","Redo","Static Discharge"],"picked":"SKIP","floor":29.0},{"not_picked":["Recycle","Leap","Sweeping Beam"],"picked":"SKIP","floor":30.0},{"not_picked":["Machine Learning","Rainbow"],"picked":"Echo Form","floor":33.0},{"not_picked":["Steam Power+1","Genetic Algorithm+1"],"picked":"Hologram","floor":35.0},{"not_picked":["Forethought","Swift Strike"],"picked":"Discovery","floor":36.0},{"not_picked":["Steam+1","Storm","Doom and Gloom"],"picked":"SKIP","floor":38.0},{"not_picked":["Steam Power","Redo","Ball Lightning"],"picked":"SKIP","floor":39.0},{"not_picked":["Ball Lightning","Compile Driver+1"],"picked":"Stack+1","floor":41.0},{"not_picked":["Beam Cell","Hyperbeam","Chaos"],"picked":"SKIP","floor":44.0},{"not_picked":["Gash","Steam"],"picked":"Barrage","floor":45.0},{"not_picked":["Gash+1","Storm"],"picked":"Barrage","floor":46.0}],"player_experience":219720,"relics_obtained":[{"floor":3.0,"key":"DataDisk"},{"floor":8.0,"key":"White Beast Statue"},{"floor":9.0,"key":"Darkstone Periapt"},{"floor":11.0,"key":"Smiling Mask"},{"floor":23.0,"key":"Unceasing Top"},{"floor":26.0,"key":"Ancient Tea Set"},{"floor":43.0,"key":"Blue Candle"}],"event_choices":[{"damage_healed":0.0,"max_hp_gain":0.0,"max_hp_loss":0.0,"gold_gain":0.0,"event_name":"Shining Light","player_choice":"Entered Light","floor":13.0,"gold_loss":0.0,"damage_taken":22.0,"cards_upgraded":["Glacier","Defend_B"]},{"damage_healed":0.0,"max_hp_gain":0.0,"max_hp_loss":0.0,"gold_gain":0.0,"event_name":"Addict","player_choice":"Stole Relic","floor":19.0,"gold_loss":0.0,"damage_taken":0.0,"relics_obtained":["InkBottle"],"cards_obtained":["Shame"]},{"damage_healed":0.0,"max_hp_gain":0.0,"max_hp_loss":0.0,"gold_gain":0.0,"event_name":"The Mausoleum","player_choice":"Opened","floor":22.0,"gold_loss":0.0,"damage_taken":0.0,"relics_obtained":["Vajra"],"cards_obtained":["Writhe"]},{"damage_healed":0.0,"max_hp_gain":0.0,"max_hp_loss":0.0,"gold_gain":50.0,"event_name":"Nest","player_choice":"Stole From Cult","floor":25.0,"gold_loss":0.0,"damage_taken":0.0},{"damage_healed":0.0,"max_hp_gain":0.0,"max_hp_loss":0.0,"gold_gain":0.0,"event_name":"SensoryStone","player_choice":"Memory 1","floor":36.0,"gold_loss":0.0,"damage_taken":0.0},{"damage_healed":0.0,"max_hp_gain":0.0,"max_hp_loss":0.0,"gold_gain":0.0,"event_name":"Tomb of Lord Red Mask","player_choice":"Ignored","floor":37.0,"gold_loss":0.0,"damage_taken":0.0},{"cards_removed":["Strike_B"],"damage_healed":0.0,"max_hp_gain":0.0,"max_hp_loss":0.0,"gold_gain":0.0,"event_name":"Purifier","player_choice":"Purged","floor":42.0,"gold_loss":0.0,"damage_taken":0.0},{"cards_removed":["Barrage"],"damage_healed":0.0,"max_hp_gain":0.0,"max_hp_loss":0.0,"gold_gain":0.0,"event_name":"WeMeetAgain","player_choice":"Gave Card","floor":48.0,"gold_loss":0.0,"damage_taken":0.0,"relics_obtained":["Lantern"]}],"is_beta":false,"boss_relics":[{"not_picked":["Coffee Dripper","Cursed Key"],"picked":"Sozu"},{"not_picked":["Snecko Eye","FrozenCore"],"picked":"Philosopher\u0027s Stone"}],"items_purged_floors":[5,12,28,31],"is_endless":false,"potions_floor_spawned":[2,7,11,14,16,18,20,21,23,29,30,33,35,38,39,41,44,45,46],"ascension_level":15}}