{"host":"oi1nj6gqzrtwlr6p","time":1607755319,"event":{"mods":["2.2 Compatiblity","BaseMod","Better Match","Better Note","Block Reminder","Colored Powertips","DeckTracker","Downfall","Energized Spire","Koishi","Marisa????????","Minty Spire (QoL Compilation)","Rare Cards Sparkle","Reimu??????","StSLib","Td1madao Mod","The Administrix","The Senshi","The Servant 0.9.4","The Vixen","The Wild Card"],"gold_per_floor":[115,190,206,206,166,166,181,208,208,225,136,170,23,42,42,140,140,150,150,150,161,161,161,54,64,64,78,95,95,95,109,109,204,204,215,215,215,215,215,215,215,228,228,248,248,266,276,294,294,294],"floor_reached":51,"playtime":3350,"items_purged":[],"score":659,"play_id":"4a3c0a9d-6d08-4f40-9247-9cfb2307f87d","local_time":"20201212004159","is_ascension_mode":false,"campfire_choices":[{"data":"Guardian:Incinerate","floor":6,"key":"SMITH"},{"floor":15,"key":"REST"},{"floor":32,"key":"REST"},{"data":"Guardian:ExploitGems","floor":45,"key":"SMITH"},{"floor":49,"key":"REST"}],"circlet_count":0,"master_deck":["Guardian:Strike_Guardian","Guardian:Strike_Guardian+1","Guardian:Strike_Guardian","Guardian:Defend_Guardian","Guardian:Defend_Guardian","Guardian:Defend_Guardian","Guardian:Defend_Guardian","Guardian:CurlUp","Guardian:TwinSlam","Guardian:MultiBeam+1","Guardian:Incinerate+1","Guardian:Orbwalk","Guardian:Suspension","Guardian:BronzeOrb","Guardian:Recover","Guardian:ChargeUp","Guardian:StasisStrike","Guardian:Reroute","Guardian:Gem_Fragmented","Guardian:Harden","Guardian:Preprogram","Guardian:Planning+1","Guardian:RevengeProtocol","Guardian:ExploitGems+1","Guardian:TimeCapacitor","Pain","Violence","Guardian:Gem_Red","Guardian:ChargeCore","Guardian:Planning+1","Guardian:PolyBeam","Guardian:ChargeUp","Guardian:PolyBeam+1"],"relics":["Guardian:ModeShifterPlus","Mercury Hourglass","PaintedHorse:ReiMu","Shuriken","Whetstone","Gremlin Horn","Guardian:PickAxe","SlaversCollar","WarpedTongs","Lizard Tail","Guardian:StasisEgg","theSenshi:SailorFukuRelic"],"acts_visited":["Exordium","TheCity","TheBeyond"],"potions_floor_usage":[12,18,31,33,35,46,50,50],"damage_taken":[{"damage":0,"enemies":"Small Slimes","floor":1,"turns":4},{"damage":0,"enemies":"2 Louse","floor":3,"turns":1},{"damage":1,"enemies":"Jaw Worm","floor":7,"turns":3},{"damage":27,"enemies":"Gremlin Nob","floor":8,"turns":4},{"damage":6,"enemies":"Blue Slaver","floor":10,"turns":2},{"damage":7,"enemies":"3 Sentries","floor":12,"turns":3},{"damage":1,"enemies":"2 Fungi Beasts","floor":14,"turns":2},{"damage":18,"enemies":"The Guardian","floor":16,"turns":8},{"damage":10,"enemies":"Shell Parasite","floor":18,"turns":3},{"damage":0,"enemies":"Chosen","floor":21,"turns":3},{"damage":10,"enemies":"Centurion and Healer","floor":25,"turns":4},{"damage":19,"enemies":"Snake Plant","floor":27,"turns":3},{"damage":7,"enemies":"Chosen and Byrds","floor":28,"turns":3},{"damage":15,"enemies":"Sentry and Sphere","floor":31,"turns":3},{"damage":22,"enemies":"Champ","floor":33,"turns":7},{"damage":6,"enemies":"3 Darklings","floor":35,"turns":3},{"damage":5,"enemies":"Orb Walker","floor":42,"turns":3},{"damage":22,"enemies":"Writhing Mass","floor":44,"turns":5},{"damage":0,"enemies":"3 Darklings","floor":46,"turns":1},{"damage":2,"enemies":"4 Shapes","floor":47,"turns":3},{"damage":27,"enemies":"Sphere and 2 Shapes","floor":48,"turns":5},{"damage":60,"enemies":"Time Eater","floor":50,"turns":8}],"seed_played":"-5227235669037695935","potions_obtained":[{"floor":7,"key":"Explosive Potion"},{"floor":12,"key":"DuplicationPotion"},{"floor":16,"key":"Guardian:BlockOnCardUsePotion"},{"floor":27,"key":"sneckomod:MuddlingPotion"},{"floor":28,"key":"Fire Potion"},{"floor":31,"key":"Block Potion"},{"floor":35,"key":"ColorlessPotion"},{"floor":46,"key":"Guardian:DefensiveModePotion"},{"floor":48,"key":"AttackPotion"}],"is_trial":false,"path_per_floor":["M","?","M","?","?","R","M","E","T","M","$","E","$","M","R","B",null,"M","?","$","M","?","R","$","M","T","M","M","R","?","M","R","B",null,"M","?","?","?","?","?","R","M","T","M","R","M","M","M","R","B",null],"character_chosen":"GUARDIAN","items_purchased":["Guardian:Gem_Red","Guardian:BronzeOrb","Guardian:PickAxe","Guardian:Harden","Guardian:Preprogram"],"campfire_rested":3,"item_purchase_floors":[11,11,13,24,24],"current_hp_per_floor":[88,77,77,65,65,65,64,37,37,31,31,24,24,23,49,31,88,78,78,78,78,78,78,78,68,68,49,42,42,42,27,53,31,88,82,82,82,82,82,82,82,77,77,55,55,55,53,26,52,44],"gold":294,"neow_bonus":"TEN_PERCENT_HP_BONUS","is_daily":false,"chose_seed":false,"campfire_upgraded":2,"win_rate":0.0,"timestamp":1607755319,"path_taken":["M","?","M","?","?","R","M","E","T","M","$","E","?","?","R","BOSS","M","?","$","M","?","R","$","?","T","M","M","R","?","M","R","BOSS","M","?","?","?","?","?","R","M","T","?","R","M","M","M","R","BOSS"],"items_purchased_type":["Card","Card","Relic","Card","Card"],"build_version":"2020-11-30","purchased_purges":0,"victory":true,"max_hp_per_floor":[88,88,88,88,88,88,88,88,88,88,88,88,88,88,88,88,88,88,88,88,88,88,88,88,88,88,88,88,88,88,88,88,88,88,88,88,88,88,88,88,88,88,88,88,88,88,88,88,88,88],"card_choices":[{"not_picked":["Guardian:Gem_Fragmented","Guardian:Gem_Yellow"],"picked":"Guardian:MultiBeam","floor":1},{"not_picked":["Guardian:WalkerClaw","Guardian:PiercingHide"],"picked":"Guardian:Incinerate","floor":3},{"not_picked":["Guardian:WalkerClaw","Guardian:PrimingBeam"],"picked":"Guardian:Orbwalk","floor":7},{"not_picked":["Guardian:FloatingOrbs","Guardian:PrismaticBarrier"],"picked":"Guardian:Gem_Fragmented","floor":8},{"not_picked":["Guardian:Reroute","Guardian:ShieldCharger"],"picked":"Guardian:Suspension","floor":10},{"not_picked":["Guardian:Clone","Guardian:BronzeOrb"],"picked":"Guardian:Recover","floor":12},{"not_picked":["Guardian:Orbwalk","Guardian:ConstructionForm"],"picked":"Guardian:ChargeUp","floor":14},{"not_picked":["Guardian:TimeSifter","Guardian:GatlingBeam"],"picked":"Guardian:StasisStrike","floor":16},{"not_picked":["Guardian:GuardianWhirl","Guardian:TimeCapacitor+1"],"picked":"Guardian:Reroute","floor":18},{"not_picked":["Guardian:RefractedBeam","Guardian:Reroute+1"],"picked":"Guardian:Gem_Fragmented","floor":21},{"not_picked":["Guardian:Clone+1","Guardian:Suspension"],"picked":"Guardian:Gem_Fragmented","floor":25},{"not_picked":["Guardian:MultiBeam","Guardian:PrimingBeam"],"picked":"Guardian:Planning+1","floor":27},{"not_picked":["Guardian:Incinerate","Guardian:Reroute+1"],"picked":"Guardian:RevengeProtocol","floor":28},{"not_picked":["Guardian:TemporalShield","Guardian:WalkerClaw"],"picked":"Guardian:Gem_Blue","floor":31},{"not_picked":["Guardian:FierceBash","Guardian:Gem_Synthetic"],"picked":"Guardian:ExploitGems","floor":33},{"not_picked":["Guardian:TemporalShield","Guardian:FloatingOrbs+1"],"picked":"Guardian:TimeCapacitor","floor":35},{"not_picked":["expansioncontent:DonusPower","expansioncontent:AwakenDeath"],"picked":"Violence","floor":39},{"not_picked":["Guardian:EvasiveProtocol+1","Guardian:WalkerClaw"],"picked":"Guardian:ChargeCore","floor":42},{"not_picked":["Guardian:Gem_Cyan","Guardian:Suspension+1"],"picked":"Guardian:Planning+1","floor":44},{"not_picked":["Guardian:GuardianWhirl","Guardian:Orbwalk+1"],"picked":"Guardian:PolyBeam","floor":46},{"not_picked":["Guardian:TemporalShield","Guardian:BronzeOrb+1"],"picked":"Guardian:ChargeUp","floor":47},{"not_picked":["Guardian:Recover","Guardian:SentryBeam"],"picked":"Guardian:PolyBeam+1","floor":48}],"player_experience":319900,"relics_obtained":[{"floor":8,"key":"Shuriken"},{"floor":9,"key":"Whetstone"},{"floor":12,"key":"Gremlin Horn"},{"floor":26,"key":"Lizard Tail"},{"floor":43,"key":"theSenshi:SailorFukuRelic"}],"event_choices":[{"damage_healed":0,"gold_gain":75,"player_choice":"Gather Gold","damage_taken":11,"max_hp_gain":0,"max_hp_loss":0,"event_name":"World of Goop","floor":2,"gold_loss":0},{"damage_healed":0,"gold_gain":0,"player_choice":"Success","damage_taken":12,"relics_obtained":["Mercury Hourglass"],"max_hp_gain":0,"max_hp_loss":0,"event_name":"Scrap Ooze","floor":4,"gold_loss":0},{"damage_healed":0,"gold_gain":0,"player_choice":"Donate","damage_taken":0,"relics_obtained":["PaintedHorse:ReiMu"],"max_hp_gain":0,"max_hp_loss":0,"event_name":"yidonshenshe","floor":5,"gold_loss":40},{"damage_healed":0,"gold_gain":0,"player_choice":"Ignored","damage_taken":0,"max_hp_gain":0,"max_hp_loss":0,"event_name":"betterNote:BetterNote","floor":19,"gold_loss":0,"cards_obtained":["SpringWay:ReiMu"]},{"cards_removed":["Guardian:Strike_Guardian"],"damage_healed":0,"gold_gain":0,"player_choice":"Removed Attack","damage_taken":0,"max_hp_gain":0,"max_hp_loss":0,"event_name":"Falling","floor":36,"gold_loss":0},{"damage_healed":0,"gold_gain":0,"player_choice":"Memory 1","damage_taken":0,"max_hp_gain":0,"max_hp_loss":0,"event_name":"SensoryStone","floor":39,"gold_loss":0},{"damage_healed":0,"gold_gain":0,"player_choice":"Ignored","damage_taken":0,"max_hp_gain":0,"max_hp_loss":0,"event_name":"SecretPortal","floor":40,"gold_loss":0}],"is_beta":false,"boss_relics":[{"not_picked":["Empty Cage","energizedSpire:RedRose"],"picked":"SlaversCollar"},{"not_picked":["energizedSpire:EnergizedDie","Runic Pyramid"],"picked":"Guardian:ModeShifterPlus"}],"items_purged_floors":[],"is_endless":false,"potions_floor_spawned":[7,12,16,27,28,31,35,46,48],"ascension_level":0}}