{"host":"w01vs80f19dvf8rn","time":1607804943,"event":{"mods":["BaseMod","Better Note","Colored Map","Colored Powertips","DeckTracker","Friendly Minions","Googly Eyes","Minty Spire (QoL Compilation)","Rare Cards Sparkle","StSLib","SuperFastMode","The Bug Knight","The Jungle"],"gold_per_floor":[112,122,122,122,42,42,69,89,89,89,123,136,136,147,147,249,299,310,49,60,80,80,114,124,124,124,124,49,49,149,168,168,263,263,275,285,297,313,323,352,352,385,385,385,385,33,33,49,49,49,49,49,0,34,34],"floor_reached":56,"playtime":3953,"items_purged":["HollowMod:NailStrikeStart"],"score":1336,"play_id":"9f18dc07-742a-46e6-a634-541612f7e04e","local_time":"20201213052903","is_ascension_mode":true,"campfire_choices":[{"data":"HollowMod:HerrahsAnger","floor":6.0,"key":"SMITH"},{"data":"HollowMod:MantisMark","floor":13.0,"key":"SMITH"},{"data":"HollowMod:ChannelNail","floor":15.0,"key":"SMITH"},{"data":"HollowMod:SlysStrikes","floor":25.0,"key":"SMITH"},{"data":"HollowMod:GrimmsGift","floor":27.0,"key":"SMITH"},{"data":"HollowMod:CornifersMapStart","floor":29.0,"key":"SMITH"},{"data":"HollowMod:QuirrelsAssistance","floor":32.0,"key":"SMITH"},{"floor":41.0,"key":"REST"},{"data":"HollowMod:Weaversong","floor":44.0,"key":"SMITH"},{"floor":49,"key":"RECALL"},{"data":"HollowMod:HuntersJournal","floor":52,"key":"SMITH"}],"circlet_count":0,"master_deck":["HollowMod:NailStrikeStart+1","HollowMod:QuickDashStart","HollowMod:QuickDashStart","HollowMod:QuickDashStart","HollowMod:QuickDashStart","HollowMod:FocusHealStart","HollowMod:PogoStrike","HollowMod:QuirrelsAssistance+1","HollowMod:HerrahsAnger+1","HollowMod:MantisMark+1","HollowMod:CloakDash","HollowMod:HuntersJournal+1","HollowMod:ChannelNail+1","HollowMod:SlysStrikes+1","HollowMod:MantisMark","HollowMod:CornifersMapStart+1","HollowMod:SiblingsSouls","HollowMod:GrimmsGift+1","HollowMod:CloakDash","HollowMod:Weaversong+1","HollowMod:MonarchWings+1","HollowMod:PerfectDash+1","HollowMod:CloakDash","HollowMod:CloakDash+1","HollowMod:HornetsHelp","HollowMod:DoubleDash+1"],"relics":["HollowMod:VesselMask","NeowsBlessing","Singing Bowl","Happy Flower","Blood Vial","Tiny House","HollowMod:LumaflyLanternRelic","Bag of Preparation","Unceasing Top","Gremlin Horn","Cursed Key","Orichalcum","Bottled Lightning","Mummified Hand","Anchor"],"acts_visited":["Exordium","TheCity","TheBeyond","TheEnding"],"potions_floor_usage":[50,55,55],"damage_taken":[{"damage":0.0,"enemies":"2 Louse","floor":1.0,"turns":1.0},{"damage":0.0,"enemies":"Cultist","floor":2.0,"turns":1.0},{"damage":0.0,"enemies":"Lagavulin","floor":7.0,"turns":3.0},{"damage":0.0,"enemies":"Small Slimes","floor":8.0,"turns":3.0},{"damage":30.0,"enemies":"3 Sentries","floor":11.0,"turns":10.0},{"damage":2.0,"enemies":"Blue Slaver","floor":12.0,"turns":3.0},{"damage":2.0,"enemies":"3 Louse","floor":14.0,"turns":2.0},{"damage":17.0,"enemies":"Slime Boss","floor":16.0,"turns":9.0},{"damage":5.0,"enemies":"2 Thieves","floor":18.0,"turns":4.0},{"damage":1.0,"enemies":"Spheric Guardian","floor":20.0,"turns":3.0},{"damage":11.0,"enemies":"Centurion and Healer","floor":21.0,"turns":6.0},{"damage":14.0,"enemies":"Gremlin Leader","floor":23.0,"turns":7.0},{"damage":35.0,"enemies":"3 Cultists","floor":24.0,"turns":5.0},{"damage":6.0,"enemies":"Colosseum Slavers","floor":30.0,"turns":5.0},{"damage":23.0,"enemies":"Colosseum Nobs","floor":30.0,"turns":3.0},{"damage":1.0,"enemies":"Cultist and Chosen","floor":31.0,"turns":3.0},{"damage":7.0,"enemies":"Champ","floor":33.0,"turns":7.0},{"damage":1.0,"enemies":"Orb Walker","floor":35.0,"turns":2.0},{"damage":16.0,"enemies":"3 Darklings","floor":36.0,"turns":4.0},{"damage":10.0,"enemies":"Transient","floor":37.0,"turns":5.0},{"damage":0.0,"enemies":"Spire Growth","floor":38.0,"turns":4.0},{"damage":24.0,"enemies":"Sphere and 2 Shapes","floor":39.0,"turns":6.0},{"damage":58.0,"enemies":"Nemesis","floor":40.0,"turns":7.0},{"damage":6.0,"enemies":"Reptomancer","floor":42.0,"turns":4.0},{"damage":0,"enemies":"Writhing Mass","floor":48,"turns":4},{"damage":0,"enemies":"HollowMod:Radiance","floor":50,"turns":8},{"damage":5,"enemies":"Shield and Spear","floor":54,"turns":5},{"damage":31,"enemies":"The Heart","floor":55,"turns":8}],"seed_played":"8082888319405788269","potions_obtained":[{"floor":2.0,"key":"Block Potion"},{"floor":8.0,"key":"Swift Potion"},{"floor":11.0,"key":"DuplicationPotion"},{"floor":17.0,"key":"Energy Potion"},{"floor":23.0,"key":"Energy Potion"},{"floor":30.0,"key":"Ancient Potion"},{"floor":31.0,"key":"Energy Potion"},{"floor":39.0,"key":"Explosive Potion"},{"floor":40.0,"key":"Energy Potion"},{"floor":42.0,"key":"Explosive Potion"}],"is_trial":false,"path_per_floor":["M","M","?","?","$","R","E","M","T","?","E","M","R","M","R","B",null,"M","$","M","M","?","E","M","R","T","R","$","R","?","M","R","B",null,"M","M","M","M","M","E","R","E","T","R","?","$","?","M","R","B",null,"R","$","E","B",null],"character_chosen":"THE_BUGKNIGHT","items_purchased":["HollowMod:MantisMark","HollowMod:LumaflyLanternRelic","Mummified Hand","Fruit Juice","Dexterity Potion"],"campfire_rested":1,"item_purchase_floors":[5,19,46,46,53],"current_hp_per_floor":[75,75,75,75,75,75,75,75,75,75,59,67,67,67,67,64,84,86,86,85,83,83,81,56,56,56,56,56,56,33,40,40,41,92,94,84,86,96,72,22,50,46,46,46,46,46,46,48,48,61,101,101,101,103,72],"gold":34,"neow_bonus":"THREE_ENEMY_KILL","is_daily":false,"chose_seed":false,"campfire_upgraded":9,"win_rate":0.0,"timestamp":1607804943,"path_taken":["M","M","?","?","$","R","E","?","T","?","E","?","R","M","R","BOSS","M","$","M","M","?","E","M","R","T","R","$","R","?","M","R","BOSS","M","M","M","M","M","E","R","E","T","R","?","$","?","M","R","BOSS","R","$","E","BOSS"],"items_purchased_type":["Card","Relic","Relic","Potion","Potion"],"build_version":"2020-11-30","purchased_purges":1,"victory":true,"max_hp_per_floor":[75,75,75,75,75,75,75,75,75,75,77,79,79,79,79,79,84,86,86,86,88,88,88,90,90,90,90,90,90,92,92,92,92,92,94,94,94,96,96,96,96,96,96,96,96,96,96,96,96,101,101,101,101,103,103],"card_choices":[{"not_picked":["HollowMod:ShadowDash","HollowMod:BrokenVessel","HollowMod:DreamGate"],"picked":"SKIP","floor":1.0},{"not_picked":["HollowMod:InfectedAttack","HollowMod:SoulShaman"],"picked":"HollowMod:QuirrelsAssistance","floor":2.0},{"not_picked":["HollowMod:VengefulVoid","HollowMod:SoulShaman"],"picked":"HollowMod:CloakDash","floor":7.0},{"not_picked":["HollowMod:WraithStrike","HollowMod:CornifersMapStart"],"picked":"HollowMod:HuntersJournal","floor":8.0},{"not_picked":["HollowMod:GreatSlash","HollowMod:ShadowDash","HollowMod:SiblingsSouls"],"picked":"Singing Bowl","floor":11.0},{"not_picked":["HollowMod:DashSlash","HollowMod:AbyssShriek","HollowMod:ShadowDash"],"picked":"Singing Bowl","floor":12.0},{"not_picked":["HollowMod:TaintedHusks","HollowMod:NewJinnsSoul"],"picked":"HollowMod:ChannelNail","floor":14.0},{"not_picked":["HollowMod:NewInfectedGuardian","HollowMod:ZotesMagnificence"],"picked":"HollowMod:SlysStrikes","floor":16.0},{"not_picked":["HollowMod:DashSlash","HollowMod:HuntersJournal"],"picked":"HollowMod:MantisMark","floor":17.0},{"not_picked":["HollowMod:SharpenedNail","HollowMod:ChannelNail+1","HollowMod:WraithStrike"],"picked":"Singing Bowl","floor":18.0},{"not_picked":["HollowMod:InfectedAttack","HollowMod:HowlingWraiths"],"picked":"HollowMod:CornifersMapStart","floor":20.0},{"not_picked":["HollowMod:DescendingDark","HollowMod:PureVessel","HollowMod:CycloneSlash"],"picked":"Singing Bowl","floor":21.0},{"not_picked":["HollowMod:ChannelNail","HollowMod:CycloneSlash"],"picked":"HollowMod:GrimmsGift","floor":23.0},{"not_picked":["HollowMod:MantisMark","HollowMod:TaintedHusks+1","HollowMod:InfectedAttack"],"picked":"Singing Bowl","floor":24.0},{"not_picked":["HollowMod:DashSlash","HollowMod:MonomonsArchive","HollowMod:ShapeofUnn"],"picked":"Singing Bowl","floor":30.0},{"not_picked":["HollowMod:NewLittleFool","HollowMod:SharpenedShadows"],"picked":"HollowMod:CloakDash","floor":31.0},{"not_picked":["HollowMod:theNailsmith","HollowMod:SoulMaster"],"picked":"HollowMod:Weaversong","floor":33.0},{"not_picked":["HollowMod:SiblingsShadow+1","HollowMod:NewJinnsSoul+1","HollowMod:ChannelNail+1"],"picked":"Singing Bowl","floor":35.0},{"not_picked":["HollowMod:MothsMistake","HollowMod:CoiledNail+1"],"picked":"HollowMod:MonarchWings+1","floor":36.0},{"not_picked":["HollowMod:SoulSplash+1","HollowMod:NewJinnsSoul"],"picked":"HollowMod:PerfectDash+1","floor":37.0},{"not_picked":["HollowMod:LifebloodCocoon","HollowMod:SoulSplash","HollowMod:GoodIntentions+1"],"picked":"Singing Bowl","floor":38.0},{"not_picked":["HollowMod:DescendingDark+1","HollowMod:MothsMistake+1"],"picked":"HollowMod:CloakDash","floor":39.0},{"not_picked":["HollowMod:DashSlash+1","HollowMod:ShadowDash"],"picked":"HollowMod:CloakDash+1","floor":40.0},{"not_picked":["HollowMod:CornifersMapStart","HollowMod:MawleksShell"],"picked":"HollowMod:HornetsHelp","floor":42.0},{"not_picked":["HollowMod:FallenFury","HollowMod:MonarchWings+1"],"picked":"HollowMod:DoubleDash+1","floor":48},{"not_picked":["HollowMod:GrimmsGift","HollowMod:CoiledNail+1","HollowMod:VengefulVoid+1"],"picked":"Singing Bowl","floor":54}],"player_experience":637681,"relics_obtained":[{"floor":7.0,"key":"Singing Bowl"},{"floor":9.0,"key":"Happy Flower"},{"floor":11.0,"key":"Blood Vial"},{"floor":23.0,"key":"Bag of Preparation"},{"floor":30.0,"key":"Unceasing Top"},{"floor":30.0,"key":"Gremlin Horn"},{"floor":40.0,"key":"Orichalcum"},{"floor":42.0,"key":"Bottled Lightning"},{"floor":54,"key":"Anchor"}],"event_choices":[{"damage_healed":0.0,"max_hp_gain":0.0,"max_hp_loss":0.0,"gold_gain":0.0,"event_name":"Match and Keep!","player_choice":"1 cards matched","floor":4.0,"gold_loss":0.0,"damage_taken":0.0,"cards_obtained":["HollowMod:HerrahsAnger"]},{"cards_removed":["HollowMod:NailStrikeStart"],"damage_healed":0.0,"max_hp_gain":0.0,"max_hp_loss":0.0,"gold_gain":0.0,"event_name":"Purifier","player_choice":"Purged","floor":10.0,"gold_loss":0.0,"damage_taken":0.0},{"damage_healed":0.0,"max_hp_gain":0.0,"max_hp_loss":0.0,"gold_gain":0.0,"event_name":"The Library","player_choice":"Read","floor":22.0,"gold_loss":0.0,"damage_taken":0.0,"cards_obtained":["HollowMod:SiblingsSouls"]},{"damage_healed":0.0,"max_hp_gain":0.0,"max_hp_loss":0.0,"gold_gain":0.0,"event_name":"Colosseum","player_choice":"Fight","floor":30.0,"gold_loss":0.0,"damage_taken":0.0},{"damage_healed":0.0,"max_hp_gain":0.0,"max_hp_loss":0.0,"gold_gain":0.0,"event_name":"Colosseum","player_choice":"Fought Nobs","floor":30.0,"gold_loss":0.0,"damage_taken":0.0},{"damage_healed":0.0,"max_hp_gain":0.0,"max_hp_loss":0.0,"gold_gain":0.0,"event_name":"Tomb of Lord Red Mask","player_choice":"Ignored","floor":45.0,"gold_loss":0.0,"damage_taken":0.0}],"is_beta":false,"boss_relics":[{"not_picked":["HollowMod:VoidIdolRelic","Coffee Dripper"],"picked":"Tiny House"},{"not_picked":["Empty Cage","Philosopher\u0027s Stone"],"picked":"Cursed Key"}],"items_purged_floors":[28],"is_endless":false,"potions_floor_spawned":[2,8,11,23,30,30,31,36,39,40,42,54],"ascension_level":1}}