{"host":"nh1tx9wty0m9wedw","time":1607799428,"event":{"mods":["BaseMod","Colored Map","Colored Powertips","Minty Spire (QoL Compilation)"],"gold_per_floor":[111,111,125,142,155,187,187,202,226,226,238,313,79,79,79,210,210,231,231,78,62,62,62,62,62],"floor_reached":24,"playtime":1535,"items_purged":["Strike_G","Strike_G"],"score":235,"play_id":"a3d6e7d8-486f-4bd6-ba54-ff49d532296f","local_time":"20201212195708","is_ascension_mode":true,"campfire_choices":[{"data":"Caltrops","floor":10,"key":"SMITH"},{"floor":15,"key":"REST"},{"floor":23,"key":"REST"}],"circlet_count":0,"master_deck":["Strike_G","Strike_G","Defend_G","Defend_G","Defend_G","Defend_G","Defend_G","Survivor","Neutralize","Terror","Dash","All Out Attack","Flechettes","Caltrops+1","Dodge and Roll","Flying Knee","Tools of the Trade","Injury","After Image","Dagger Spray","Good Instincts","Dodge and Roll","Blade Dance","Flying Knee","Deadly Poison"],"relics":["Ring of the Snake","NeowsBlessing","StoneCalendar","Orichalcum","Golden Idol","HoveringKite"],"acts_visited":["TheCity"],"potions_floor_usage":[6,6,11],"damage_taken":[{"damage":0.0,"enemies":"Cultist","floor":1.0,"turns":1.0},{"damage":0.0,"enemies":"2 Louse","floor":3.0,"turns":1.0},{"damage":0.0,"enemies":"Jaw Worm","floor":4.0,"turns":1.0},{"damage":0.0,"enemies":"Lots of Slimes","floor":5.0,"turns":5.0},{"damage":12,"enemies":"Gremlin Nob","floor":6,"turns":3},{"damage":0,"enemies":"Looter","floor":8,"turns":3},{"damage":7,"enemies":"Exordium Thugs","floor":11,"turns":5},{"damage":19,"enemies":"Slime Boss","floor":16,"turns":7},{"damage":31,"enemies":"Spheric Guardian","floor":18,"turns":7},{"damage":14,"enemies":"2 Thieves","floor":21,"turns":4},{"damage":54,"enemies":"Gremlin Leader","floor":24,"turns":6}],"seed_played":"6693932003604646915","potions_obtained":[{"floor":1.0,"key":"Block Potion"},{"floor":3.0,"key":"Weak Potion"},{"floor":5,"key":"SkillPotion"},{"floor":8,"key":"GamblersBrew"},{"floor":21,"key":"Ancient Potion"}],"is_trial":false,"path_per_floor":["M","$","M","M","M","E","?","M","T","R","M","?","$","?","R","B",null,"M","?","$","M","?","R","E"],"character_chosen":"THE_SILENT","items_purchased":["Tools of the Trade","Blade Dance"],"campfire_rested":2,"item_purchase_floors":[13,20],"current_hp_per_floor":[70,70,70,70,70,58,58,58,58,58,51,40,40,40,61,42,70,39,39,39,25,25,46,0,0],"gold":62,"neow_bonus":"THREE_ENEMY_KILL","is_daily":false,"chose_seed":false,"campfire_upgraded":1,"win_rate":0.0,"timestamp":1607799428,"path_taken":["M","$","?","M","M","E","?","M","T","R","?","?","$","?","R","BOSS","M","?","$","?","?","R","E"],"items_purchased_type":["Card","Card"],"build_version":"2020-11-30","purchased_purges":2,"victory":false,"max_hp_per_floor":[70,70,70,70,70,70,70,70,70,70,70,70,70,70,70,70,70,70,70,70,70,70,70,70,70],"card_choices":[{"not_picked":["Flechettes","Sucker Punch"],"picked":"Terror","floor":1.0},{"not_picked":["Outmaneuver","Backflip"],"picked":"Dash","floor":3.0},{"not_picked":["Prepared","Expertise"],"picked":"All Out Attack","floor":4.0},{"not_picked":["Dagger Throw","Crippling Poison"],"picked":"Flechettes","floor":5},{"not_picked":["Eviscerate","Setup","Well Laid Plans"],"picked":"SKIP","floor":6},{"not_picked":["Dagger Throw","Deflect"],"picked":"Dodge and Roll","floor":8},{"not_picked":["Calculated Gamble","Deflect"],"picked":"Flying Knee","floor":11},{"not_picked":["A Thousand Cuts","Glass Knife"],"picked":"After Image","floor":16},{"not_picked":["Deadly Poison","Poisoned Stab"],"picked":"Dagger Spray","floor":18},{"not_picked":["Dagger Spray","Wraith Form v2"],"picked":"Flying Knee","floor":21}],"player_experience":503478,"relics_obtained":[{"floor":6,"key":"StoneCalendar"},{"floor":9,"key":"Orichalcum"}],"event_choices":[{"damage_healed":0,"gold_gain":0,"player_choice":"1 cards matched","damage_taken":0,"max_hp_gain":0,"max_hp_loss":0,"event_name":"Match and Keep!","floor":7,"gold_loss":0,"cards_obtained":["Caltrops"]},{"damage_healed":0,"gold_gain":75,"player_choice":"Gather Gold","damage_taken":11,"max_hp_gain":0,"max_hp_loss":0,"event_name":"World of Goop","floor":12,"gold_loss":0},{"damage_healed":0,"gold_gain":0,"player_choice":"Take Wound","damage_taken":0,"relics_obtained":["Golden Idol"],"max_hp_gain":0,"max_hp_loss":0,"event_name":"Golden Idol","floor":14,"gold_loss":0,"cards_obtained":["Injury"]},{"damage_healed":0,"gold_gain":0,"player_choice":"2 cards matched","damage_taken":0,"max_hp_gain":0,"max_hp_loss":0,"event_name":"Match and Keep!","floor":19,"gold_loss":0,"cards_obtained":["Good Instincts","Dodge and Roll"]},{"damage_healed":0,"gold_gain":0,"cards_transformed":["Strike_G"],"player_choice":"Transformed","damage_taken":0,"max_hp_gain":0,"max_hp_loss":0,"event_name":"Transmorgrifier","floor":22,"gold_loss":0,"cards_obtained":["Deadly Poison"]}],"is_beta":false,"boss_relics":[{"not_picked":["Ectoplasm","Empty Cage"],"picked":"HoveringKite"}],"items_purged_floors":[13,20],"is_endless":false,"potions_floor_spawned":[1,3,5,8,21],"killed_by":"Gremlin Leader","ascension_level":4}}