{"host":"se2kry7a7ac49ar7","time":1607769136,"event":{"mods":["BaseMod","Bestiary","Minty Spire (QoL Compilation)","StSLib"],"gold_per_floor":[119,138,156,431,88,114,139,168,180,206,260,272,324,336,348,467,479,516,561,597,609,621,621],"floor_reached":22,"playtime":1161,"items_purged":["Regret"],"score":374,"play_id":"3b742c36-d954-4bbf-baeb-2b9288b1fae5","local_time":"20201212023216","is_ascension_mode":true,"campfire_choices":[{"floor":12,"key":"REST"},{"floor":15,"key":"REST"}],"circlet_count":0,"master_deck":["AscendersBane","Strike_R","Strike_R","Strike_R","Strike_R","Strike_R","Defend_R","Defend_R","Defend_R","Defend_R","Bash","Pommel Strike","Feel No Pain","Seeing Red","Pummel","Heavy Blade","Spot Weakness","True Grit","Double Tap","Carnage","Demon Form","Cleave","Heavy Blade","Offering"],"relics":["Fusion Hammer","Pantograph","MawBank","Eternal Feather","CeramicFish","StoneCalendar","Golden Idol","Mark of Pain"],"acts_visited":["Exordium","TheCity"],"potions_floor_usage":[6,10,20],"damage_taken":[{"damage":0,"enemies":"Cultist","floor":1,"turns":3},{"damage":7,"enemies":"Small Slimes","floor":2,"turns":3},{"damage":4,"enemies":"Jaw Worm","floor":3,"turns":3},{"damage":8,"enemies":"3 Sentries","floor":6,"turns":11},{"damage":9,"enemies":"Red Slaver","floor":7,"turns":2},{"damage":6,"enemies":"Looter","floor":8,"turns":3},{"damage":22,"enemies":"Gremlin Gang","floor":10,"turns":4},{"damage":22,"enemies":"Lagavulin","floor":11,"turns":7},{"damage":30,"enemies":"Gremlin Nob","floor":13,"turns":4},{"damage":39,"enemies":"Hexaghost","floor":16,"turns":8},{"damage":19,"enemies":"3 Byrds","floor":18,"turns":6},{"damage":7,"enemies":"Chosen","floor":19,"turns":3},{"damage":20,"enemies":"Centurion and Healer","floor":20,"turns":3},{"damage":20,"enemies":"Shelled Parasite and Fungi","floor":22,"turns":2}],"seed_played":"1710030833483320478","potions_obtained":[{"floor":3,"key":"BlessingOfTheForge"},{"floor":6,"key":"FairyPotion"},{"floor":7,"key":"BlessingOfTheForge"},{"floor":16,"key":"Ancient Potion"},{"floor":18,"key":"BlessingOfTheForge"}],"is_trial":false,"path_per_floor":["M","M","M","?","$","E","M","M","T","M","E","R","E","?","R","B",null,"M","M","M","?","M"],"character_chosen":"IRONCLAD","items_purchased":["Pantograph"],"campfire_rested":2,"item_purchase_floors":[5],"current_hp_per_floor":[68,61,57,57,57,49,40,34,34,12,15,46,16,16,48,29,58,39,32,12,12,0,0],"gold":621,"neow_bonus":"BOSS_RELIC","is_daily":false,"chose_seed":false,"campfire_upgraded":0,"win_rate":0.0,"timestamp":1607769136,"path_taken":["M","M","M","?","?","E","M","M","T","M","E","R","E","?","R","BOSS","M","M","M","?","?"],"items_purchased_type":["Relic"],"build_version":"2020-11-30","purchased_purges":1,"victory":false,"max_hp_per_floor":[75,75,75,75,75,75,75,75,75,75,75,75,75,68,68,68,68,68,68,68,68,68,68],"card_choices":[{"not_picked":["Thunderclap","Metallicize"],"picked":"Pommel Strike","floor":1},{"not_picked":["Disarm","Thunderclap"],"picked":"Feel No Pain","floor":2},{"not_picked":["Sword Boomerang","Whirlwind"],"picked":"Seeing Red","floor":3},{"not_picked":["Perfected Strike","Searing Blow"],"picked":"Pummel","floor":6},{"not_picked":["Flex","Wild Strike"],"picked":"Heavy Blade","floor":7},{"not_picked":["True Grit","Sword Boomerang"],"picked":"Spot Weakness","floor":8},{"not_picked":["Iron Wave","Cleave"],"picked":"True Grit","floor":10},{"not_picked":["True Grit","Evolve"],"picked":"Double Tap","floor":11},{"not_picked":["Heavy Blade","Rampage"],"picked":"Carnage","floor":13},{"not_picked":["Offering","Brutality"],"picked":"Demon Form","floor":16},{"not_picked":["Wild Strike","Twin Strike"],"picked":"Cleave","floor":18},{"not_picked":["Thunderclap","Rampage"],"picked":"Heavy Blade","floor":19},{"not_picked":["Shrug It Off","Perfected Strike"],"picked":"Offering","floor":20}],"player_experience":634659,"relics_obtained":[{"floor":6,"key":"MawBank"},{"floor":9,"key":"Eternal Feather"},{"floor":11,"key":"CeramicFish"},{"floor":13,"key":"StoneCalendar"}],"event_choices":[{"damage_healed":0,"gold_gain":275,"player_choice":"Desecrate","damage_taken":0,"max_hp_gain":0,"max_hp_loss":0,"event_name":"Golden Shrine","floor":4,"gold_loss":0,"cards_obtained":["Regret"]},{"damage_healed":0,"gold_gain":0,"player_choice":"Lose Max HP","damage_taken":0,"relics_obtained":["Golden Idol"],"max_hp_gain":0,"max_hp_loss":7,"event_name":"Golden Idol","floor":14,"gold_loss":0},{"damage_healed":0,"gold_gain":0,"player_choice":"0 cards matched","damage_taken":0,"max_hp_gain":0,"max_hp_loss":0,"event_name":"Match and Keep!","floor":21,"gold_loss":0,"cards_obtained":[]}],"is_beta":false,"boss_relics":[{"not_picked":["Runic Cube","SacredBark"],"picked":"Mark of Pain"}],"items_purged_floors":[5],"is_endless":false,"potions_floor_spawned":[3,6,7,8,16,18],"killed_by":"Shelled Parasite and Fungi","ascension_level":16}}