{"host":"2461dio7vetlq1z3","time":1607763513,"event":{"mods":["AchievementEnabler","BaseMod","Hermit","Lobotomy","Minty Spire (QoL Compilation)","Relic Stats","StSLib","Waifu the Spire"],"gold_per_floor":[112,130,141,141,154,180,180,209,209,209,227,237,298,298,298,399,399,379,396,416,435,114,114,131,131,131],"floor_reached":25,"playtime":1776,"items_purged":["Strike_P+1"],"score":282,"play_id":"c7db4898-258b-419c-a323-743114ba07f9","local_time":"20201212095833","is_ascension_mode":true,"campfire_choices":[{"floor":7,"key":"REST"},{"data":"BattleHymn","floor":10,"key":"SMITH"},{"data":"Evaluate","floor":15,"key":"SMITH"},{"data":"Establishment","floor":23,"key":"SMITH"}],"circlet_count":0,"master_deck":["Strike_P+1","Defend_P","Defend_P","Defend_P","Eruption","Vigilance","BowlingBash","BattleHymn+1","Consecrate","EmptyMind","DevaForm","Evaluate+1","Evaluate","Protect","Establishment+1","Brilliance+1","Protect+1","WindmillStrike+1","BattleHymn+1","Protect+1","Perseverance"],"relics":["Black Star","Ornamental Fan","Centennial Puzzle","Turnip","Omamori","Pantograph","Nunchaku","Astrolabe","InkBottle"],"acts_visited":["Exordium","TheCity"],"potions_floor_usage":[6,13,20,24,25,25],"damage_taken":[{"damage":2,"enemies":"Cultist","floor":1,"turns":4},{"damage":6,"enemies":"Jaw Worm","floor":2,"turns":5},{"damage":3,"enemies":"Small Slimes","floor":3,"turns":4},{"damage":9,"enemies":"Exordium Wildlife","floor":5,"turns":5},{"damage":12,"enemies":"3 Sentries","floor":6,"turns":4},{"damage":11,"enemies":"Lagavulin","floor":8,"turns":5},{"damage":5,"enemies":"2 Fungi Beasts","floor":11,"turns":3},{"damage":3,"enemies":"Large Slime","floor":12,"turns":4},{"damage":6,"enemies":"3 Sentries","floor":13,"turns":3},{"damage":23,"enemies":"The Guardian","floor":16,"turns":13},{"damage":14,"enemies":"2 Thieves","floor":18,"turns":4},{"damage":1,"enemies":"Spheric Guardian","floor":19,"turns":5},{"damage":15,"enemies":"Centurion and Healer","floor":20,"turns":4},{"damage":11,"enemies":"Sentry and Sphere","floor":21,"turns":5},{"damage":6,"enemies":"Cultist and Chosen","floor":24,"turns":5},{"damage":20,"enemies":"Gremlin Leader","floor":25,"turns":5}],"seed_played":"4216054235599652255","potions_obtained":[{"floor":5,"key":"Explosive Potion"},{"floor":8,"key":"Swift Potion"},{"floor":11,"key":"SteroidPotion"},{"floor":16,"key":"Energy Potion"},{"floor":19,"key":"Dexterity Potion"},{"floor":20,"key":"SkillPotion"},{"floor":24,"key":"SpeedPotion"}],"is_trial":false,"path_per_floor":["M","M","M","?","M","E","R","E","T","R","M","M","?","?","R","B",null,"M","M","M","M","$","R","M","E"],"character_chosen":"WATCHER","items_purchased":["InkBottle"],"campfire_rested":1,"item_purchase_floors":[22],"current_hp_per_floor":[63,57,54,40,31,19,40,29,29,29,24,21,15,15,15,17,58,44,43,28,17,17,17,11,0,0],"gold":131,"neow_bonus":"BOSS_RELIC","is_daily":false,"chose_seed":false,"campfire_upgraded":3,"win_rate":0.0,"timestamp":1607763513,"path_taken":["M","?","M","?","M","E","R","E","T","R","M","M","?","?","R","BOSS","M","M","M","M","$","R","M","E"],"items_purchased_type":["Relic"],"build_version":"2020-11-30","purchased_purges":1,"victory":false,"max_hp_per_floor":[72,72,72,72,72,72,72,72,72,72,72,72,72,72,72,72,72,72,72,72,72,72,72,72,72,72],"relic_stats":{"Centennial Puzzle":[33],"Nunchaku":[7],"counters":[16,78],"Ornamental Fan":[84],"Pantograph":25,"Astrolabe":["Brilliance","Protect","WindmillStrike"],"Turnip":[16],"Black Star":2,"obtain_stats":[{"Centennial Puzzle":6,"Nunchaku":13,"Ornamental Fan":6,"Pantograph":9,"Astrolabe":17,"Turnip":8,"Black Star":0,"Omamori":8,"PureWater":0,"InkBottle":22},{"Centennial Puzzle":5,"Nunchaku":9,"Ornamental Fan":5,"Pantograph":6,"Astrolabe":10,"Turnip":6,"Black Star":0,"Omamori":6,"PureWater":0,"InkBottle":14},{"Centennial Puzzle":22,"Nunchaku":37,"Ornamental Fan":22,"Pantograph":27,"Astrolabe":50,"Turnip":27,"Black Star":0,"Omamori":27,"PureWater":0,"InkBottle":68}],"InkBottle":[3]},"card_choices":[{"not_picked":["Protect","Evaluate"],"picked":"BowlingBash","floor":1},{"not_picked":["Evaluate","Prostrate"],"picked":"BattleHymn","floor":2},{"not_picked":["Swivel","Crescendo"],"picked":"Consecrate","floor":3},{"not_picked":["EmptyFist","Adaptation"],"picked":"EmptyMind","floor":5},{"not_picked":["Indignation","Protect"],"picked":"DevaForm","floor":6},{"not_picked":["Halt","WheelKick"],"picked":"Evaluate","floor":8},{"not_picked":["CutThroughFate","ReachHeaven","Halt"],"picked":"SKIP","floor":11},{"not_picked":["CutThroughFate","ReachHeaven","Halt"],"picked":"SKIP","floor":11},{"not_picked":["ClearTheMind","Pray"],"picked":"Evaluate","floor":12},{"not_picked":["FlurryOfBlows","Tantrum"],"picked":"Protect","floor":13},{"not_picked":["DeusExMachina","Scrawl"],"picked":"Establishment","floor":16},{"not_picked":["Evaluate","Adaptation+1","WreathOfFlame"],"picked":"SKIP","floor":18},{"not_picked":["Halt+1","Protect"],"picked":"BattleHymn+1","floor":19},{"not_picked":["EmptyBody","SandsOfTime"],"picked":"Protect+1","floor":20},{"not_picked":["Prostrate","FollowUp","Halt"],"picked":"SKIP","floor":21},{"not_picked":["WreathOfFlame","Evaluate"],"picked":"Perseverance","floor":24}],"player_experience":635064,"relics_obtained":[{"floor":6,"key":"Ornamental Fan"},{"floor":6,"key":"Centennial Puzzle"},{"floor":8,"key":"Turnip"},{"floor":8,"key":"Omamori"},{"floor":9,"key":"Pantograph"},{"floor":13,"key":"Nunchaku"}],"event_choices":[{"damage_healed":0,"gold_gain":0,"player_choice":"Entered Light","damage_taken":14,"max_hp_gain":0,"max_hp_loss":0,"event_name":"Shining Light","floor":4,"gold_loss":0,"cards_upgraded":["Strike_P","Strike_P"]},{"damage_healed":0,"gold_gain":0,"player_choice":"Searched \u00271\u0027 times","damage_taken":0,"max_hp_gain":0,"max_hp_loss":0,"event_name":"Dead Adventurer","floor":13,"gold_loss":0},{"damage_healed":0,"gold_gain":0,"player_choice":"Ignored","damage_taken":0,"max_hp_gain":0,"max_hp_loss":0,"event_name":"Liars Game","floor":14,"gold_loss":0}],"is_beta":false,"boss_relics":[{"not_picked":["SacredBark","VioletLotus"],"picked":"Astrolabe"}],"items_purged_floors":[22],"is_endless":false,"potions_floor_spawned":[5,8,11,16,19,20,21,24],"killed_by":"Gremlin Leader","ascension_level":6}}