{"host":"w4b7hmige5bnqipq","time":1607734408,"event":{"mods":["BaseMod","Minty Spire (QoL Compilation)","Rare Cards Sparkle","SuperFastMode","everything is the same but u backflip on backflip","slay the spire mod where everything is the same but ironclad has a cowboy hat"],"gold_per_floor":[118,132,57,68,81,81,96,21,70,70,81,93,113,163,163,163,163],"floor_reached":16,"playtime":386,"items_purged":["Regret"],"score":192,"play_id":"9f6433ca-506d-4032-98db-1b91acca1221","local_time":"20201212095328","is_ascension_mode":true,"campfire_choices":[{"data":"Strike_G","floor":6,"key":"PURGE"},{"floor":15,"key":"REST"}],"circlet_count":0,"master_deck":["AscendersBane","Strike_G+1","Strike_G","Strike_G","Defend_G","Defend_G","Defend_G","Defend_G+1","Defend_G","Survivor","Neutralize","Dagger Spray","Masterful Stab","Bouncing Flask","Crippling Poison","Catalyst","Adrenaline"],"relics":["Ring of the Snake","Peace Pipe","MealTicket"],"acts_visited":["Exordium"],"potions_floor_usage":[],"damage_taken":[{"damage":9,"enemies":"Small Slimes","floor":1,"turns":5},{"damage":1,"enemies":"2 Louse","floor":2,"turns":3},{"damage":1,"enemies":"Cultist","floor":4,"turns":3},{"damage":6,"enemies":"Blue Slaver","floor":5,"turns":4},{"damage":2,"enemies":"3 Louse","floor":7,"turns":4},{"damage":3,"enemies":"Looter","floor":11,"turns":3},{"damage":14,"enemies":"Large Slime","floor":12,"turns":9},{"damage":0,"enemies":"Lots of Slimes","floor":13,"turns":2},{"damage":18,"enemies":"Slime Boss","floor":16,"turns":6}],"seed_played":"8938702590157069435","potions_obtained":[{"floor":2,"key":"SteroidPotion"},{"floor":4,"key":"FearPotion"}],"is_trial":false,"path_per_floor":["M","M","$","M","M","R","M","?","T","?","M","M","M","?","R","B"],"character_chosen":"THE_SILENT","items_purchased":[],"campfire_rested":1,"item_purchase_floors":[],"current_hp_per_floor":[50,49,49,48,42,42,40,40,40,20,17,3,3,3,22,4,4],"gold":163,"neow_bonus":"ONE_RARE_RELIC","is_daily":false,"chose_seed":false,"campfire_upgraded":0,"win_rate":0.0,"timestamp":1607734408,"path_taken":["M","M","$","M","M","R","M","?","T","?","M","M","M","?","R","BOSS"],"items_purchased_type":[],"build_version":"2020-11-30","purchased_purges":1,"victory":false,"max_hp_per_floor":[66,66,66,66,66,66,66,66,66,66,66,66,66,66,66,66,66],"card_choices":[{"not_picked":["Deflect","Dodge and Roll"],"picked":"Dagger Spray","floor":1},{"not_picked":["Bane","Eviscerate"],"picked":"Masterful Stab","floor":2},{"not_picked":["Choke","Cloak And Dagger"],"picked":"Bouncing Flask","floor":4},{"not_picked":["Slice","Dodge and Roll"],"picked":"Crippling Poison","floor":5},{"not_picked":["Masterful Stab","PiercingWail"],"picked":"Catalyst","floor":7},{"not_picked":["Skewer","Expertise","Sucker Punch"],"picked":"SKIP","floor":11},{"not_picked":["Flying Knee","Tactician"],"picked":"Adrenaline","floor":12},{"not_picked":["Quick Slash","Caltrops","Choke"],"picked":"SKIP","floor":13}],"player_experience":378944,"relics_obtained":[{"floor":9,"key":"MealTicket"}],"event_choices":[{"cards_removed":["Strike_G"],"damage_healed":0,"gold_gain":0,"player_choice":"Card Removal","damage_taken":0,"max_hp_gain":0,"max_hp_loss":0,"event_name":"The Cleric","floor":8,"gold_loss":75},{"damage_healed":0,"gold_gain":0,"player_choice":"Entered Light","damage_taken":20,"max_hp_gain":0,"max_hp_loss":0,"event_name":"Shining Light","floor":10,"gold_loss":0,"cards_upgraded":["Defend_G","Strike_G"]},{"damage_healed":0,"gold_gain":50,"player_choice":"Pray","damage_taken":0,"max_hp_gain":0,"max_hp_loss":0,"event_name":"Golden Shrine","floor":14,"gold_loss":0}],"is_beta":false,"boss_relics":[],"items_purged_floors":[3],"is_endless":false,"potions_floor_spawned":[2,4,7,12],"killed_by":"Slime Boss","ascension_level":20}}