{"host":"87w2793jpavfbt1o","time":1607740824,"event":{"mods":["AchievementEnabler","Aspiration","BaseMod","Better Altar","Better Match","Better Note","Better Sensory Stone","Better Skull","Better Third Choice","Better Vampires","BetterRewards","Conspire","Displayed Cursed Tome","Downfall","Energized Spire","Filter the Spire","Halation","Highlight Path","Hubris","Infinite Spire","Marked Mod","Minty Spire (QoL Compilation)","Practice Mode","Prisma Mod","Relic Filter","Relic Sorter","Replay The Spire","SIMod","Shop Mod","StSLib","TestMod","??????REMEMod"],"gold_per_floor":[135,165,186,186,186,215,262,262,262,262,346,346,146,184,184,367,367,510,510,573,573,675,751,751],"floor_reached":23,"playtime":2065,"items_purged":[],"score":495,"play_id":"478fc6f1-0e72-44ed-bddd-a5d9131b3994","local_time":"20201211184024","is_ascension_mode":true,"campfire_choices":[{"floor":8,"key":"REST"},{"floor":15,"key":"RECALL"}],"circlet_count":0,"master_deck":["Strike_B","Strike_B+1","Strike_B","Strike_B","Defend_B","Defend_B","Defend_B","Defend_B+1","Zap","Dualcast","Juggernaut","Gash","Steam","BasicCrystalCard","REME_SelfUpgrade","Steam Power","Injury","Fission+1","hubris:Ukulele","ReplayTheSpireMod:Omega Cannon","hubris:DoWhile","conspire:SpireCoStock","conspire:SpireCoStock","conspire:SpireCoStock","conspire:SpireCoStock","Mirror Shield","Meteor Strike","Static Discharge+1","infinitespire:UltimateForm+1","Self Repair+1","Capacitor+1"],"relics":["Cracked Core","REME_ComplimentaryCards","testmod-TestBox","testmod-AscensionHeart","Replay:Bandana","Frozen Egg 2","Shuriken","Ring of Misfortune","ReplayTheSpireMod:Ring of Addiction","Chameleon Ring","hubris:EmptyBottle","Lantern","Simple Rune","aspiration:PoetsPen","aspiration:RitualDagger"],"acts_visited":["Exordium","TheCity"],"potions_floor_usage":[11,11,11,11,11,11,14,14,14,14,16,16,16,16,22,22],"damage_taken":[{"damage":4,"enemies":"Jaw Worm","floor":1,"turns":4},{"damage":16,"enemies":"Small Slimes","floor":2,"turns":3},{"damage":16,"enemies":"2 Louse","floor":3,"turns":3},{"damage":5,"enemies":"Looter","floor":6,"turns":2},{"damage":29,"enemies":"3 Sentries","floor":7,"turns":6},{"damage":0,"enemies":"Lagavulin","floor":11,"turns":2},{"damage":0,"enemies":"Gremlin Nob","floor":14,"turns":2},{"damage":0,"enemies":"Slime Boss","floor":16,"turns":6},{"damage":13,"enemies":"3 Byrds","floor":18,"turns":4},{"damage":31,"enemies":"2 Thieves","floor":20,"turns":2},{"damage":35,"enemies":"Cultist and Chosen","floor":22,"turns":4},{"damage":89,"enemies":"Nightmare","floor":23,"turns":3}],"seed_played":"-4706926189198074114","potions_obtained":[{"floor":10,"key":"AttackPotion"},{"floor":10,"key":"Strength Potion"},{"floor":10,"key":"Adrenaline Potion"},{"floor":11,"key":"Swift Potion"},{"floor":12,"key":"Toxic Potion"},{"floor":12,"key":"Fire Potion"},{"floor":14,"key":"Swift Potion"},{"floor":18,"key":"FearPotion"}],"is_trial":false,"path_per_floor":["M","M","M","?","?","M","E","R","T","?","E","R","?","E","R","B",null,"M","AVR","M","?","M","NM"],"character_chosen":"DEFECT","items_purchased":["Replay:Bandana","Gash","REME_SelfUpgrade","Steam"],"campfire_rested":1,"item_purchase_floors":[0,0,0,0],"current_hp_per_floor":[71,55,39,39,39,34,5,27,27,27,27,27,27,27,27,27,75,62,62,31,31,73,0,0],"gold":751,"neow_bonus":"","is_daily":false,"chose_seed":false,"campfire_upgraded":0,"win_rate":0.0,"timestamp":1607740824,"path_taken":["M","M","M","?","?","M","E","R","T","?","E","R","?","E","R","BOSS","M","AVR","M","?","M","NM"],"items_purchased_type":["Relic","Card","Card","Card"],"build_version":"2020-11-30","purchased_purges":0,"victory":false,"max_hp_per_floor":[75,75,75,75,75,75,75,75,75,75,75,75,75,75,75,75,75,75,75,73,73,73,73,73],"card_choices":[{"not_picked":["Panic Button","BootSequence","Hello World"],"picked":"BasicCrystalCard","floor":1},{"not_picked":["Leap","Steam","Stack"],"picked":"REME_SelfUpgrade","floor":2},{"not_picked":["Auto Shields","Go for the Eyes","Cold Snap","Coolheaded"],"picked":"Steam Power","floor":3},{"not_picked":["BasicCrystalCard","Stack"],"picked":"hubris:Ukulele","floor":6},{"not_picked":["Fission","ReplayTheSpireMod:Fabricate Wheel","hubris:DoWhile"],"picked":"ReplayTheSpireMod:Omega Cannon","floor":7},{"not_picked":["ReplayTheSpireMod:Omega Cannon","All For One","ReplayTheSpireMod:Fabricate Wheel"],"picked":"hubris:DoWhile","floor":11},{"not_picked":["ReplayRNGCard","Multi-Cast","REME_ForAll","ReplayTheSpireMod:Omega Cannon"],"picked":"Mirror Shield","floor":14},{"not_picked":["Reboot","Biased Cognition+1","Hyperbeam"],"picked":"Meteor Strike","floor":16},{"not_picked":["Barrage+1","Chaos+1","Turbo"],"picked":"Static Discharge+1","floor":18},{"not_picked":["Steam","Sweeping Beam","BasicCrystalCard"],"picked":"Self Repair+1","floor":20},{"not_picked":["Turbo","Leap","Chill"],"picked":"Capacitor+1","floor":22}],"player_experience":618375,"relics_obtained":[{"floor":7,"key":"Shuriken"},{"floor":10,"key":"Ring of Misfortune"},{"floor":10,"key":"ReplayTheSpireMod:Ring of Addiction"},{"floor":10,"key":"Chameleon Ring"},{"floor":10,"key":"hubris:EmptyBottle"},{"floor":11,"key":"Lantern"},{"floor":14,"key":"Simple Rune"}],"event_choices":[{"damage_healed":0,"gold_gain":0,"player_choice":"Invest 4","damage_taken":0,"max_hp_gain":0,"max_hp_loss":0,"event_name":"conspire:Investor","floor":13,"gold_loss":0},{"cards_removed":["Looming Evil"],"damage_healed":0,"gold_gain":0,"player_choice":"Elegance","damage_taken":0,"max_hp_gain":0,"max_hp_loss":0,"event_name":"betterThird:BetterWriting","floor":21,"gold_loss":0}],"is_beta":false,"boss_relics":[{"not_picked":["SlaversCollar","testmod-Fanaticism"],"picked":"aspiration:PoetsPen"}],"items_purged_floors":[],"is_endless":false,"potions_floor_spawned":[11,14,18],"killed_by":"Nightmare","ascension_level":3}}