{"host":"qw1m3zcvi888b4j7","time":1607812889,"event":{"mods":["AchievementEnabler","BaseMod","Block Reminder","Colored Map","Colored Powertips","Highlight Path","Minty Spire (QoL Compilation)","Quick Restart","Relic Stats"],"gold_per_floor":[118,137,212,387,352,352,365,365,365,365,383,28,28,42,42,144,144,160,178,178,178,193,193,223,223,250,10,37,37,54,66,66,163,163,175,192,192,205,205,205,205],"floor_reached":40,"playtime":1915,"items_purged":["Doubt"],"score":441,"play_id":"f1a05d83-b008-4a1c-8837-c50b411bbda8","local_time":"20201212234129","is_ascension_mode":false,"campfire_choices":[{"data":"A Thousand Cuts","floor":6,"key":"SMITH"},{"data":"Dodge and Roll","floor":8,"key":"SMITH"},{"data":"Neutralize","floor":10,"key":"SMITH"},{"floor":15,"key":"REST"},{"data":"Bullet Time","floor":23,"key":"SMITH"},{"floor":25,"key":"REST"},{"floor":32,"key":"REST"}],"circlet_count":0,"master_deck":["Strike_G","Strike_G","Strike_G","Strike_G","Strike_G","Defend_G","Defend_G","Defend_G","Defend_G","Defend_G","Survivor","Neutralize+1","A Thousand Cuts+1","Dodge and Roll+1","Poisoned Stab","Corpse Explosion","Backflip","Well Laid Plans","Caltrops","Bullet Time+1","Outmaneuver+1","Flying Knee+1","Infinite Blades","Flying Knee+1","After Image","Backstab+1","Underhanded Strike+1","Bane+1","Phantasmal Killer","Flying Knee+1","Tactician+1","Dramatic Entrance+1","Finesse","Dark Shackles","Predator+1","Pain"],"relics":["Ring of the Snake","Regal Pillow","Letter Opener","Molten Egg 2","Philosopher\u0027s Stone","Mango","MutagenicStrength","Snake Skull","Lantern","Kunai","StoneCalendar","Cursed Key","WarpedTongs"],"acts_visited":["Exordium","TheCity","TheBeyond"],"potions_floor_usage":[16,24,30,38,38,40],"damage_taken":[{"damage":9,"enemies":"2 Louse","floor":1,"turns":4},{"damage":0,"enemies":"Jaw Worm","floor":2,"turns":6},{"damage":1,"enemies":"Cultist","floor":7,"turns":5},{"damage":16,"enemies":"Exordium Thugs","floor":11,"turns":4},{"damage":7,"enemies":"Looter","floor":14,"turns":3},{"damage":23,"enemies":"Hexaghost","floor":16,"turns":9},{"damage":1,"enemies":"Shell Parasite","floor":18,"turns":6},{"damage":30,"enemies":"Spheric Guardian","floor":19,"turns":5},{"damage":16,"enemies":"Centurion and Healer","floor":22,"turns":5},{"damage":33,"enemies":"Slavers","floor":24,"turns":3},{"damage":20,"enemies":"Book of Stabbing","floor":28,"turns":5},{"damage":18,"enemies":"Snake Plant","floor":30,"turns":4},{"damage":13,"enemies":"Shelled Parasite and Fungi","floor":31,"turns":4},{"damage":17,"enemies":"Collector","floor":33,"turns":8},{"damage":20,"enemies":"Orb Walker","floor":35,"turns":3},{"damage":20,"enemies":"3 Shapes","floor":36,"turns":3},{"damage":0,"enemies":"3 Darklings","floor":38,"turns":2},{"damage":39,"enemies":"Nemesis","floor":40,"turns":4}],"seed_played":"-5152925934937954771","potions_obtained":[{"floor":2,"key":"CunningPotion"},{"floor":14,"key":"DuplicationPotion"},{"floor":19,"key":"Block Potion"},{"floor":22,"key":"FairyPotion"},{"floor":24,"key":"BlessingOfTheForge"},{"floor":33,"key":"Swift Potion"},{"floor":35,"key":"PowerPotion"}],"is_trial":false,"path_per_floor":["M","M","?","?","?","R","M","R","T","R","M","$","T","M","R","B",null,"M","M","?","?","M","R","E","R","T","$","E","?","M","M","R","B",null,"M","M","?","M","?","E"],"character_chosen":"THE_SILENT","items_purchased":["Letter Opener","Well Laid Plans","Kunai"],"campfire_rested":3,"item_purchase_floors":[12,12,27],"current_hp_per_floor":[61,61,50,50,67,67,66,66,66,66,50,50,50,43,70,47,70,69,39,53,53,37,37,4,44,44,44,24,24,6,24,64,47,84,64,44,34,34,34,0,0],"gold":205,"neow_bonus":"ONE_RANDOM_RARE_CARD","is_daily":false,"chose_seed":false,"campfire_upgraded":4,"win_rate":0.0,"timestamp":1607812889,"path_taken":["M","M","?","?","?","R","M","R","T","R","M","$","?","?","R","BOSS","M","M","?","?","M","R","E","R","T","$","E","?","M","M","R","BOSS","M","M","?","M","?","E"],"items_purchased_type":["Relic","Card","Relic"],"build_version":"2020-11-30","purchased_purges":1,"victory":false,"max_hp_per_floor":[70,70,70,70,70,70,70,70,70,70,70,70,70,70,70,70,70,70,70,84,84,84,84,84,84,84,84,84,84,84,84,84,84,84,84,84,84,84,84,84,84],"relic_stats":{"Regal Pillow":36,"counters":[18,83],"StoneCalendar":[52],"Snake Skull":[16],"Letter Opener":[87],"Kunai":[17],"Cursed Key":0,"obtain_stats":[{"Regal Pillow":9,"Lantern":26,"Mango":20,"StoneCalendar":28,"Snake Skull":24,"Letter Opener":12,"Cursed Key":34,"WarpedTongs":39,"MutagenicStrength":21,"Molten Egg 2":13,"Philosopher\u0027s Stone":17,"Kunai":27,"Ring of the Snake":0},{"Regal Pillow":3,"Lantern":10,"Mango":8,"StoneCalendar":11,"Snake Skull":10,"Letter Opener":4,"Cursed Key":14,"WarpedTongs":17,"MutagenicStrength":8,"Molten Egg 2":4,"Philosopher\u0027s Stone":6,"Kunai":10,"Ring of the Snake":0},{"Regal Pillow":15,"Lantern":50,"Mango":42,"StoneCalendar":55,"Snake Skull":50,"Letter Opener":19,"Cursed Key":71,"WarpedTongs":79,"MutagenicStrength":42,"Molten Egg 2":19,"Philosopher\u0027s Stone":31,"Kunai":50,"Ring of the Snake":0}],"Ring of the Snake":[36],"WarpedTongs":[4]},"card_choices":[{"not_picked":["Outmaneuver","Backflip"],"picked":"Dodge and Roll","floor":1},{"not_picked":["Sucker Punch","All Out Attack"],"picked":"Poisoned Stab","floor":2},{"not_picked":["Blade Dance","Noxious Fumes"],"picked":"Corpse Explosion","floor":7},{"not_picked":["Outmaneuver","Calculated Gamble"],"picked":"Backflip","floor":11},{"not_picked":["Blade Dance","Deadly Poison"],"picked":"Caltrops","floor":14},{"not_picked":["Adrenaline","Unload+1"],"picked":"Bullet Time","floor":16},{"not_picked":["Dodge and Roll","Footwork"],"picked":"Outmaneuver+1","floor":18},{"not_picked":["Escape Plan","Distraction+1"],"picked":"Flying Knee+1","floor":19},{"not_picked":["Predator+1","Deflect"],"picked":"Infinite Blades","floor":22},{"not_picked":["Riddle With Holes+1","Deflect"],"picked":"Flying Knee+1","floor":24},{"not_picked":["Poisoned Stab+1","Sucker Punch+1"],"picked":"After Image","floor":28},{"not_picked":["Deflect","Prepared"],"picked":"Underhanded Strike+1","floor":30},{"not_picked":["Sucker Punch+1","Poisoned Stab+1"],"picked":"Bane+1","floor":31},{"not_picked":["Night Terror","Unload+1"],"picked":"Phantasmal Killer","floor":33},{"not_picked":["Slice+1","Flechettes+1"],"picked":"Flying Knee+1","floor":35},{"not_picked":["Footwork+1","Dagger Spray+1"],"picked":"Tactician+1","floor":36},{"not_picked":["Bandage Up","Enlightenment"],"picked":"Dramatic Entrance+1","floor":37},{"not_picked":["Thinking Ahead","PanicButton"],"picked":"Finesse","floor":37},{"not_picked":["Forethought","Secret Weapon"],"picked":"Dark Shackles","floor":37},{"not_picked":["Riddle With Holes+1","Slice+1"],"picked":"Predator+1","floor":38}],"player_experience":25562,"relics_obtained":[{"floor":9,"key":"Regal Pillow"},{"floor":13,"key":"Molten Egg 2"},{"floor":24,"key":"Snake Skull"},{"floor":26,"key":"Lantern"},{"floor":28,"key":"StoneCalendar"}],"event_choices":[{"damage_healed":0,"gold_gain":75,"player_choice":"Gather Gold","damage_taken":11,"max_hp_gain":0,"max_hp_loss":0,"event_name":"World of Goop","floor":3,"gold_loss":0},{"damage_healed":0,"gold_gain":175,"player_choice":"AGREE","damage_taken":0,"max_hp_gain":0,"max_hp_loss":0,"event_name":"Liars Game","floor":4,"gold_loss":0,"cards_obtained":["Doubt"]},{"damage_healed":17,"gold_gain":0,"player_choice":"Healed","damage_taken":0,"max_hp_gain":0,"max_hp_loss":0,"event_name":"The Cleric","floor":5,"gold_loss":35},{"damage_healed":0,"gold_gain":0,"player_choice":"Opened","damage_taken":0,"relics_obtained":["Mango"],"max_hp_gain":0,"max_hp_loss":0,"event_name":"The Mausoleum","floor":20,"gold_loss":0},{"damage_healed":0,"gold_gain":0,"player_choice":"Inject Mutagens","damage_taken":0,"relics_obtained":["MutagenicStrength"],"max_hp_gain":0,"max_hp_loss":0,"event_name":"Drug Dealer","floor":21,"gold_loss":0},{"damage_healed":0,"gold_gain":0,"player_choice":"Read","damage_taken":0,"max_hp_gain":0,"max_hp_loss":0,"event_name":"The Library","floor":29,"gold_loss":0,"cards_obtained":["Backstab"]},{"damage_healed":0,"gold_gain":0,"player_choice":"Memory 3","damage_taken":10,"max_hp_gain":0,"max_hp_loss":0,"event_name":"SensoryStone","floor":37,"gold_loss":0},{"damage_healed":0,"gold_gain":0,"player_choice":"Rummage","damage_taken":0,"relics_obtained":["WarpedTongs"],"max_hp_gain":0,"max_hp_loss":0,"event_name":"Accursed Blacksmith","floor":39,"gold_loss":0,"cards_obtained":["Pain"]}],"is_beta":false,"boss_relics":[{"not_picked":["Empty Cage","Tiny House"],"picked":"Philosopher\u0027s Stone"},{"not_picked":["Busted Crown","Fusion Hammer"],"picked":"Cursed Key"}],"items_purged_floors":[12],"is_endless":false,"potions_floor_spawned":[2,14,19,22,24,33,35],"killed_by":"Nemesis","ascension_level":0}}