{"host":"ln6xh2dj126ndm3e","time":1607813480,"event":{"mods":["AchievementEnabler","Aspiration","Astrologer","BaseMod","Better Altar","Better Match","Better Note","Better Sensory Stone","Better Skull","Better Third Choice","BetterRewards","CCEM","Colored Map","Conspire","Downfall","GifTheSpireLib","Halation","Highlight Path","Hubris","Infinite Spire","Minty Spire (QoL Compilation)","Permanent Neow","Replay The Spire","Shop Mod","Spicy Shops","StSLib","Unceasing Turn Reminder"],"gold_per_floor":[119,119,133,152,152,152,152,183,206,156,156,187,197,217,217,318,318,336,336,349,375,375,375,1,24,24,35,49,61,61,73,73,173,173,186,201,201,201,0,0,15,35,35,35,54,54,54,72,72,72,72],"floor_reached":50,"playtime":4459,"items_purged":["Bane+1"],"score":554,"play_id":"3845a561-58c8-487e-bd12-b503099b5606","local_time":"20201212165120","is_ascension_mode":false,"campfire_choices":[{"data":"astrologer:Fireball","floor":6,"key":"SMITH"},{"floor":15,"key":"REST"},{"data":"astrologer:Novile","floor":23,"key":"SMITH"},{"floor":30,"key":"REST"},{"floor":32,"key":"REST"},{"data":"expansioncontent:AwakenDeath","floor":40,"key":"SMITH"},{"data":"astrologer:TheEmpress","floor":47,"key":"SMITH"},{"floor":49,"key":"REST"}],"circlet_count":0,"master_deck":["conspire:GhostlyStrike","conspire:GhostlyStrike","conspire:GhostlyDefend","conspire:GhostlyDefend","conspire:GhostlyDefend","astrologer:NorthStar","astrologer:TheFool","astrologer:TheChariot","astrologer:Prestidigitation","astrologer:FrozenStar","astrologer:Fireball+1","astrologer:NeutronStar+1","Pot Of Greed","Pot Of Greed","astrologer:SpaceDust","astrologer:Novile+1","astrologer:Retelling","astrologer:TheMagician+1","astrologer:Prismatic","Choke+1","Setup","Pot Of Greed","astrologer:Stardust","Replay:SS_fish_3+1","astrologer:TheHangedMan","astrologer:Divination+1","astrologer:FadingStar+1","astrologer:Shine","astrologer:Nova","astrologer:TheEmpress+1","astrologer:NeutronStar+1","expansioncontent:AwakenDeath+1","Finesse","astrologer:Conjunction+1","Pot Of Greed","astrologer:FrozenStar+1","astrologer:MeteorShower+1","astrologer:SolarFlare"],"relics":["astrologer:SkyMirror","Molten Egg 2","Anchor","Grinning Jar","Replay:WaspNest","aspiration:PoetsPen_weak","CCEMRelics:PorcelainBowl","White Beast Statue","halation:QuantumPhysicsTextbook","halation:PromiseList","halation:KoshaPiece","conspire:RunicOctahedron","Red Mask","Pantograph"],"acts_visited":["Exordium","TheCity","TheBeyond"],"potions_floor_usage":[16,16,33,41,50,50],"damage_taken":[{"damage":0,"enemies":"Jaw Worm","floor":1,"turns":5},{"damage":1,"enemies":"Cultist","floor":3,"turns":6},{"damage":0,"enemies":"conspire:RoseBush","floor":4,"turns":3},{"damage":0,"enemies":"Replay:BlueRogue","floor":8,"turns":6},{"damage":30,"enemies":"Gremlin Nob","floor":12,"turns":4},{"damage":0,"enemies":"Large Slime","floor":13,"turns":5},{"damage":0,"enemies":"3 Louse","floor":14,"turns":3},{"damage":21,"enemies":"Slime Boss","floor":16,"turns":8},{"damage":0,"enemies":"Chosen","floor":18,"turns":5},{"damage":8,"enemies":"conspire:FuzzyDice","floor":20,"turns":6},{"damage":40,"enemies":"3 Cultists","floor":27,"turns":4},{"damage":0,"enemies":"Centurion and Healer","floor":28,"turns":2},{"damage":5,"enemies":"Chosen and Byrds","floor":29,"turns":6},{"damage":17,"enemies":"Cultist and Chosen","floor":31,"turns":5},{"damage":82,"enemies":"hubris:MusketHawk","floor":33,"turns":10},{"damage":35,"enemies":"3 Darklings","floor":35,"turns":6},{"damage":2,"enemies":"3 Shapes","floor":36,"turns":5},{"damage":37,"enemies":"Jaw Worm Horde","floor":41,"turns":4},{"damage":24,"enemies":"Sphere and 2 Shapes","floor":42,"turns":6},{"damage":25,"enemies":"Maw","floor":45,"turns":7},{"damage":25,"enemies":"Writhing Mass","floor":48,"turns":6},{"damage":108,"enemies":"Awakened One","floor":50,"turns":5}],"seed_played":"537654236811422643","potions_obtained":[{"floor":3,"key":"GamblersBrew"},{"floor":4,"key":"BlessingOfTheForge"},{"floor":14,"key":"sneckomod:MuddlingPotion"},{"floor":16,"key":"BlessingOfTheForge"},{"floor":18,"key":"BlessingOfTheForge"},{"floor":27,"key":"Venom Potion"},{"floor":31,"key":"FairyPotion"},{"floor":33,"key":"Energy Potion"},{"floor":35,"key":"LiquidMemories"},{"floor":41,"key":"Fruit Juice"},{"floor":42,"key":"Toxic Potion"}],"is_trial":false,"path_per_floor":["M","?","M","M","?","R","?","E","T","?","?","E","M","M","R","B",null,"M","?","M","T","?","R","$","T","T","M","M","M","R","M","R","B",null,"M","M","?","?","?","R","M","M","T","?","M","?","R","M","R","B"],"character_chosen":"ASTROLOGER","items_purchased":["White Beast Statue","halation:QuantumPhysicsTextbook","Replay:SS_fish_3+1"],"campfire_rested":4,"item_purchase_floors":[24,24,24],"current_hp_per_floor":[70,70,69,69,69,69,69,69,69,69,70,40,40,40,61,40,70,70,70,62,62,62,62,62,62,62,22,22,17,38,21,42,8,70,35,33,61,61,61,61,29,5,5,5,60,60,60,35,54,0,0],"gold":72,"neow_bonus":"ONE_RANDOM_RARE_CARD","is_daily":false,"chose_seed":false,"campfire_upgraded":4,"win_rate":0.0,"timestamp":1607813480,"path_taken":["M","?","M","?","?","R","?","E","T","?","?","E","M","?","R","BOSS","M","?","M","?","?","R","$","?","T","M","M","M","R","?","R","BOSS","M","M","?","?","?","R","M","M","T","?","M","?","R","?","R","BOSS"],"items_purchased_type":["Relic","Relic","Card"],"build_version":"2020-11-30","purchased_purges":1,"victory":false,"max_hp_per_floor":[70,70,70,70,70,70,70,70,70,70,70,70,70,70,70,70,70,70,70,70,70,70,70,70,70,70,70,70,70,70,70,70,70,70,70,70,61,61,61,61,66,66,66,66,66,66,66,66,66,66,66],"card_choices":[{"not_picked":["astrologer:Eclipse","astrologer:Still"],"picked":"astrologer:Prestidigitation","floor":1},{"not_picked":["astrologer:CometStrike","astrologer:StarOfChange"],"picked":"astrologer:FrozenStar","floor":3},{"not_picked":["astrologer:SolarFlare","astrologer:Divination"],"picked":"astrologer:Fireball","floor":4},{"not_picked":["astrologer:Opposition+1","astrologer:SolarFlare"],"picked":"astrologer:NeutronStar+1","floor":8},{"not_picked":["astrologer:MeteorShower+1","astrologer:Temperance"],"picked":"astrologer:SpaceDust","floor":12},{"not_picked":["astrologer:ReadTheStars","astrologer:StarOfRegret+1"],"picked":"astrologer:Novile","floor":13},{"not_picked":["astrologer:Eclipse+1","astrologer:Moonlight"],"picked":"astrologer:Retelling","floor":14},{"not_picked":["astrologer:Fate","astrologer:DarkMatter"],"picked":"astrologer:TheMagician+1","floor":16},{"not_picked":["astrologer:TheHierophant+1","astrologer:Premeditation"],"picked":"astrologer:Prismatic","floor":18},{"not_picked":["astrologer:MeteorShower+1","astrologer:Strength"],"picked":"astrologer:Stardust","floor":20},{"not_picked":["astrologer:MeteorShower+1","astrologer:Conjunction"],"picked":"astrologer:TheHangedMan","floor":27},{"not_picked":["astrologer:Stardust","astrologer:TheMoon"],"picked":"astrologer:Divination+1","floor":28},{"not_picked":["astrologer:ReadTheStars","astrologer:FrozenStar"],"picked":"astrologer:FadingStar+1","floor":29},{"not_picked":["astrologer:Opposition+1","astrologer:MeteorShower+1"],"picked":"astrologer:Shine","floor":31},{"not_picked":["astrologer:TheSun+1","astrologer:Death+1"],"picked":"astrologer:Nova","floor":33},{"not_picked":["astrologer:ReadTheStars","astrologer:Temperance+1"],"picked":"astrologer:TheEmpress","floor":35},{"not_picked":["astrologer:SolarFlare","astrologer:TheTower+1"],"picked":"astrologer:NeutronStar+1","floor":36},{"not_picked":["Replay:SS_fish_3+1","PanicButton"],"picked":"expansioncontent:AwakenDeath","floor":38},{"not_picked":["Replay:SS_hec_4+1","expansioncontent:CaCaw"],"picked":"Finesse","floor":38},{"not_picked":["astrologer:Still+1","astrologer:Opposition+1"],"picked":"astrologer:Conjunction+1","floor":41},{"not_picked":["astrologer:CometStrike+1","astrologer:SpaceDust"],"picked":"astrologer:FrozenStar+1","floor":42},{"not_picked":["astrologer:Fireball+1","astrologer:ReadTheStars+1"],"picked":"astrologer:MeteorShower+1","floor":45},{"not_picked":["astrologer:Death+1","astrologer:MeteorShower+1"],"picked":"astrologer:SolarFlare","floor":48}],"player_experience":430091,"relics_obtained":[{"floor":8,"key":"Anchor"},{"floor":9,"key":"Grinning Jar"},{"floor":12,"key":"Replay:WaspNest"},{"floor":21,"key":"CCEMRelics:PorcelainBowl"},{"floor":25,"key":"halation:PromiseList"},{"floor":26,"key":"halation:KoshaPiece"},{"floor":43,"key":"Pantograph"}],"event_choices":[{"damage_healed":0,"gold_gain":0,"player_choice":"Ignored","damage_taken":0,"max_hp_gain":0,"max_hp_loss":0,"event_name":"betterNote:BetterNote","floor":2,"gold_loss":0,"cards_obtained":["Defend_R"]},{"damage_healed":0,"gold_gain":0,"player_choice":"Agree","damage_taken":0,"max_hp_gain":0,"max_hp_loss":0,"event_name":"conspire:LoneGhost","floor":5,"gold_loss":0},{"cards_removed":["Injury"],"damage_healed":0,"gold_gain":0,"player_choice":"Card Removal","damage_taken":0,"max_hp_gain":0,"max_hp_loss":0,"event_name":"The Cleric","floor":10,"gold_loss":50},{"damage_healed":1,"gold_gain":0,"player_choice":"Full Heal","damage_taken":0,"max_hp_gain":0,"max_hp_loss":0,"event_name":"Wheel of Change","floor":11,"gold_loss":0},{"damage_healed":61,"gold_gain":0,"player_choice":"Heal","damage_taken":0,"max_hp_gain":0,"max_hp_loss":9,"event_name":"The Moai Head","floor":37,"gold_loss":0},{"damage_healed":0,"gold_gain":3,"player_choice":"1","damage_taken":0,"max_hp_gain":0,"max_hp_loss":0,"event_name":"betterStone:BetterStone","floor":38,"gold_loss":0},{"damage_healed":0,"gold_gain":0,"player_choice":"Paid","damage_taken":0,"relics_obtained":["Red Mask"],"max_hp_gain":0,"max_hp_loss":0,"event_name":"Tomb of Lord Red Mask","floor":39,"gold_loss":201},{"damage_healed":0,"gold_gain":0,"player_choice":"Ignored","damage_taken":0,"max_hp_gain":0,"max_hp_loss":0,"event_name":"Mysterious Sphere","floor":44,"gold_loss":0},{"damage_healed":0,"gold_gain":0,"player_choice":"Bought 0 Potions","damage_taken":0,"max_hp_gain":0,"max_hp_loss":0,"event_name":"The Woman in Blue","floor":46,"gold_loss":0}],"is_beta":false,"boss_relics":[{"not_picked":["Runic Pyramid","CCEMRelics:TransientCore"],"picked":"aspiration:PoetsPen_weak"},{"not_picked":["halation:SmartPhone","ReplayTheSpireMod:DimensionalGlitch"],"picked":"conspire:RunicOctahedron"}],"items_purged_floors":[24],"is_endless":false,"potions_floor_spawned":[3,4,14,16,18,27,28,29,31,33,35,36,41,42,45,48],"killed_by":"Awakened One","ascension_level":0}}