{"host":"hzyv8pm5uot6l4n9","time":1607810142,"event":{"mods":["Act Like it!","Aspiration","BaseMod","Better Note","Better Third Choice","BetterRewards","Conspire","Dota2Spire","Energized Spire","GifTheSpireLib","Halation","Hallownest","Marisa????????","Minty Spire (QoL Compilation)","QueenMod","Quick Restart","Replay The Spire","StSLib","Stuff the Spire","The Cursed","The Dragon Tamer","The Servant 0.9.4","vexMod"],"gold_per_floor":[109,109,109,109,109,143,83,117,117,117,172,172,172,190,190,288,288,299,299,286,286,341,370,370,395,395,395,412,412,427,447,447,547,547,558,533,543,54,71,71,100,100,100],"floor_reached":42,"playtime":2032,"items_purged":[],"score":589,"play_id":"4d57cc02-69f6-4445-89f2-e005bd5555e5","local_time":"20201212225542","is_ascension_mode":true,"campfire_choices":[{"data":"SprinkleStarSeal","floor":10,"key":"SMITH"},{"data":"MilkyWay","floor":13,"key":"SMITH"},{"data":"StarlightTyphoon","floor":15,"key":"SMITH"},{"data":"Ghostly","floor":24,"key":"SMITH"},{"data":"Ghostly","floor":27,"key":"SMITH"},{"data":"Ghostly","floor":29,"key":"SMITH"},{"floor":32,"key":"REST"},{"data":"Ghostly","floor":40,"key":"SMITH"}],"circlet_count":0,"master_deck":["Strike_MRS","Strike_MRS","Strike_MRS","Strike_MRS","Defend_MRS","Defend_MRS","Defend_MRS","Defend_MRS","MasterSpark","UpSweep","MilkyWay+1","SprinkleStarSeal+1","MeteoricShower+1","GalacticHalo","StarlightTyphoon+1","SatelliteIllusion","AbeCurse","DC+1","Ghostly+1","Ghostly+1","Ghostly+1","Ghostly","Ghostly+1","DoubleSpark","GasGiant","DoubleSpark+1","DeepEcoloBomb","MagicAbsorber","StarDustReverie","UnstableBomb","WitchLeyline+1","UnstableBomb","MagicChant+1","DoubleSpark+1"],"relics":["MiniHakkero","NeowsBlessing","StuffTheSpire:RedRose","halation:PinkSoulGem","Ring of Fangs","Ring of Misfortune","Orichalcum","Happy Flower","aspiration:HatOfInfinitePower","Abe\u0027s Treasure","halation:TwoAmDonut","Bag of Marbles","Shuriken","Divine Protection","halation:Prosthetics","conspire:TopHat","SimpleLauncher","Replay:Rubber Ducky","halation:AfternoonTea"],"acts_visited":["Exordium","TheCity","TheBeyond"],"potions_floor_usage":[20,20,28,28,35,41,42],"damage_taken":[{"damage":0,"enemies":"Jaw Worm","floor":1,"turns":1},{"damage":0,"enemies":"3 Sentries","floor":6,"turns":1},{"damage":0,"enemies":"Gremlin Nob","floor":8,"turns":1},{"damage":14,"enemies":"conspire:RoseBush","floor":14,"turns":2},{"damage":8,"enemies":"Hexaghost","floor":16,"turns":8},{"damage":34,"enemies":"Spheric Guardian","floor":18,"turns":6},{"damage":0,"enemies":"2 Thieves","floor":20,"turns":4},{"damage":8,"enemies":"Book of Stabbing","floor":23,"turns":6},{"damage":4,"enemies":"conspire:SneckoGhost","floor":25,"turns":7},{"damage":0,"enemies":"Shelled Parasite and Fungi","floor":28,"turns":5},{"damage":10,"enemies":"Snecko","floor":30,"turns":6},{"damage":0,"enemies":"Cultist and Chosen","floor":31,"turns":6},{"damage":2,"enemies":"Champ","floor":33,"turns":11},{"damage":0,"enemies":"3 Darklings","floor":35,"turns":7},{"damage":0,"enemies":"Orb Walker","floor":37,"turns":3},{"damage":0,"enemies":"Writhing Mass","floor":39,"turns":4},{"damage":0,"enemies":"conspire:MimicChest","floor":41,"turns":5},{"damage":15,"enemies":"Reptomancer","floor":42,"turns":3}],"seed_played":"6266037898029558228","potions_obtained":[{"floor":1,"key":"Cursed Concoction"},{"floor":18,"key":"BottledSpark"},{"floor":20,"key":"BottledSpark"},{"floor":22,"key":"FearPotion"},{"floor":25,"key":"ColorlessPotion"},{"floor":33,"key":"Explosive Potion"},{"floor":35,"key":"Block Potion"},{"floor":37,"key":"Dota2Spire:Clarity"}],"is_trial":false,"path_per_floor":["M","?","?","?","?","E","$","E","T","R","T","$","R","M","R","B",null,"M","?","M","$","?","E","R","E","T","R","M","R","M","M","R","B",null,"M","?","M","$","M","R","?","E"],"character_chosen":"MARISA","items_purchased":["MeteoricShower+1","SimpleLauncher","UnstableBomb","Replay:Rubber Ducky"],"campfire_rested":1,"item_purchase_floors":[7,38,38,38],"current_hp_per_floor":[75,75,75,75,75,75,75,75,75,75,75,75,75,61,61,53,75,41,37,37,37,23,15,15,11,11,11,11,11,1,1,12,10,2,2,2,2,2,2,2,2,0,0],"gold":100,"neow_bonus":"THREE_ENEMY_KILL","is_daily":false,"chose_seed":false,"campfire_upgraded":7,"win_rate":0.0,"timestamp":1607810142,"path_taken":["M","?","?","?","?","E","$","E","T","R","?","$","R","M","R","BOSS","M","?","M","$","?","E","R","E","T","R","M","R","M","?","R","BOSS","M","?","M","$","M","R","?","E"],"items_purchased_type":["Card","Relic","Card","Relic"],"build_version":"2020-11-30","purchased_purges":0,"victory":false,"max_hp_per_floor":[75,75,75,75,75,75,75,75,75,75,75,75,75,75,75,75,75,75,37,37,37,37,37,37,37,37,37,37,37,37,37,37,37,2,2,2,2,2,2,2,2,2,2],"card_choices":[{"not_picked":["PulseMagic","MysteriousBeam"],"picked":"MilkyWay","floor":1},{"not_picked":["IllusionStar","SporeBomb"],"picked":"SprinkleStarSeal","floor":6},{"not_picked":["DragonMeteor","IllusionStar"],"picked":"GalacticHalo","floor":8},{"not_picked":["DC","PowerUp"],"picked":"StarlightTyphoon","floor":14},{"not_picked":["ManaRampage","UltimateShortwave"],"picked":"SatelliteIllusion","floor":16},{"not_picked":["ManaConvection","PowerUp"],"picked":"DC+1","floor":18},{"not_picked":["PropBag","LuminesStrike"],"picked":"DoubleSpark","floor":20},{"not_picked":["NonDirectionalLaser","WitchOfGreed"],"picked":"GasGiant","floor":22},{"not_picked":["Robbery","GravityBeat"],"picked":"DoubleSpark+1","floor":23},{"not_picked":["OneTimeOff+1","ShootingEcho"],"picked":"DeepEcoloBomb","floor":25},{"not_picked":["LuminesStrike","OneTimeOff+1"],"picked":"MagicAbsorber","floor":28},{"not_picked":["WitchOfGreed","ShootingEcho","MilkyWay"],"picked":"SKIP","floor":30},{"not_picked":["OrrerysSun","6A","Singularity"],"picked":"SKIP","floor":31},{"not_picked":["BigCrunch","SatelliteIllusion"],"picked":"StarDustReverie","floor":33},{"not_picked":["ManaConvection+1","MilkyWay"],"picked":"UnstableBomb","floor":35},{"not_picked":["PowerUp","GasGiant"],"picked":"WitchLeyline+1","floor":37},{"not_picked":["LuminesStrike+1","DC"],"picked":"MagicChant+1","floor":39},{"not_picked":["BlazingStar","WitchOfGreed+1"],"picked":"DoubleSpark+1","floor":41}],"player_experience":508239,"relics_obtained":[{"floor":5,"key":"Ring of Fangs"},{"floor":5,"key":"Ring of Misfortune"},{"floor":6,"key":"Orichalcum"},{"floor":8,"key":"Happy Flower"},{"floor":9,"key":"aspiration:HatOfInfinitePower"},{"floor":22,"key":"halation:TwoAmDonut"},{"floor":23,"key":"Bag of Marbles"},{"floor":25,"key":"Shuriken"},{"floor":26,"key":"Divine Protection"},{"floor":41,"key":"halation:AfternoonTea"}],"event_choices":[{"cards_removed":["Regret"],"damage_healed":0,"gold_gain":0,"player_choice":"Forget","damage_taken":0,"max_hp_gain":0,"max_hp_loss":0,"event_name":"Living Wall","floor":3,"gold_loss":0},{"damage_healed":0,"gold_gain":0,"player_choice":"Became a Ghost","damage_taken":0,"max_hp_gain":0,"max_hp_loss":38,"event_name":"Ghosts","floor":19,"gold_loss":0,"cards_obtained":["Ghostly","Ghostly","Ghostly","Ghostly","Ghostly"]}],"is_beta":false,"boss_relics":[{"not_picked":["aspiration:WatcherSkillbook","halation:CatFaceCupcake"],"picked":"Abe\u0027s Treasure"},{"not_picked":["Honey Jar","aspiration:RitualDagger"],"picked":"halation:Prosthetics"}],"items_purged_floors":[],"is_endless":false,"potions_floor_spawned":[1,18,20,25,33,35,37],"killed_by":"Reptomancer","ascension_level":3}}