{"host":"1","time":1607780949,"event":{"mods":["Act Like it!","BaseMod","Better Third Choice","Jorbs\u0027s Wanderer Trilogy","Minty Spire (QoL Compilation)","Shade Mod","StSLib","The Cursed","Wandering Minibosses"],"gold_per_floor":[111,111,121,221,238,238,270,290,314,334,107,135,153,153,153,255,255,221,241,241,241,260,260,270,270,270,39,58,89,89,89,89],"floor_reached":31,"playtime":2236,"items_purged":[],"score":282,"play_id":"6f31751f-d9d4-4ce1-90ac-7caf947e891a","local_time":"20201212164909","is_ascension_mode":false,"campfire_choices":[{"floor":6,"key":"RECALL"},{"floor":15,"key":"REST"},{"floor":23,"key":"REST"},{"floor":30,"key":"REST"}],"circlet_count":0,"master_deck":["TheCursedMod:Defend_TheCursed","TheCursedMod:Defend_TheCursed","TheCursedMod:Defend_TheCursed","TheCursedMod:Defend_TheCursed","TheCursedMod:CursedWand","TheCursedMod:CleanUpWorkshop","TheCursedMod:Dregs","TheCursedMod:CursedBlade","TheCursedMod:ReleasedKnowledge","TheCursedMod:Obscuration","TheCursedMod:NeowsMight","TheCursedMod:Grudge","TheCursedMod:CursedAmulet","TheCursedMod:Hemoplague+1","TheCursedMod:ManaBullet","TheCursedMod:AntiAging","TheCursedMod:CursedSpellbook+1","TheCursedMod:CursedMace","Bite","Bite","Bite","Bite","Bite","Writhe","TheCursedMod:CursedArmor","TheCursedMod:RapidMovement","Forethought","Shame","TheCursedMod:SmokeScreen","TheCursedMod:SpitefulPray","TheCursedMod:AshesToAshes"],"relics":["TheCursedMod:BlackMagic101","Potion Belt","Anchor","PreservedInsect","Odd Mushroom","Cursed Key","Ice Cream","Ancient Tea Set","TheCursedMod:Tack"],"acts_visited":["Exordium","TheCity"],"potions_floor_usage":[7,7,24,24,31,31],"damage_taken":[{"damage":3,"enemies":"Small Slimes","floor":1,"turns":5},{"damage":1,"enemies":"Cultist","floor":3,"turns":3},{"damage":0,"enemies":"Jaw Worm","floor":5,"turns":3},{"damage":28,"enemies":"Gremlin Nob","floor":7,"turns":5},{"damage":8,"enemies":"2 Fungi Beasts","floor":8,"turns":4},{"damage":0,"enemies":"Lots of Slimes","floor":10,"turns":4},{"damage":13,"enemies":"The Mushroom Lair","floor":12,"turns":4},{"damage":0,"enemies":"Exordium Wildlife","floor":13,"turns":4},{"damage":25,"enemies":"Hexaghost","floor":16,"turns":11},{"damage":12,"enemies":"2 Thieves","floor":18,"turns":5},{"damage":8,"enemies":"3 Byrds","floor":19,"turns":5},{"damage":33,"enemies":"Snecko","floor":22,"turns":6},{"damage":22,"enemies":"3 Cultists","floor":24,"turns":7},{"damage":17,"enemies":"Centurion and Healer","floor":28,"turns":10},{"damage":38,"enemies":"Slavers","floor":29,"turns":10},{"damage":44,"enemies":"Snecko","floor":31,"turns":4}],"seed_played":"121351057118609277","potions_obtained":[{"floor":3,"key":"SteroidPotion"},{"floor":5,"key":"PowerPotion"},{"floor":7,"key":"Ancient Potion"},{"floor":22,"key":"Strength Potion"},{"floor":24,"key":"SpeedPotion"},{"floor":29,"key":"SpeedPotion"}],"is_trial":false,"path_per_floor":["M","?","M","?","M","R","E","M","T","M","$","?","M","?","R","B",null,"M","M","?","T","M","R","M","?","T","$","M","E","R","M"],"character_chosen":"THE_CURSED","items_purchased":["TheCursedMod:Hemoplague","PreservedInsect","TheCursedMod:SmokeScreen","Ancient Tea Set","Block Potion"],"campfire_rested":3,"item_purchase_floors":[11,11,27,27,27],"current_hp_per_floor":[79,72,71,71,71,71,43,35,35,35,35,22,22,22,46,21,82,70,64,58,58,38,56,54,36,36,36,39,13,32,0,0],"gold":89,"neow_bonus":"TEN_PERCENT_HP_BONUS","is_daily":false,"chose_seed":false,"campfire_upgraded":0,"win_rate":0.0,"timestamp":1607780949,"path_taken":["M","?","M","?","M","R","E","M","T","?","$","?","M","?","R","BOSS","M","?","?","?","M","R","M","?","T","$","M","E","R","?"],"items_purchased_type":["Card","Relic","Card","Relic","Potion"],"build_version":"2020-11-17","purchased_purges":0,"victory":false,"max_hp_per_floor":[82,82,82,82,82,82,82,82,82,82,82,82,82,82,82,82,82,82,84,58,58,60,60,62,62,62,62,64,66,66,66,66],"card_choices":[{"not_picked":["TheCursedMod:StingEye","TheCursedMod:BloodBarrier"],"picked":"TheCursedMod:CursedBlade","floor":1},{"not_picked":["TheCursedMod:ReleasedStrength","TheCursedMod:FleshFromBone"],"picked":"TheCursedMod:ReleasedKnowledge","floor":3},{"not_picked":["TheCursedMod:ReleasedKnowledge","TheCursedMod:Stigma"],"picked":"TheCursedMod:Obscuration","floor":5},{"not_picked":["TheCursedMod:RapidMovement","TheCursedMod:CursedRelics"],"picked":"TheCursedMod:NeowsMight","floor":7},{"not_picked":["TheCursedMod:CursedBlade","TheCursedMod:WearCloak"],"picked":"TheCursedMod:Grudge","floor":8},{"not_picked":["TheCursedMod:RapidMovement","TheCursedMod:Torture"],"picked":"TheCursedMod:CursedAmulet","floor":10},{"not_picked":["TheCursedMod:WearCloak","TheCursedMod:Stretching"],"picked":"TheCursedMod:ManaBullet","floor":12},{"not_picked":["TheCursedMod:Wield","TheCursedMod:CursedRelics","TheCursedMod:Torture"],"picked":"SKIP","floor":13},{"not_picked":["TheCursedMod:DemonSword","TheCursedMod:OutForBlood"],"picked":"TheCursedMod:AntiAging","floor":16},{"not_picked":["TheCursedMod:StingEye+1","TheCursedMod:Hemoplague"],"picked":"TheCursedMod:CursedSpellbook+1","floor":18},{"not_picked":["TheCursedMod:VitalStrike","TheCursedMod:Mangle"],"picked":"TheCursedMod:CursedMace","floor":19},{"not_picked":["TheCursedMod:EmpowerCircles","TheCursedMod:SpitefulStrike"],"picked":"TheCursedMod:CursedArmor","floor":22},{"not_picked":["TheCursedMod:Stigma","TheCursedMod:CursedShiv+1"],"picked":"TheCursedMod:RapidMovement","floor":24},{"not_picked":["TheCursedMod:LuckyCharm","TheCursedMod:CursedAmulet"],"picked":"TheCursedMod:SpitefulPray","floor":28},{"not_picked":["TheCursedMod:SpitefulStrike","TheCursedMod:StingEye"],"picked":"TheCursedMod:AshesToAshes","floor":29}],"player_experience":44151,"relics_obtained":[{"floor":7,"key":"Potion Belt"},{"floor":9,"key":"Anchor"},{"floor":12,"key":"Odd Mushroom"},{"floor":21,"key":"Ice Cream"},{"floor":29,"key":"TheCursedMod:Tack"}],"event_choices":[{"cards_removed":["TheCursedMod:Strike_TheCursed"],"damage_healed":0,"gold_gain":0,"player_choice":"Card Removal","damage_taken":7,"max_hp_gain":0,"max_hp_loss":0,"event_name":"Golden Wing","floor":2,"gold_loss":0},{"damage_healed":0,"gold_gain":100,"player_choice":"Pray","damage_taken":0,"max_hp_gain":0,"max_hp_loss":0,"event_name":"Golden Shrine","floor":4,"gold_loss":0},{"damage_healed":0,"gold_gain":0,"player_choice":"Fought Mushrooms","damage_taken":0,"max_hp_gain":0,"max_hp_loss":0,"event_name":"Mushrooms","floor":12,"gold_loss":0},{"damage_healed":0,"gold_gain":0,"player_choice":"Upgraded","damage_taken":0,"max_hp_gain":0,"max_hp_loss":0,"event_name":"Upgrade Shrine","floor":14,"gold_loss":0,"cards_upgraded":["TheCursedMod:Hemoplague"]},{"damage_healed":0,"gold_gain":0,"player_choice":"Became a vampire","damage_taken":0,"max_hp_gain":0,"max_hp_loss":26,"event_name":"Vampires","floor":20,"gold_loss":0,"cards_obtained":["Bite","Bite","Bite","Bite","Bite"]},{"damage_healed":0,"gold_gain":0,"player_choice":"CARD POTION ","damage_taken":18,"max_hp_gain":0,"max_hp_loss":0,"event_name":"Knowing Skull","floor":25,"potions_obtained":["Weak Potion"],"gold_loss":0,"cards_obtained":["Forethought"]}],"is_beta":true,"boss_relics":[{"not_picked":["Tiny House","SlaversCollar"],"picked":"Cursed Key"}],"items_purged_floors":[],"is_endless":false,"potions_floor_spawned":[3,5,7,22,24,29],"killed_by":"Snecko","ascension_level":0}}