{"host":"5mo0809oo9tcrmpl","time":1607731768,"event":{"mods":["BaseMod","Highlight Path","Minty Spire (QoL Compilation)","Relic Stats","Slay the Relics Exporter"],"gold_per_floor":[114,126,126,143,143,143,178,178,224,255,275,295,295,305,305,380,380,399,399,419,431,173,173,173,173],"floor_reached":24,"playtime":1091,"items_purged":["Strike_G"],"score":516,"play_id":"f733ada2-ae49-4e2c-8a50-843f8211bbb1","local_time":"20201211180928","is_ascension_mode":true,"campfire_choices":[{"data":"Skewer","floor":6.0,"key":"SMITH"},{"floor":8.0,"key":"REST"},{"floor":15.0,"key":"REST"},{"data":"Footwork","floor":23,"key":"SMITH"}],"circlet_count":0,"master_deck":["AscendersBane","Strike_G","Strike_G","Strike_G","Strike_G","Defend_G","Defend_G+1","Defend_G","Defend_G","Defend_G","Survivor","Neutralize","Riddle With Holes","Skewer+1","Well Laid Plans+1","Noxious Fumes","Cloak And Dagger","Crippling Poison","Footwork+1","Deflect","Wraith Form v2","Footwork","Catalyst"],"relics":["WristBlade","Vajra","InkBottle","Juzu Bracelet","Ninja Scroll","Busted Crown","Membership Card"],"acts_visited":["Exordium","TheCity"],"potions_floor_usage":[21,24],"damage_taken":[{"damage":1.0,"enemies":"Cultist","floor":1.0,"turns":4.0},{"damage":7.0,"enemies":"Small Slimes","floor":2.0,"turns":3.0},{"damage":0.0,"enemies":"2 Louse","floor":4.0,"turns":3.0},{"damage":12.0,"enemies":"Lagavulin","floor":7.0,"turns":6.0},{"damage":24.0,"enemies":"3 Sentries","floor":10.0,"turns":9.0},{"damage":0.0,"enemies":"Gremlin Gang","floor":11.0,"turns":2.0},{"damage":0.0,"enemies":"Large Slime","floor":12.0,"turns":3.0},{"damage":0.0,"enemies":"Blue Slaver","floor":14.0,"turns":2.0},{"damage":0.0,"enemies":"Slime Boss","floor":16.0,"turns":6.0},{"damage":10.0,"enemies":"Shell Parasite","floor":18.0,"turns":5.0},{"damage":0,"enemies":"Spheric Guardian","floor":20,"turns":1},{"damage":1,"enemies":"Cultist and Chosen","floor":21,"turns":4},{"damage":55,"enemies":"Gremlin Leader","floor":24,"turns":5}],"seed_played":"-1281349024375530960","potions_obtained":[{"floor":1.0,"key":"PowerPotion"},{"floor":2.0,"key":"AttackPotion"},{"floor":12.0,"key":"DistilledChaos"},{"floor":16.0,"key":"Explosive Potion"},{"floor":18.0,"key":"AttackPotion"}],"is_trial":false,"path_per_floor":["M","M","T","M","?","R","E","R","T","E","M","M","?","M","R","B",null,"M","?","M","M","$","R","E"],"character_chosen":"THE_SILENT","items_purchased":["Membership Card","Footwork","Catalyst"],"campfire_rested":2,"item_purchase_floors":[22,22,22],"current_hp_per_floor":[58,51,51,51,31,31,19,38,38,14,14,14,14,14,33,33,58,48,48,48,47,47,47,0,0],"gold":173,"neow_bonus":"BOSS_RELIC","is_daily":false,"chose_seed":false,"campfire_upgraded":2,"win_rate":0.0,"timestamp":1607731768,"path_taken":["M","M","?","M","?","R","E","R","T","E","M","M","?","M","R","BOSS","M","?","M","M","$","R","E"],"items_purchased_type":["Relic","Card","Card"],"build_version":"2020-11-30","purchased_purges":1,"victory":false,"max_hp_per_floor":[66,66,66,66,66,66,66,66,66,66,66,66,66,66,66,66,66,66,66,66,66,66,66,66,66],"relic_stats":{"Busted Crown":6,"counters":[13,53],"Juzu Bracelet":0,"obtain_stats":[{"Busted Crown":17,"WristBlade":0,"Ninja Scroll":10,"Vajra":3,"Juzu Bracelet":9,"Membership Card":22,"InkBottle":7,"Ring of the Snake":0},{"Busted Crown":9,"WristBlade":0,"Ninja Scroll":5,"Vajra":2,"Juzu Bracelet":4,"Membership Card":12,"InkBottle":4,"Ring of the Snake":0},{"Busted Crown":38,"WristBlade":0,"Ninja Scroll":25,"Vajra":7,"Juzu Bracelet":16,"Membership Card":48,"InkBottle":16,"Ring of the Snake":0}],"InkBottle":[12]},"card_choices":[{"not_picked":["Catalyst","Finisher"],"picked":"Riddle With Holes","floor":1.0},{"not_picked":["Predator","Deadly Poison"],"picked":"Skewer","floor":2.0},{"not_picked":["Backflip","Dagger Spray"],"picked":"Well Laid Plans","floor":4.0},{"not_picked":["Slice","Setup"],"picked":"Noxious Fumes","floor":7.0},{"not_picked":["All Out Attack","Corpse Explosion"],"picked":"Cloak And Dagger","floor":10.0},{"not_picked":["Well Laid Plans","Acrobatics"],"picked":"Crippling Poison","floor":11.0},{"not_picked":["Bouncing Flask","Poisoned Stab"],"picked":"Footwork","floor":12.0},{"not_picked":["Crippling Poison","Noxious Fumes"],"picked":"Deflect","floor":14.0},{"not_picked":["Doppelganger","Burst"],"picked":"Wraith Form v2","floor":16.0},{"not_picked":["Quick Slash+1"],"picked":"SKIP","floor":18.0},{"not_picked":["Bane"],"picked":"SKIP","floor":20},{"not_picked":["Distraction"],"picked":"SKIP","floor":21}],"player_experience":1240671,"relics_obtained":[{"floor":3.0,"key":"Vajra"},{"floor":7.0,"key":"InkBottle"},{"floor":9.0,"key":"Juzu Bracelet"},{"floor":10.0,"key":"Ninja Scroll"}],"event_choices":[{"damage_healed":0.0,"max_hp_gain":0.0,"max_hp_loss":0.0,"gold_gain":0.0,"event_name":"Shining Light","player_choice":"Entered Light","floor":5.0,"gold_loss":0.0,"damage_taken":20.0,"cards_upgraded":["Defend_G","Well Laid Plans"]},{"damage_healed":0.0,"max_hp_gain":0.0,"max_hp_loss":0.0,"gold_gain":0.0,"event_name":"Scrap Ooze","player_choice":"Fled","floor":13.0,"gold_loss":0.0,"damage_taken":0.0},{"damage_healed":0,"gold_gain":0,"player_choice":"Leave","damage_taken":0,"max_hp_gain":0,"max_hp_loss":0,"event_name":"FaceTrader","floor":19,"gold_loss":0}],"is_beta":false,"boss_relics":[{"not_picked":["Black Star","HoveringKite"],"picked":"Busted Crown"}],"items_purged_floors":[22],"is_endless":false,"potions_floor_spawned":[1,2,4,12,16,18],"killed_by":"Gremlin Leader","ascension_level":20}}