{"host":"i344ixtilokuekwt","time":1607813707,"event":{"mods":["BaseMod","Card Forge","Colored Powertips","Minty Spire (QoL Compilation)","Quick Restart","Relic Stats","StSLib"],"gold_per_floor":[117,167,179,191,205,205,235,246,246,246,256,256,127,161,161,161,161],"floor_reached":16,"playtime":628,"items_purged":["Strike_P"],"score":224,"play_id":"94e0efd0-e80d-4e0e-809b-aa46adac679f","local_time":"20201212175507","is_ascension_mode":true,"campfire_choices":[{"data":"Vault","floor":6,"key":"SMITH"},{"floor":10,"key":"REST"},{"floor":12,"key":"REST"},{"data":"Eruption","floor":15,"key":"SMITH"}],"circlet_count":0,"master_deck":["AscendersBane","Strike_P","Strike_P","Strike_P","Defend_P","Defend_P","Defend_P","Defend_P","Eruption+1","Vigilance","Vault+1","CutThroughFate","CutThroughFate","ClearTheMind","Sanctity","Scrawl","WheelKick","EmptyFist","FlurryOfBlows"],"relics":["PureWater","Hammer of Thor","Seething Fire","Anvil of the Gods","Blue Candle","Gambling Chip","Bird Faced Urn"],"acts_visited":["Exordium"],"potions_floor_usage":[14,16],"damage_taken":[{"damage":0,"enemies":"Jaw Worm","floor":1,"turns":3},{"damage":1,"enemies":"Cultist","floor":3,"turns":4},{"damage":14,"enemies":"2 Louse","floor":4,"turns":2},{"damage":4,"enemies":"Looter","floor":5,"turns":4},{"damage":16,"enemies":"Gremlin Nob","floor":7,"turns":3},{"damage":9,"enemies":"3 Louse","floor":8,"turns":5},{"damage":4,"enemies":"Exordium Wildlife","floor":11,"turns":4},{"damage":24,"enemies":"3 Sentries","floor":14,"turns":7},{"damage":19,"enemies":"Hexaghost","floor":16,"turns":9}],"seed_played":"7774241428438395419","potions_obtained":[{"floor":7,"key":"Ancient Potion"},{"floor":8,"key":"Explosive Potion"},{"floor":14,"key":"ColorlessPotion"}],"is_trial":false,"path_per_floor":["M","?","M","M","M","R","E","M","T","R","M","R","$","E","R","B"],"character_chosen":"WATCHER","items_purchased":["EmptyFist"],"campfire_rested":2,"item_purchase_floors":[13],"current_hp_per_floor":[61,55,54,40,36,36,20,11,11,29,25,43,43,19,19,0,0],"gold":161,"neow_bonus":"THREE_RARE_CARDS","is_daily":false,"chose_seed":false,"campfire_upgraded":2,"win_rate":0.0,"timestamp":1607813707,"path_taken":["M","?","?","M","M","R","E","M","T","R","M","R","$","E","R","BOSS"],"items_purchased_type":["Card"],"build_version":"2020-11-30","purchased_purges":1,"victory":false,"max_hp_per_floor":[62,62,62,62,62,62,62,62,62,62,62,62,62,62,62,62,62],"relic_stats":{"counters":[9,41],"Blue Candle":[0],"Gambling Chip":[10],"Bird Faced Urn":[0],"obtain_stats":[{"Anvil of the Gods":0,"Blue Candle":7,"Gambling Chip":9,"Bird Faced Urn":14,"Hammer of Thor":0,"Seething Fire":0,"PureWater":0},{"Anvil of the Gods":0,"Blue Candle":5,"Gambling Chip":6,"Bird Faced Urn":8,"Hammer of Thor":0,"Seething Fire":0,"PureWater":0},{"Anvil of the Gods":0,"Blue Candle":16,"Gambling Chip":21,"Bird Faced Urn":32,"Hammer of Thor":0,"Seething Fire":0,"PureWater":0}]},"card_choices":[{"not_picked":["SpiritShield","DeusExMachina"],"picked":"Vault","floor":0},{"not_picked":["SashWhip","Evaluate"],"picked":"CutThroughFate","floor":1},{"not_picked":["Crescendo","DeceiveReality"],"picked":"CutThroughFate","floor":3},{"not_picked":["Collect","Crescendo","JustLucky"],"picked":"SKIP","floor":4},{"not_picked":["Indignation","Prostrate"],"picked":"ClearTheMind","floor":5},{"not_picked":["Halt","ForeignInfluence"],"picked":"Sanctity","floor":7},{"not_picked":["Halt","BowlingBash"],"picked":"Scrawl","floor":8},{"not_picked":["Crescendo","FlurryOfBlows"],"picked":"WheelKick","floor":11},{"not_picked":["Meditate","WindmillStrike"],"picked":"FlurryOfBlows","floor":14}],"player_experience":648312,"relics_obtained":[{"floor":7,"key":"Blue Candle"},{"floor":9,"key":"Gambling Chip"},{"floor":14,"key":"Bird Faced Urn"}],"event_choices":[{"damage_healed":0,"gold_gain":50,"player_choice":"Touch","damage_taken":6,"max_hp_gain":0,"max_hp_loss":0,"event_name":"FaceTrader","floor":2,"gold_loss":0}],"is_beta":false,"boss_relics":[],"items_purged_floors":[13],"is_endless":false,"potions_floor_spawned":[7,8,14],"killed_by":"Hexaghost","ascension_level":20}}