{"host":"uwh382mre4waz4ff","time":1607774977,"event":{"mods":["AchievementEnabler","BaseMod","Better Note","Better Third Choice","BetterRewards","Highlight Path","HololiveMod","Minty Spire (QoL Compilation)","StSLib"],"gold_per_floor":[340,355,355,381,396,407,437,437,437,450,483,493,522,543,543,650,650,667,688,688,712,736,736,778,369,419,454,279,309,309,327,327,430,430,450,466,487,519,62,112,138,138,138,138,172,172,222,258,258,266],"floor_reached":51,"playtime":2613,"items_purged":["Pain","Hololive_Strike","Hololive_Breathe"],"score":1588,"play_id":"1719e7ff-7192-4884-ac29-58ec149cc4b5","local_time":"20201212200937","is_ascension_mode":true,"campfire_choices":[{"data":"Hololive_CallUsadaPekora","floor":8,"key":"SMITH"},{"data":"Hololive_CallAmaneKanata","floor":15,"key":"SMITH"},{"data":"Hololive_IdolExercise","floor":23,"key":"SMITH"},{"data":"Hololive_CocoNews","floor":32,"key":"SMITH"},{"data":"Hololive_DDD","floor":42,"key":"SMITH"},{"data":"Hololive_CocoNews","floor":44,"key":"SMITH"},{"data":"Hololive_BringToTrial","floor":46,"key":"SMITH"},{"data":"Hololive_IdolExercise","floor":49,"key":"SMITH"}],"circlet_count":0,"master_deck":["Hololive_CallMinatoAqua","Hololive_CallUsadaPekora+1","Hololive_CallMurasakiShion","Hololive_CallShiranuiFlare","Hololive_CallSpadeEcho","Hololive_CallMomosuzuNene+30","Hololive_CallFriendA","Hololive_CallUsadaPekora","Hololive_CallManoAloe","Hololive_CallKiryuuCoco","Hololive_CallMurasakiShion","Hololive_CallUsadaPekora","Hololive_CallShiroganeNoel","Hololive_CallAmaneKanata+1","Hololive_CallHimemoriLuna","Hololive_IdolExercise+1","Hololive_CallTokinoSora","Hololive_CocoNews+1","Hololive_CallSpadeEcho","Hololive_CallDoris","Hololive_CocoNews+1","Hololive_CallNatsuiroMatsuri","Hololive_CallYuzukiChoco","Hololive_CocoNews+1","Hololive_BringToTrial+1","Hololive_CallHoshimachiSuisei","Hololive_DDD+1","Hololive_CallRosalyn+1","Hololive_CallOkamiMio","Hololive_CallHoushouMarine","Hololive_CallAmaneKanata","Hololive_CallArtia","Hololive_CocoNews+1","Parasite","Hololive_CallKiryuuCoco","Hololive_CallInugamiKorone+1","Hololive_IdolExercise+1"],"relics":["Hololive_TheStar","Bottled Tornado","Mercury Hourglass","Shuriken","Pantograph","Philosopher\u0027s Stone","WarpedTongs","Pen Nib","ClockworkSouvenir","Boot","Strawberry","Bottled Flame","Empty Cage","Blood Vial","Nunchaku","Bag of Marbles","Regal Pillow","Letter Opener"],"acts_visited":["Exordium","TheCity","TheBeyond"],"potions_floor_usage":[50],"damage_taken":[{"damage":0,"enemies":"Jaw Worm","floor":1,"turns":3},{"damage":0,"enemies":"Cultist","floor":2,"turns":3},{"damage":0,"enemies":"Small Slimes","floor":4,"turns":3},{"damage":0,"enemies":"Red Slaver","floor":5,"turns":3},{"damage":0,"enemies":"Looter","floor":6,"turns":3},{"damage":0,"enemies":"3 Sentries","floor":7,"turns":7},{"damage":0,"enemies":"3 Louse","floor":10,"turns":2},{"damage":0,"enemies":"Gremlin Nob","floor":11,"turns":3},{"damage":0,"enemies":"Large Slime","floor":12,"turns":4},{"damage":0,"enemies":"Lagavulin","floor":13,"turns":4},{"damage":0,"enemies":"Gremlin Gang","floor":14,"turns":3},{"damage":0,"enemies":"Hexaghost","floor":16,"turns":7},{"damage":0,"enemies":"Spheric Guardian","floor":18,"turns":3},{"damage":0,"enemies":"2 Thieves","floor":19,"turns":4},{"damage":0,"enemies":"Chosen and Byrds","floor":21,"turns":4},{"damage":1,"enemies":"Shelled Parasite and Fungi","floor":22,"turns":4},{"damage":0,"enemies":"Gremlin Leader","floor":24,"turns":6},{"damage":0,"enemies":"Book of Stabbing","floor":27,"turns":4},{"damage":0,"enemies":"Slavers","floor":29,"turns":4},{"damage":0,"enemies":"Snake Plant","floor":31,"turns":2},{"damage":0,"enemies":"Collector","floor":33,"turns":5},{"damage":2,"enemies":"3 Darklings","floor":35,"turns":3},{"damage":0,"enemies":"3 Shapes","floor":36,"turns":2},{"damage":0,"enemies":"3 Darklings","floor":37,"turns":3},{"damage":0,"enemies":"Transient","floor":38,"turns":5},{"damage":0,"enemies":"Nemesis","floor":40,"turns":4},{"damage":0,"enemies":"Writhing Mass","floor":41,"turns":2},{"damage":0,"enemies":"Maw","floor":45,"turns":3},{"damage":0,"enemies":"Giant Head","floor":47,"turns":3},{"damage":0,"enemies":"Transient","floor":48,"turns":5},{"damage":19,"enemies":"Awakened One","floor":50,"turns":8}],"seed_played":"6500493685817500208","potions_obtained":[{"floor":1,"key":"DuplicationPotion"},{"floor":6,"key":"Weak Potion"},{"floor":7,"key":"Regen Potion"},{"floor":11,"key":"DistilledChaos"},{"floor":19,"key":"SkillPotion"},{"floor":24,"key":"EntropicBrew"},{"floor":33,"key":"DistilledChaos"}],"is_trial":false,"path_per_floor":["M","M","?","M","M","M","E","R","T","M","E","M","E","M","R","B",null,"M","M","?","M","M","R","E","$","T","E","$","E","?","M","R","B",null,"M","M","M","M","$","E","M","R","T","R","M","R","E","M","R","B",null],"character_chosen":"Hololive_HololiveCharacter","items_purchased":["ClockworkSouvenir","Boot","Hololive_CocoNews","Hololive_CallYuzukiChoco","Hololive_CallArtia","Blood Vial","Nunchaku"],"campfire_rested":0,"item_purchase_floors":[25,25,25,28,39,39,39],"current_hp_per_floor":[23,23,23,23,23,23,23,23,23,23,23,23,23,23,23,35,35,35,35,35,35,34,34,34,34,34,41,41,41,41,41,41,42,42,40,40,40,40,40,42,42,42,42,42,42,42,42,42,42,23],"gold":266,"neow_bonus":"TWO_FIFTY_GOLD","is_daily":false,"chose_seed":false,"campfire_upgraded":8,"win_rate":0.0,"timestamp":1607774977,"path_taken":["M","M","?","M","M","M","E","R","T","M","E","M","E","M","R","BOSS","M","M","?","M","M","R","E","$","T","E","?","E","?","M","R","BOSS","M","M","?","M","$","E","M","R","T","R","M","R","E","M","R","BOSS"],"items_purchased_type":["Relic","Relic","Card","Card","Card","Relic","Relic"],"build_version":"2020-11-30","purchased_purges":3,"victory":true,"max_hp_per_floor":[35,35,35,35,35,35,35,35,35,35,35,35,35,35,35,35,35,35,35,35,35,35,35,35,35,35,42,42,42,42,42,42,42,42,42,42,42,42,42,42,42,42,42,42,42,42,42,42,42,42],"card_choices":[{"not_picked":["Hololive_OvertimeWork","Hololive_CallAZKi","Hololive_Sequa"],"picked":"Hololive_CallMomosuzuNene","floor":1},{"not_picked":["Hololive_HuntDinosaur","Hololive_Psychosis","Hololive_Breathe","Hololive_RevenueBasedLive"],"picked":"SKIP","floor":2},{"not_picked":["Hololive_Sequa","Hololive_OvertimeWork","Hololive_BeCareful"],"picked":"Hololive_CallFriendA","floor":4},{"not_picked":["Hololive_ManjiGathering","Hololive_Psychosis","Hololive_FlyingPonyTail"],"picked":"Hololive_CallUsadaPekora","floor":5},{"not_picked":["Hololive_CallShishiroBotan","Hololive_Psychosis","Hololive_Rebirth"],"picked":"Hololive_CallManoAloe","floor":6},{"not_picked":["Hololive_Breathe","Hololive_CallRoboco","Hololive_Drill"],"picked":"Hololive_CallKiryuuCoco","floor":7},{"not_picked":["Hololive_FlyingPonyTail","Hololive_Drill","Hololive_Psychosis"],"picked":"Hololive_CallMurasakiShion","floor":10},{"not_picked":["Hololive_Psychosis","Hololive_FlyingPonyTail","Hololive_LuckPotion"],"picked":"Hololive_CallUsadaPekora","floor":11},{"not_picked":["Hololive_DurableLive","Hololive_CallNekomataOkayu","Hololive_StrengthChampion"],"picked":"Hololive_CallShiroganeNoel","floor":12},{"not_picked":["Hololive_ILoveYou","Hololive_OvertimeWork","Hololive_LuckPotion"],"picked":"Hololive_CallAmaneKanata","floor":13},{"not_picked":["Hololive_CocoNews","Hololive_OvertimeWork","Hololive_Breathe"],"picked":"Hololive_CallHimemoriLuna","floor":14},{"not_picked":["Hololive_AWSL","Hololive_Recruit","Hololive_Rebirth"],"picked":"Hololive_IdolExercise","floor":16},{"not_picked":["Hololive_Drill+1","Hololive_StrengthChampion+1","Hololive_BringToTrial"],"picked":"Hololive_CallTokinoSora","floor":18},{"not_picked":["Hololive_CallMinatoAqua","Hololive_Trident","Hololive_OvertimeWork"],"picked":"Hololive_CocoNews","floor":19},{"not_picked":["Hololive_CallShiranuiFlare","Hololive_Breathe","Hololive_Sequa"],"picked":"Hololive_CallSpadeEcho","floor":21},{"not_picked":["Hololive_OvertimeWork","Hololive_Psychosis","Hololive_DevilCharm","Hololive_Watashimo"],"picked":"SKIP","floor":22},{"not_picked":["Hololive_Drill","Hololive_Thief","Hololive_CocoNews+1"],"picked":"Hololive_CallDoris","floor":24},{"not_picked":["Hololive_CandyCastle","Hololive_RevenueBasedLive","Hololive_CallMinatoAqua"],"picked":"Hololive_CallNatsuiroMatsuri","floor":27},{"not_picked":["Hololive_HuntDinosaur+1","Hololive_Drill","Hololive_OvertimeWork"],"picked":"Hololive_CocoNews+1","floor":29},{"not_picked":["Hololive_Trident","Hololive_RevenueBasedLive","Hololive_Psychosis"],"picked":"Hololive_CallHoshimachiSuisei","floor":31},{"not_picked":["Hololive_StarCraft","Hololive_Recruit","Hololive_WolfAndLamb"],"picked":"Hololive_DDD","floor":33},{"not_picked":["Hololive_Breathe+1","Hololive_CallMinatoAqua","Hololive_OvertimeWork"],"picked":"Hololive_CallRosalyn+1","floor":35},{"not_picked":["Hololive_RevenueBasedLive+1","Hololive_FlyingPonyTail+1","Hololive_CallRosalyn"],"picked":"Hololive_CallOkamiMio","floor":36},{"not_picked":["Hololive_CallManoAloe+1","Hololive_CallTokinoSora+1","Hololive_Sequa"],"picked":"Hololive_CallHoushouMarine","floor":37},{"not_picked":["Hololive_Trident+1","Hololive_LuckPotion","Hololive_HuntDinosaur"],"picked":"Hololive_CallAmaneKanata","floor":38},{"not_picked":["Hololive_AWSL","Hololive_CallFriendA","Hololive_Trident+1"],"picked":"Hololive_CocoNews+1","floor":40},{"not_picked":["Hololive_LuckPotion","Hololive_Psychosis+1","Hololive_OvertimeWork+1","Hololive_CallRosalyn"],"picked":"SKIP","floor":41},{"not_picked":["Hololive_Breathe","Hololive_FlyingPonyTail+1","Hololive_CallSpadeEcho"],"picked":"Hololive_CallKiryuuCoco","floor":45},{"not_picked":["Hololive_OvertimeWork+1","Hololive_Drill+1","Hololive_CandyCastle"],"picked":"Hololive_CallInugamiKorone+1","floor":47},{"not_picked":["Hololive_RevenueBasedLive+1","Hololive_CallRosalyn","Hololive_StrengthChampion"],"picked":"Hololive_IdolExercise","floor":48}],"player_experience":104933,"relics_obtained":[{"floor":7,"key":"Bottled Tornado"},{"floor":9,"key":"Mercury Hourglass"},{"floor":11,"key":"Shuriken"},{"floor":13,"key":"Pantograph"},{"floor":24,"key":"Pen Nib"},{"floor":27,"key":"Strawberry"},{"floor":29,"key":"Bottled Flame"},{"floor":40,"key":"Bag of Marbles"},{"floor":43,"key":"Regal Pillow"},{"floor":47,"key":"Letter Opener"}],"event_choices":[{"cards_removed":["Hololive_Strike"],"damage_healed":0,"gold_gain":0,"player_choice":"Forget","damage_taken":0,"max_hp_gain":0,"max_hp_loss":0,"event_name":"Living Wall","floor":3,"gold_loss":0},{"damage_healed":0,"gold_gain":0,"player_choice":"Rummage","damage_taken":0,"relics_obtained":["WarpedTongs"],"max_hp_gain":0,"max_hp_loss":0,"event_name":"Accursed Blacksmith","floor":20,"gold_loss":0,"cards_obtained":["Pain"]},{"damage_healed":0,"gold_gain":0,"player_choice":"1 cards matched","damage_taken":0,"max_hp_gain":0,"max_hp_loss":0,"event_name":"Match and Keep!","floor":30,"gold_loss":0,"cards_obtained":["Hololive_BringToTrial"]}],"is_beta":false,"boss_relics":[{"not_picked":["Hololive_Finger","Calling Bell"],"picked":"Philosopher\u0027s Stone"},{"not_picked":["Snecko Eye","Hololive_ChaosS"],"picked":"Empty Cage"}],"items_purged_floors":[25,28,39],"is_endless":false,"potions_floor_spawned":[1,6,7,11,12,13,14,19,21,24,33,35,36,38,40],"ascension_level":8}}