{"host":"m1ntkrf87179kmo6","time":1607814212,"event":{"mods":["BaseMod","Better Third Choice","Minty Spire (QoL Compilation)","Shade Mod","StSLib"],"gold_per_floor":[113,90,10,0,0,0,0,18,18,18,18,39,73,93,93,224,224,243,263,17,17,36,36,135,34,58,58,58,96,96,131,131,257,257,276,28,47,72,135,135,155,169,216,228,240,321,333,370,382,394,406,418,3,34,34,34],"floor_reached":55,"playtime":7236,"items_purged":["Injury","Shade:Strike_Shade"],"score":728,"play_id":"4b8a6697-61be-43b7-872d-877aa24e823e","local_time":"20201212180332","is_ascension_mode":false,"campfire_choices":[{"floor":6.0,"key":"RECALL"},{"floor":11.0,"key":"REST"},{"floor":15.0,"key":"REST"},{"data":"Shade:Putrefaction","floor":23.0,"key":"SMITH"},{"data":"Shade:AnimateDead","floor":27.0,"key":"SMITH"},{"floor":30.0,"key":"REST"},{"data":"Shade:Brains","floor":32.0,"key":"SMITH"},{"data":"Shade:GreyBargain","floor":40,"key":"SMITH"},{"data":"Shade:FleshToFlesh","floor":49,"key":"SMITH"},{"data":"Shade:FleshToFlesh","floor":52,"key":"SMITH"}],"circlet_count":0,"master_deck":["Shade:Strike_Shade","Shade:Strike_Shade","Shade:Strike_Shade","Shade:Defend_Shade+1","Shade:Defend_Shade","Shade:Defend_Shade+1","Shade:Defend_Shade","Shade:AnimateDead+1","Shade:CarefulCut","Flash of Steel","Shade:StitchTogether","Enlightenment","Shade:AncientSpear","Devotion+1","Shade:ClawBack","Shade:Excise","Shade:ClawBack","Shade:GreyBargain+1","Shade:Putrefaction+1","CurseOfTheBell","Shade:FleshToFlesh+1","Shade:FleshToFlesh+1","Shade:FleshToFlesh+1","Shade:Brains+1","Shade:FleshToFlesh+1","Shade:FuneraryArmor+1","Shade:Bite_Shade+1","Shade:GreyBargain+1","Shade:ScuttlingHand"],"relics":["Shade:YorickSkull","betterThird:SlimedRelic","Golden Idol","Dream Catcher","Bronze Scales","Toy Ornithopter","Calling Bell","Boot","Pear","Gambling Chip","Mercury Hourglass","Bag of Marbles","Ginger","PreservedInsect","Potion Belt","SacredBark","MealTicket","FossilizedHelix","MawBank","Shuriken","War Paint","Letter Opener"],"acts_visited":["Exordium","TheCity","TheBeyond","TheEnding"],"potions_floor_usage":[35,38,41,47,55],"damage_taken":[{"damage":0.0,"enemies":"Jaw Worm","floor":1.0,"turns":4.0},{"damage":3.0,"enemies":"Small Slimes","floor":8.0,"turns":4.0},{"damage":0.0,"enemies":"2 Louse","floor":12.0,"turns":3.0},{"damage":22.0,"enemies":"3 Sentries","floor":13.0,"turns":6.0},{"damage":9.0,"enemies":"2 Fungi Beasts","floor":14.0,"turns":2.0},{"damage":41.0,"enemies":"Slime Boss","floor":16.0,"turns":9.0},{"damage":5.0,"enemies":"Chosen","floor":18.0,"turns":6.0},{"damage":16.0,"enemies":"Shell Parasite","floor":19.0,"turns":6.0},{"damage":8.0,"enemies":"Centurion and Healer","floor":22.0,"turns":5.0},{"damage":43.0,"enemies":"Slavers","floor":29.0,"turns":7.0},{"damage":6.0,"enemies":"Gremlin Leader","floor":31.0,"turns":6.0},{"damage":38.0,"enemies":"Champ","floor":33.0,"turns":10.0},{"damage":1,"enemies":"3 Darklings","floor":35,"turns":6},{"damage":6,"enemies":"3 Shapes","floor":37,"turns":5},{"damage":8,"enemies":"Maw","floor":38,"turns":8},{"damage":7,"enemies":"Mind Bloom Boss Battle","floor":39,"turns":7},{"damage":0,"enemies":"3 Darklings","floor":41,"turns":5},{"damage":0,"enemies":"Sphere and 2 Shapes","floor":42,"turns":5},{"damage":0,"enemies":"Jaw Worm Horde","floor":47,"turns":1},{"damage":0,"enemies":"Maw","floor":48,"turns":8},{"damage":70,"enemies":"Donu and Deca","floor":50,"turns":10},{"damage":37,"enemies":"Shield and Spear","floor":54,"turns":5},{"damage":60,"enemies":"The Heart","floor":55,"turns":6}],"seed_played":"7082951577046660287","potions_obtained":[{"floor":1.0,"key":"SmokeBomb"},{"floor":8.0,"key":"LiquidMemories"},{"floor":14.0,"key":"BlessingOfTheForge"},{"floor":19.0,"key":"Dexterity Potion"},{"floor":22.0,"key":"Regen Potion"},{"floor":31.0,"key":"BlessingOfTheForge"},{"floor":33.0,"key":"LiquidMemories"},{"floor":35,"key":"LiquidMemories"},{"floor":39,"key":"DistilledChaos"},{"floor":54,"key":"Energy Potion"}],"is_trial":false,"path_per_floor":["M","?","$","?","?","R","$","M","T","?","R","M","E","M","R","B",null,"M","M","$","?","M","R","?","$","T","R","T","E","R","E","R","B",null,"M","$","M","M","?","R","M","M","T","?","?","T","M","M","R","B",null,"R","$","E","B"],"character_chosen":"SHADE","items_purchased":["Shade:StitchTogether","Mercury Hourglass","Shade:FleshToFlesh","MealTicket","Shuriken","War Paint","Shade:ScuttlingHand"],"campfire_rested":3,"item_purchase_floors":[3,20,25,36,53,53,53],"current_hp_per_floor":[65,54,54,60,60,60,60,64,64,56,71,71,49,45,66,30,81,80,71,71,71,70,70,70,70,70,70,70,39,63,64,64,61,81,80,80,81,73,73,73,81,81,81,81,81,81,81,81,81,14,81,81,81,44,0,0],"gold":34,"neow_bonus":"RANDOM_COLORLESS","is_daily":false,"chose_seed":false,"campfire_upgraded":6,"win_rate":0.0,"timestamp":1607814212,"path_taken":["M","?","$","?","?","R","?","M","T","?","R","M","E","M","R","BOSS","M","M","$","?","M","R","?","$","T","R","?","E","R","E","R","BOSS","M","$","M","M","?","R","M","M","T","?","?","?","?","?","R","BOSS","R","$","E","BOSS"],"items_purchased_type":["Card","Relic","Card","Relic","Relic","Relic","Card"],"build_version":"2020-11-30","purchased_purges":2,"victory":false,"max_hp_per_floor":[65,65,65,71,71,71,71,71,71,71,71,71,71,71,71,71,81,81,81,81,81,81,81,81,81,81,81,81,81,81,81,81,81,81,81,81,81,81,81,81,81,81,81,81,81,81,81,81,81,81,81,81,81,81,81,81],"card_choices":[{"not_picked":["Dramatic Entrance","Swift Strike"],"picked":"Flash of Steel","floor":0.0},{"not_picked":["Shade:SkeletonHug","Shade:FleshToFlesh","Shade:Premonition"],"picked":"SKIP","floor":1.0},{"not_picked":["Shade:FeralStrike","Shade:PoundOfFlesh"],"picked":"Shade:AncientSpear","floor":8.0},{"not_picked":["Shade:SoulToxin","Shade:GraveStillness"],"picked":"Shade:ExtraLimbs","floor":11.0},{"not_picked":["Shade:SkeletonHug","Shade:FuneraryJewels"],"picked":"Shade:ClawBack","floor":12.0},{"not_picked":["Shade:DangerousRitual","Shade:CloudOfShrapnel"],"picked":"Shade:Excise","floor":13.0},{"not_picked":["Shade:SanguineRitual","Shade:FleshOffering"],"picked":"Shade:ClawBack","floor":14.0},{"not_picked":["Shade:FleshOffering","Shade:SanguineRitual"],"picked":"Shade:GreyBargain","floor":15.0},{"not_picked":["Shade:Coordination","Shade:UnbarTheGrave"],"picked":"Shade:Putrefaction","floor":16.0},{"not_picked":["Shade:Awaken","Shade:ExtraLimbs","Shade:Bonestorm"],"picked":"SKIP","floor":18.0},{"not_picked":["Shade:SensePrey","Shade:SoulToxin+1"],"picked":"Shade:FleshToFlesh+1","floor":19.0},{"not_picked":["Shade:Bonestorm","Shade:GraveStillness","Shade:PotionOfRestlessness"],"picked":"SKIP","floor":22.0},{"not_picked":["Shade:Bite_Shade","Shade:Haruspicy+1"],"picked":"Shade:FleshToFlesh","floor":29.0},{"not_picked":["Shade:CallWraith+1","Shade:WallOfFlesh"],"picked":"Shade:Brains","floor":30.0},{"not_picked":["Shade:OminousRitual","Shade:AncientSpear+1","Shade:Patience"],"picked":"SKIP","floor":31.0},{"not_picked":["Shade:FingerOfDeath","Shade:Haruspicy+1","Shade:SanguineRitual+1"],"picked":"SKIP","floor":35},{"not_picked":["Shade:DangerousRitual","Shade:GraveStillness"],"picked":"Shade:FleshToFlesh+1","floor":37},{"not_picked":["Shade:SanguineRitual+1","Shade:Bonestorm","Shade:LyeBath"],"picked":"SKIP","floor":38},{"not_picked":["Shade:PressTheAttack+1","Shade:FreshBones+1"],"picked":"Shade:FuneraryArmor+1","floor":39},{"not_picked":["Shade:FuneraryArmor","Shade:OminousRitual"],"picked":"Shade:Bite_Shade+1","floor":41},{"not_picked":["Shade:SkeletonArmy","Shade:SpontaneousRitual","Shade:CloudOfShrapnel+1"],"picked":"SKIP","floor":42},{"not_picked":["Shade:Bonestorm","Shade:OpenGraves+1"],"picked":"Shade:GreyBargain+1","floor":48},{"not_picked":["Shade:Trample+1","Shade:ScuttlingHand+1","Shade:TouchOfTheGrave"],"picked":"SKIP","floor":54}],"player_experience":979451,"relics_obtained":[{"floor":9.0,"key":"Dream Catcher"},{"floor":13.0,"key":"Toy Ornithopter"},{"floor":17.0,"key":"Boot"},{"floor":17.0,"key":"Pear"},{"floor":17.0,"key":"Gambling Chip"},{"floor":26.0,"key":"Bag of Marbles"},{"floor":28.0,"key":"Ginger"},{"floor":29.0,"key":"PreservedInsect"},{"floor":31.0,"key":"Potion Belt"},{"floor":39,"key":"FossilizedHelix"},{"floor":43,"key":"MawBank"},{"floor":54,"key":"Letter Opener"}],"event_choices":[{"damage_healed":0.0,"max_hp_gain":0.0,"max_hp_loss":0.0,"gold_gain":0.0,"event_name":"betterThird:BetterGoop","player_choice":"Slimed","floor":2.0,"gold_loss":23.0,"damage_taken":11.0},{"damage_healed":0.0,"max_hp_gain":0.0,"max_hp_loss":0.0,"gold_gain":0.0,"event_name":"betterThird:BetterSerpent","player_choice":"RENOUNCE","floor":4.0,"gold_loss":10.0,"damage_taken":10.0,"cards_obtained":["Enlightenment"]},{"damage_healed":0.0,"max_hp_gain":0.0,"max_hp_loss":0.0,"gold_gain":0.0,"event_name":"Golden Idol","player_choice":"Take Wound","floor":5.0,"gold_loss":0.0,"damage_taken":0.0,"relics_obtained":["Golden Idol"],"cards_obtained":["Injury"]},{"damage_healed":0.0,"max_hp_gain":0.0,"max_hp_loss":0.0,"gold_gain":0.0,"event_name":"Ghosts","player_choice":"Ignored","floor":21.0,"gold_loss":0.0,"damage_taken":0.0},{"damage_healed":0.0,"max_hp_gain":0.0,"max_hp_loss":0.0,"gold_gain":99.0,"event_name":"betterThird:BetterNest","player_choice":"Steal","floor":24.0,"gold_loss":0.0,"damage_taken":0.0},{"damage_healed":0,"gold_gain":0,"player_choice":"Fight","damage_taken":0,"max_hp_gain":0,"max_hp_loss":0,"event_name":"MindBloom","floor":39,"gold_loss":0},{"cards_removed":["Shade:ExtraLimbs"],"damage_healed":0,"gold_gain":0,"player_choice":"Removed Attack","damage_taken":0,"max_hp_gain":0,"max_hp_loss":0,"event_name":"Falling","floor":44,"gold_loss":0},{"damage_healed":0,"gold_gain":0,"player_choice":"Memory 1","damage_taken":0,"max_hp_gain":0,"max_hp_loss":0,"event_name":"SensoryStone","floor":45,"gold_loss":0}],"is_beta":false,"boss_relics":[{"not_picked":["Pandora\u0027s Box","Snecko Eye"],"picked":"Calling Bell"},{"not_picked":["Philosopher\u0027s Stone","Sozu"],"picked":"SacredBark"}],"items_purged_floors":[25,36],"is_endless":false,"potions_floor_spawned":[1,8,14,19,22,31,33,35,39,54],"killed_by":"The Heart","ascension_level":0}}