{"host":"ldgvv9pwaeljxtz7","time":1607807652,"event":{"mods":["Act Like it!","Aspiration","BaseMod","Better Altar","Better Third Choice","BetterRewards","CapriCore","Conspire","DeckTracker","Dio Mod","Dota2Spire","Downfall","Energized Spire","Fireblade Mod","Friendly Minions","Hermit","HexUI Lib","Hubris","Infinite Spire","Ironclad Rager","Jorbs\u0027s Wanderer Trilogy","Luminous","Minty Spire (QoL Compilation)","Prisma Mod","Quarter Circle Forward PUNCH!","QueenMod","Shade Mod","Shop Mod","StSLib","Steal the Spire","The Blue Laboratory","The Immortal","The Jester","The Wild Card","TheFirefly","TheHero","TheSwordswoman","TheVacant","Trackpad","Watcher Patcher","vexMod","Åy?ï˚ìÒéü?çÏÅzî™â]éámod"],"gold_per_floor":[112,132,147,122,135,135,151,151,151,167,178,93,93,106,106,205,205,216,216,216,216,216,216],"floor_reached":22,"playtime":777,"items_purged":[],"score":178,"play_id":"a4634b0c-a8bd-43ac-b030-f849ffd690bb","local_time":"20201213071412","is_ascension_mode":false,"campfire_choices":[{"floor":6,"key":"REST"},{"data":"thefirefly:LaserBarrage","floor":8,"key":"SMITH"},{"floor":15,"key":"REST"}],"circlet_count":0,"master_deck":["thefirefly:Strike","thefirefly:Strike","thefirefly:Strike","thefirefly:Strike","thefirefly:Defend","thefirefly:Defend","thefirefly:Defend","thefirefly:Defend","thefirefly:StealthMode","thefirefly:PhotonBlast","thefirefly:SteadyAim","thefirefly:SteadyAim","thefirefly:Bombardment","thefirefly:LaserBarrage+1","thefirefly:CoveringFire","thefirefly:AuroralDischarge","thefirefly:EMP","thefirefly:InterceptingShot","thefirefly:RollBack","thefirefly:ShieldGenerator","thefirefly:HyperspaceAssault","thefirefly:CoveringFire"],"relics":["thefirefly:StealthSystem","thefirefly:LongRangeScanner","qcfpunch:Chain_With_Nametags","energizedSpire:OgreHead","Blood Vial","qcfpunch:Wrestler\u0027s_Cloak"],"acts_visited":["Exordium","TheCity"],"potions_floor_usage":[16,22,22],"damage_taken":[{"damage":25,"enemies":"Cultist","floor":1,"turns":8},{"damage":7,"enemies":"Small Slimes","floor":2,"turns":3},{"damage":12,"enemies":"2 Louse","floor":3,"turns":3},{"damage":5,"enemies":"Large Slime","floor":5,"turns":3},{"damage":14,"enemies":"Red Slaver","floor":7,"turns":3},{"damage":0,"enemies":"3 Louse","floor":10,"turns":3},{"damage":0,"enemies":"Exordium Wildlife","floor":11,"turns":2},{"damage":14,"enemies":"Red Slaver","floor":14,"turns":4},{"damage":12,"enemies":"The Guardian","floor":16,"turns":7},{"damage":31,"enemies":"3 Byrds","floor":18,"turns":4},{"damage":29,"enemies":"conspire:MimicChest","floor":22,"turns":4}],"seed_played":"6028838527045568178","potions_obtained":[{"floor":2,"key":"GamblersBrew"},{"floor":14,"key":"blueLaboratory:HorrorPotion"},{"floor":16,"key":"SpeedPotion"},{"floor":18,"key":"blueLaboratory:LouseDecoction"}],"is_trial":false,"path_per_floor":["M","M","M","?","M","R","M","R","T","M","M","$","?","M","R","B",null,"M","?","?","?","?"],"character_chosen":"THE_FIREFLY","items_purchased":["thefirefly:InterceptingShot","thefirefly:PhantomStrike"],"campfire_rested":2,"item_purchase_floors":[12,12],"current_hp_per_floor":[35,28,16,16,11,29,15,15,15,15,15,15,15,1,19,7,60,29,13,13,13,0,0],"gold":216,"neow_bonus":"TEN_PERCENT_HP_BONUS","is_daily":false,"chose_seed":false,"campfire_upgraded":1,"win_rate":0.0,"timestamp":1607807652,"path_taken":["M","?","M","?","M","R","M","R","T","M","?","$","?","M","R","BOSS","M","?","?","?","?"],"items_purchased_type":["Card","Card"],"build_version":"2020-11-30","purchased_purges":0,"victory":false,"max_hp_per_floor":[60,60,60,60,60,60,60,60,60,60,60,60,60,60,60,60,60,60,60,60,60,60,60],"card_choices":[{"not_picked":["thefirefly:RollBack","thefirefly:QuantumTunneling"],"picked":"thefirefly:SteadyAim","floor":1},{"not_picked":["thefirefly:IonizedBarrier","thefirefly:Ruminate"],"picked":"thefirefly:SteadyAim","floor":2},{"not_picked":["thefirefly:FlakCannon","thefirefly:Ruminate"],"picked":"thefirefly:Bombardment","floor":3},{"not_picked":["thefirefly:SearingEnigma","thefirefly:StarCinder"],"picked":"thefirefly:LaserBarrage","floor":5},{"not_picked":["thefirefly:QuantumTunneling","thefirefly:Bombardment"],"picked":"thefirefly:CoveringFire","floor":7},{"not_picked":["thefirefly:CoveringFire","thefirefly:LifeSupport"],"picked":"thefirefly:AuroralDischarge","floor":10},{"not_picked":["thefirefly:Preload","thefirefly:FlakCannon"],"picked":"thefirefly:EMP","floor":11},{"not_picked":["thefirefly:Ruminate","thefirefly:FlakCannon"],"picked":"thefirefly:ShieldGenerator","floor":14},{"not_picked":["thefirefly:RerouteCircuit","thefirefly:Unweft"],"picked":"thefirefly:HyperspaceAssault","floor":16},{"not_picked":["thefirefly:RollBack","thefirefly:NebulaVeil"],"picked":"thefirefly:CoveringFire","floor":18}],"player_experience":262757,"relics_obtained":[{"floor":9,"key":"qcfpunch:Chain_With_Nametags"}],"event_choices":[{"damage_healed":0,"gold_gain":0,"cards_transformed":["thefirefly:PhantomStrike"],"player_choice":"Transformed","damage_taken":0,"max_hp_gain":0,"max_hp_loss":0,"event_name":"Transmorgrifier","floor":13,"gold_loss":0,"cards_obtained":["thefirefly:RollBack"]},{"damage_healed":0,"gold_gain":0,"player_choice":" Vial ","damage_taken":16,"relics_obtained":["Blood Vial"],"max_hp_gain":29,"max_hp_loss":13,"event_name":"betterAltar:BetterAltar","floor":19,"potions_obtained":[],"relics_lost":[],"gold_loss":0},{"damage_healed":0,"gold_gain":0,"player_choice":"Bought 0 Potions","damage_taken":0,"max_hp_gain":0,"max_hp_loss":0,"event_name":"The Woman in Blue","floor":20,"gold_loss":0},{"damage_healed":0,"gold_gain":0,"player_choice":"Opened","damage_taken":0,"relics_obtained":["qcfpunch:Wrestler\u0027s_Cloak"],"max_hp_gain":0,"max_hp_loss":0,"event_name":"The Mausoleum","floor":21,"gold_loss":0}],"is_beta":false,"boss_relics":[{"not_picked":["energizedSpire:NeverEndingSparkler","energizedSpire:DeadBattery"],"picked":"energizedSpire:OgreHead"}],"items_purged_floors":[],"is_endless":false,"potions_floor_spawned":[2,14,16,18],"killed_by":"conspire:MimicChest","ascension_level":0}}