{"host":"Pablo","time":1607800621,"event":{"mods":["BaseMod","Colored Map","Minty Spire (QoL Compilation)","StSLib"],"gold_per_floor":[110,121,138,63,13,47,47,73,73,83,94,126,126,126,126,126,126],"floor_reached":16,"playtime":818,"items_purged":["Defend_R"],"score":132,"play_id":"a3803fe5-bae5-489d-94a5-cad963f31f96","local_time":"20201212161701","is_ascension_mode":true,"campfire_choices":[{"data":"Inflame","floor":13,"key":"SMITH"},{"data":"Burning Pact","floor":15,"key":"SMITH"}],"circlet_count":0,"master_deck":["Strike_R","Strike_R","Strike_R","Strike_R","Strike_R","Defend_R","Defend_R","Bash","Clothesline","Clash+1","Reaper","Cleave","Burning Pact+1","Inflame+1"],"relics":["Burning Blood","Juzu Bracelet","Gambling Chip","Incense Burner","Calipers","Strawberry"],"acts_visited":["Exordium"],"potions_floor_usage":[],"damage_taken":[{"damage":2,"enemies":"2 Louse","floor":1,"turns":3},{"damage":8,"enemies":"Jaw Worm","floor":2,"turns":4},{"damage":10,"enemies":"Cultist","floor":3,"turns":5},{"damage":26,"enemies":"Lagavulin","floor":6,"turns":6},{"damage":10,"enemies":"Gremlin Nob","floor":8,"turns":3},{"damage":12,"enemies":"Exordium Wildlife","floor":10,"turns":3},{"damage":14,"enemies":"2 Fungi Beasts","floor":11,"turns":4},{"damage":26,"enemies":"Lagavulin","floor":12,"turns":5},{"damage":44,"enemies":"Hexaghost","floor":16,"turns":9}],"seed_played":"-1520605715523702935","potions_obtained":[{"floor":1,"key":"Fire Potion"},{"floor":12,"key":"Ancient Potion"}],"is_trial":false,"path_per_floor":["M","M","M","$","?","E","$","E","T","M","M","E","R","?","R","B"],"character_chosen":"IRONCLAD","items_purchased":[],"campfire_rested":0,"item_purchase_floors":[],"current_hp_per_floor":[80,78,74,74,74,54,54,50,50,52,47,34,34,34,34,0,0],"gold":126,"neow_bonus":"RANDOM_COMMON_RELIC","is_daily":false,"chose_seed":false,"campfire_upgraded":2,"win_rate":0.0,"timestamp":1607800621,"path_taken":["M","M","M","$","?","E","$","E","T","M","M","E","R","?","R","BOSS"],"items_purchased_type":[],"build_version":"2020-12-07","purchased_purges":1,"victory":false,"max_hp_per_floor":[80,80,80,80,80,80,80,80,80,80,80,87,87,87,87,87,87],"card_choices":[{"not_picked":["Seeing Red","Bloodletting","Headbutt"],"picked":"SKIP","floor":1},{"not_picked":["Flex","Heavy Blade"],"picked":"Clothesline","floor":2},{"not_picked":["Rupture","Sever Soul"],"picked":"Clash","floor":3},{"not_picked":["Bloodletting","Thunderclap"],"picked":"Reaper","floor":6},{"not_picked":["Entrench","Shrug It Off"],"picked":"Cleave","floor":8},{"not_picked":["Headbutt","Uppercut"],"picked":"Burning Pact","floor":10},{"not_picked":["Rampage","Dropkick"],"picked":"Inflame","floor":11},{"not_picked":["Reckless Charge","Flex","Warcry"],"picked":"SKIP","floor":12},{"not_picked":["Reckless Charge","Flex","Warcry"],"picked":"SKIP","floor":12}],"player_experience":30263,"relics_obtained":[{"floor":6,"key":"Gambling Chip"},{"floor":8,"key":"Incense Burner"},{"floor":9,"key":"Calipers"},{"floor":12,"key":"Strawberry"}],"event_choices":[{"cards_removed":["Defend_R"],"damage_healed":0,"gold_gain":0,"player_choice":"Card Removal","damage_taken":0,"max_hp_gain":0,"max_hp_loss":0,"event_name":"The Cleric","floor":5,"gold_loss":50},{"damage_healed":0,"gold_gain":0,"player_choice":"Grow","damage_taken":0,"max_hp_gain":0,"max_hp_loss":0,"event_name":"Living Wall","floor":14,"gold_loss":0,"cards_upgraded":["Clash"]}],"is_beta":true,"boss_relics":[],"items_purged_floors":[4],"is_endless":false,"potions_floor_spawned":[1,12],"killed_by":"Hexaghost","ascension_level":2}}