{"host":"i9wanet4r0ff4t9y","time":1607798386,"event":{"mods":["2.2 Compatiblity","Act Like it!","BaseMod","Better Altar","Better Match","Better Note","Better Sensory Stone","Better Skull","Better Third Choice","Better Vampires","BetterRewards","CapriCore","Downfall","Minty Spire (QoL Compilation)","READ ME - Guardian Mod","READ ME - Snecko Mod","Relic Stats","Replay The Spire","Spicy Shops","StSLib","The Disciple","Waifu the Spire"],"gold_per_floor":[119,119,138,138,152,152,187,187,187,371,371,398,422,448,448,560,660,689,689,712,741,38,38,61,61,61,100,100,121,121,162,162,270,270,298,530,551,570,530,530,558,586,634,634,682,747,797,861,861,899],"floor_reached":51,"playtime":1634,"items_purged":[],"score":993,"play_id":"e3e07b4c-45ee-4550-baa9-10f481c08a76","local_time":"20201212193946","is_ascension_mode":false,"campfire_choices":[{"data":"Blade Dance","floor":6,"key":"SMITH"},{"data":"Dagger Spray","floor":11,"key":"SMITH"},{"data":"Adrenaline","floor":15,"key":"SMITH"},{"data":"After Image","floor":23,"key":"SMITH"},{"data":"Mayhem","floor":25,"key":"SMITH"},{"data":"Cloak And Dagger","floor":32,"key":"SMITH"},{"floor":40,"key":"REST"},{"floor":44,"key":"REST"},{"data":"Corpse Explosion","floor":49,"key":"SMITH"}],"circlet_count":0,"master_deck":["Strike_G","Strike_G","Strike_G","Strike_G","Strike_G","Defend_G","Defend_G","Defend_G","Defend_G","Defend_G","Survivor","Neutralize","ReplayTheSpireMod:Brewmster+1","Dagger Spray+1","Blade Dance+1","Quick Slash","Deflect","Adrenaline+1","Slice","Cloak And Dagger+1","After Image+1","Blade Dance+1","Blade Dance+1","Crippling Poison","Mayhem+1","Slice","Corpse Explosion+1","Riddle With Holes+1","Blade Dance","Envenom+1","Dagger Spray+1","Cloak And Dagger+1","Fluid Movement+1","Riddle With Holes+1","Quick Slash+1","Flying Knee","Caltrops+1","ReplayTheSpireMod:Scrap Shanks+1","Slice"],"relics":["Ring of the Snake","Mummified Hand","Tiny Chest","TwistedFunnel","Chameleon Ring","ReplayTheSpireMod:Ninjato","CeramicFish","Shuriken","Replay:Wanted Poster","Replay:Kaleidoscope","HandDrill","Frozen Egg 2","Matryoshka","Ancient Tea Set","Bottled Flame","Pear","Ring of Chaos","Ornamental Fan","Replay:Bandana","Smiling Mask"],"acts_visited":["Exordium","TheCity","TheBeyond"],"potions_floor_usage":[3,5,7,7,12,14,16,16,16,16,16,16,16,16,16,16,16,18,20,21,24,24,27,27,31,33,37,38,41,42,47,50,50,50,50],"damage_taken":[{"damage":1,"enemies":"2 Louse","floor":1,"turns":2},{"damage":0,"enemies":"Cultist","floor":3,"turns":4},{"damage":3,"enemies":"Jaw Worm","floor":5,"turns":3},{"damage":2,"enemies":"3 Sentries","floor":7,"turns":6},{"damage":0,"enemies":"Looter","floor":12,"turns":2},{"damage":0,"enemies":"2 Fungi Beasts","floor":13,"turns":1},{"damage":0,"enemies":"Large Slime","floor":14,"turns":1},{"damage":15,"enemies":"Fading Forest","floor":16,"turns":11},{"damage":0,"enemies":"Chosen","floor":18,"turns":3},{"damage":0,"enemies":"2 Thieves","floor":20,"turns":1},{"damage":0,"enemies":"Shelled Parasite and Fungi","floor":21,"turns":1},{"damage":10,"enemies":"Centurion and Healer","floor":24,"turns":2},{"damage":2,"enemies":"Gremlin Leader","floor":27,"turns":4},{"damage":0,"enemies":"Cultist and Chosen","floor":29,"turns":2},{"damage":5,"enemies":"Slavers","floor":31,"turns":2},{"damage":2,"enemies":"Collector","floor":33,"turns":4},{"damage":17,"enemies":"3 Shapes","floor":35,"turns":3},{"damage":0,"enemies":"3 Darklings","floor":37,"turns":1},{"damage":0,"enemies":"Spire Growth","floor":38,"turns":2},{"damage":0,"enemies":"Transient","floor":41,"turns":5},{"damage":15,"enemies":"Sphere and 2 Shapes","floor":42,"turns":3},{"damage":0,"enemies":"3 Darklings","floor":46,"turns":1},{"damage":0,"enemies":"Jaw Worm Horde","floor":47,"turns":2},{"damage":0,"enemies":"Spire Growth","floor":48,"turns":3},{"damage":43,"enemies":"Time Eater","floor":50,"turns":8}],"seed_played":"2550759683732823794","potions_obtained":[{"floor":5,"key":"Guardian:BlockOnCardUsePotion"},{"floor":13,"key":"DuplicationPotion"},{"floor":14,"key":"Ancient Potion"},{"floor":16,"key":"Elixir"},{"floor":19,"key":"AttackPotion"},{"floor":20,"key":"Fire Potion"},{"floor":21,"key":"Languid Potion"},{"floor":24,"key":"Explosive Potion"},{"floor":33,"key":"SkillPotion"},{"floor":42,"key":"FairyPotion"}],"is_trial":false,"path_per_floor":["M","?","M","?","M","R","E","T","T","?","R","M","M","M","R","B",null,"M","?","M","M","$","R","M","R","T","E","?","M","T","E","R","B",null,"M","?","M","M","?","R","M","M","T","R","T","M","M","M","R","B",null],"character_chosen":"THE_SILENT","items_purchased":["Mummified Hand","Tiny Chest","TwistedFunnel","Chameleon Ring","ReplayTheSpireMod:Brewmster","Dagger Spray","Mayhem","Replay:Kaleidoscope","HandDrill"],"campfire_rested":2,"item_purchase_floors":[0,0,0,0,0,0,22,22,22],"current_hp_per_floor":[34,70,70,70,67,67,65,65,65,65,65,65,65,65,65,56,70,70,70,70,70,70,70,60,60,60,58,58,58,58,63,63,61,80,63,31,31,31,31,55,55,40,40,64,64,64,64,64,64,21],"gold":899,"neow_bonus":"","is_daily":false,"chose_seed":false,"campfire_upgraded":7,"win_rate":0.0,"timestamp":1607798386,"path_taken":["M","?","?","?","M","R","E","?","T","?","R","M","M","M","R","BOSS","M","?","M","M","$","R","M","R","T","E","?","M","?","E","R","BOSS","M","?","?","M","?","R","M","M","T","R","?","M","M","M","R","BOSS"],"items_purchased_type":["Relic","Relic","Relic","Relic","Card","Card","Card","Relic","Relic"],"build_version":"2020-11-30","purchased_purges":0,"victory":true,"max_hp_per_floor":[70,70,70,70,70,70,70,70,70,70,70,70,70,70,70,70,70,70,70,70,70,70,70,70,70,70,70,70,70,70,80,80,80,80,80,80,80,80,80,80,80,80,80,80,80,80,80,80,80,80],"relic_stats":{"counters":[101,360],"Mummified Hand":[121],"Shuriken":[96],"Ornamental Fan":[176],"CeramicFish":207,"Tiny Chest":4,"HandDrill":[76],"Smiling Mask":0,"obtain_stats":[{"TwistedFunnel":0,"Tiny House":34,"CeramicFish":8,"Vajra":22,"Whetstone":24,"Sling":0,"Replay:Wanted Poster":17,"Centennial Puzzle":43,"Lizard Tail":47,"Sundial":43,"Replay:Bronze Core":17,"Strawberry":37,"Philosopher\u0027s Stone":17,"Prayer Wheel":0,"MealTicket":7,"Replay:Bottled Flurry":27,"HandDrill":30,"Pear":44,"Dead Branch":0,"ReplayTheSpireMod:Ring of Addiction":46,"Replay:Grab Bag":17,"Pen Nib":37,"Ring of Chaos":34,"Replay:Kaleidoscope":0,"Akabeko":13,"WarpedTongs":29,"Replay:Baseball":11,"Bottled Flame":30,"ReplayTheSpireMod:Shallot":11,"Shuriken":9,"Onion Ring":40,"Black Star":17,"Pocketwatch":44,"Darkstone Periapt":0,"SacredBark":46,"Snake Skull":25,"Bag of Preparation":6,"Juzu Bracelet":0,"Replay:Multitool":27,"Incense Burner":28,"Ancient Tea Set":25,"Cursed Key":34,"Smiling Mask":45,"ClockworkSouvenir":25,"BranchBurnRelic":15,"Nunchaku":9,"Replay:Bandana":43,"Ring of Fangs":46,"Chameleon Ring":0,"Matryoshka":27,"WristBlade":17,"Ninja Scroll":21,"Mummified Hand":37,"Pantograph":37,"Tiny Chest":0,"Red Mask":19,"Chemical X":37,"InkBottle":44,"Ring of the Snake":0,"Gremlin Food":30,"Lee\u0027s Waffle":0,"BargainBundle":53,"ReplayTheSpireMod:Ninjato":7,"NeowsBlessing":0,"Guide Book":37,"Quantum Egg":30,"Circlet":0,"Thread and Needle":26,"betterThird:NestCultRelic":21,"The Courier":45,"Omamori":9,"Orichalcum":5,"Odd Mushroom":10,"Frozen Egg 2":26,"MawBank":2,"Anchor":23,"CaptainsWheel":37,"Pondfish Scales":54,"Ornamental Fan":36,"Art of War":26,"Membership Card":0,"ReplayTheSpireMod:Onyx Gauntlets":17,"Toy Ornithopter":46},{"TwistedFunnel":76,"Tiny House":43,"CeramicFish":80,"Vajra":12,"Whetstone":61,"Sling":26,"Replay:Wanted Poster":84,"Centennial Puzzle":22,"Lizard Tail":24,"Sundial":70,"Replay:Bronze Core":34,"Strawberry":45,"Philosopher\u0027s Stone":9,"Prayer Wheel":49,"MealTicket":53,"Replay:Bottled Flurry":39,"HandDrill":41,"Pear":71,"Dead Branch":26,"ReplayTheSpireMod:Ring of Addiction":48,"Replay:Grab Bag":58,"Pen Nib":66,"Ring of Chaos":92,"Replay:Kaleidoscope":26,"Akabeko":7,"WarpedTongs":62,"Replay:Baseball":31,"Bottled Flame":90,"ReplayTheSpireMod:Shallot":31,"Shuriken":80,"Onion Ring":69,"Black Star":58,"Pocketwatch":23,"Darkstone Periapt":49,"SacredBark":48,"Snake Skull":37,"Bag of Preparation":3,"Juzu Bracelet":26,"Replay:Multitool":39,"Incense Burner":40,"Ancient Tea Set":15,"Cursed Key":18,"Smiling Mask":97,"ClockworkSouvenir":37,"BranchBurnRelic":33,"Nunchaku":30,"Replay:Bandana":97,"Ring of Fangs":48,"Chameleon Ring":76,"Matryoshka":89,"WristBlade":58,"Ninja Scroll":59,"Mummified Hand":66,"Pantograph":66,"Tiny Chest":76,"Red Mask":11,"Chemical X":66,"InkBottle":71,"Ring of the Snake":0,"Gremlin Food":41,"Lee\u0027s Waffle":49,"BargainBundle":75,"ReplayTheSpireMod:Ninjato":80,"NeowsBlessing":0,"Guide Book":45,"Quantum Egg":63,"Circlet":0,"Thread and Needle":37,"betterThird:NestCultRelic":36,"The Courier":48,"Omamori":4,"Orichalcum":28,"Odd Mushroom":31,"Frozen Egg 2":88,"MawBank":1,"Anchor":13,"CaptainsWheel":20,"Pondfish Scales":76,"Ornamental Fan":93,"Art of War":15,"Membership Card":26,"ReplayTheSpireMod:Onyx Gauntlets":58,"Toy Ornithopter":48},{"TwistedFunnel":283,"Tiny House":164,"CeramicFish":298,"Vajra":42,"Whetstone":237,"Sling":101,"Replay:Wanted Poster":313,"Centennial Puzzle":78,"Lizard Tail":88,"Sundial":265,"Replay:Bronze Core":127,"Strawberry":173,"Philosopher\u0027s Stone":30,"Prayer Wheel":194,"MealTicket":209,"Replay:Bottled Flurry":144,"HandDrill":153,"Pear":268,"Dead Branch":101,"ReplayTheSpireMod:Ring of Addiction":186,"Replay:Grab Bag":230,"Pen Nib":253,"Ring of Chaos":332,"Replay:Kaleidoscope":101,"Akabeko":19,"WarpedTongs":240,"Replay:Baseball":114,"Bottled Flame":326,"ReplayTheSpireMod:Shallot":114,"Shuriken":298,"Onion Ring":262,"Black Star":230,"Pocketwatch":83,"Darkstone Periapt":194,"SacredBark":186,"Snake Skull":137,"Bag of Preparation":3,"Juzu Bracelet":101,"Replay:Multitool":144,"Incense Burner":148,"Ancient Tea Set":54,"Cursed Key":66,"Smiling Mask":346,"ClockworkSouvenir":137,"BranchBurnRelic":118,"Nunchaku":111,"Replay:Bandana":346,"Ring of Fangs":186,"Chameleon Ring":283,"Matryoshka":324,"WristBlade":230,"Ninja Scroll":232,"Mummified Hand":253,"Pantograph":253,"Tiny Chest":283,"Red Mask":38,"Chemical X":253,"InkBottle":268,"Ring of the Snake":0,"Gremlin Food":153,"Lee\u0027s Waffle":194,"BargainBundle":280,"ReplayTheSpireMod:Ninjato":298,"NeowsBlessing":0,"Guide Book":173,"Quantum Egg":243,"Circlet":0,"Thread and Needle":137,"betterThird:NestCultRelic":133,"The Courier":186,"Omamori":7,"Orichalcum":106,"Odd Mushroom":114,"Frozen Egg 2":320,"MawBank":1,"Anchor":46,"CaptainsWheel":72,"Pondfish Scales":283,"Ornamental Fan":335,"Art of War":54,"Membership Card":101,"ReplayTheSpireMod:Onyx Gauntlets":230,"Toy Ornithopter":186}],"Ring of the Snake":[200]},"card_choices":[{"not_picked":["Bane","Prepared"],"picked":"Footwork","floor":1},{"not_picked":["Prepared","ReplayTheSpireMod:Scrap Shanks"],"picked":"Blade Dance","floor":3},{"not_picked":["Dagger Throw","Prepared"],"picked":"Quick Slash","floor":5},{"not_picked":["Prepared","Backflip"],"picked":"Deflect","floor":7},{"not_picked":["Deadly Poison","Quick Slash"],"picked":"Adrenaline","floor":12},{"not_picked":["Underhanded Strike","Deadly Poison"],"picked":"Slice","floor":13},{"not_picked":["Backflip","Underhanded Strike"],"picked":"Cloak And Dagger","floor":14},{"not_picked":["Venomology","Malaise"],"picked":"After Image","floor":16},{"not_picked":["Dodge and Roll+1","PiercingWail"],"picked":"Blade Dance","floor":18},{"not_picked":["Dagger Throw+1","Endless Agony"],"picked":"Blade Dance+1","floor":20},{"not_picked":["Escape Plan","Blur"],"picked":"Crippling Poison","floor":21},{"not_picked":["Acrobatics+1","Tactician"],"picked":"Slice","floor":24},{"not_picked":["Hidden Blade","Sucker Punch"],"picked":"Corpse Explosion","floor":27},{"not_picked":["Flying Knee","Fluid Movement+1"],"picked":"Riddle With Holes+1","floor":29},{"not_picked":["Sneak Up","Cloak And Dagger"],"picked":"Blade Dance","floor":31},{"not_picked":["A Thousand Cuts+1","Unload"],"picked":"Envenom+1","floor":33},{"not_picked":["Hidden Blade+1","Well Laid Plans+1"],"picked":"Dagger Spray+1","floor":35},{"not_picked":["Blur+1","Underhanded Strike"],"picked":"Cloak And Dagger+1","floor":36},{"not_picked":["Deflect","Dodge and Roll"],"picked":"Fluid Movement+1","floor":37},{"not_picked":["Sucker Punch+1","Unload"],"picked":"Riddle With Holes+1","floor":38},{"not_picked":["Outmaneuver","Dodge and Roll"],"picked":"Quick Slash+1","floor":41},{"not_picked":["Expertise","Dodge and Roll"],"picked":"Flying Knee","floor":42},{"not_picked":["Hidden Blade","Masterful Stab"],"picked":"Caltrops+1","floor":46},{"not_picked":["Quick Slash+1","Toxin Wave"],"picked":"ReplayTheSpireMod:Scrap Shanks+1","floor":47},{"not_picked":["Deadly Poison","Prepared+1"],"picked":"Slice","floor":48}],"player_experience":334033,"relics_obtained":[{"floor":7,"key":"ReplayTheSpireMod:Ninjato"},{"floor":8,"key":"CeramicFish"},{"floor":9,"key":"Shuriken"},{"floor":26,"key":"Frozen Egg 2"},{"floor":27,"key":"Matryoshka"},{"floor":30,"key":"Ancient Tea Set"},{"floor":30,"key":"Bottled Flame"},{"floor":31,"key":"Pear"},{"floor":36,"key":"Ornamental Fan"},{"floor":43,"key":"Replay:Bandana"},{"floor":45,"key":"Smiling Mask"}],"event_choices":[{"cards_removed":["Footwork"],"damage_healed":36,"gold_gain":0,"player_choice":"Offered Uncommon","damage_taken":0,"max_hp_gain":0,"max_hp_loss":0,"event_name":"Bonfire Elementals","floor":2,"gold_loss":0},{"damage_healed":0,"gold_gain":0,"player_choice":"Grow","damage_taken":0,"max_hp_gain":0,"max_hp_loss":0,"event_name":"Living Wall","floor":4,"gold_loss":0,"cards_upgraded":["ReplayTheSpireMod:Brewmster"]},{"damage_healed":0,"gold_gain":175,"player_choice":"AGREE","damage_taken":187,"max_hp_gain":0,"max_hp_loss":0,"event_name":"betterThird:BetterSerpent","floor":10,"gold_loss":0},{"damage_healed":0,"gold_gain":0,"player_choice":"Got Potions","damage_taken":0,"max_hp_gain":0,"max_hp_loss":0,"event_name":"Lab","floor":19,"gold_loss":0},{"cards_removed":["Doubt"],"damage_healed":0,"gold_gain":0,"player_choice":"Removed Curses","damage_taken":0,"max_hp_gain":0,"max_hp_loss":0,"event_name":"Fountain of Cleansing","floor":28,"gold_loss":0},{"damage_healed":0,"gold_gain":0,"player_choice":"Upgrade","damage_taken":0,"max_hp_gain":0,"max_hp_loss":0,"event_name":"Designer","floor":39,"gold_loss":40,"cards_upgraded":["Blade Dance"]}],"is_beta":false,"boss_relics":[{"not_picked":["Coffee Dripper","Runic Dome"],"picked":"Replay:Wanted Poster"},{"not_picked":["Replay:Ancient Bell","Fusion Hammer"],"picked":"Ring of Chaos"}],"items_purged_floors":[],"is_endless":false,"potions_floor_spawned":[5,13,14,16,20,21,24,29,33,35,42,48],"ascension_level":0}}