{"host":"k6qwgpygxbgz06bg","time":1607773738,"event":{"mods":["BaseMod","Beaked The Cultist","Better Third Choice","BetterRewards","Colored Map","Friendly Minions","Marisa????????","Minty Spire (QoL Compilation)","Replay The Spire","StSLib","The Administrix","The Bug Knight","The Cursed","The Gatherer","The Mystic","The Witch"],"gold_per_floor":[112,87,101,101,120,146,166,166,166,166,184,184,200,45,45,45,45],"floor_reached":16,"playtime":614,"items_purged":["Strike_B"],"score":102,"play_id":"4bca35d4-a8c0-4ffa-946c-115660503939","local_time":"20201212124858","is_ascension_mode":false,"campfire_choices":[{"data":"Buffer","floor":8,"key":"SMITH"},{"data":"Go for the Eyes","floor":15,"key":"SMITH"}],"circlet_count":0,"master_deck":["Strike_B","Strike_B","Strike_B","Defend_B","Defend_B","Defend_B","Defend_B","Zap","Dualcast","Cold Snap","Cold Snap","Buffer+1","Crystallizer","Hologram","Coolheaded","Leap+1","Go for the Eyes+1","Storm"],"relics":["Sozu","betterThird:SlimedRelic","Replay:Bottled Steam"],"acts_visited":["Exordium"],"potions_floor_usage":[],"damage_taken":[{"damage":7,"enemies":"Small Slimes","floor":1,"turns":4},{"damage":4,"enemies":"Cultist","floor":3,"turns":4},{"damage":1,"enemies":"2 Louse","floor":5,"turns":3},{"damage":26,"enemies":"Gremlin Nob","floor":6,"turns":6},{"damage":0,"enemies":"Large Slime","floor":7,"turns":7},{"damage":1,"enemies":"2 Fungi Beasts","floor":11,"turns":4},{"damage":0,"enemies":"Exordium Thugs","floor":13,"turns":7},{"damage":48,"enemies":"Fading Forest","floor":16,"turns":8}],"seed_played":"-4148751055526764296","potions_obtained":[],"is_trial":false,"path_per_floor":["M","?","M","?","M","E","M","R","T","?","M","?","M","$","R","B"],"character_chosen":"DEFECT","items_purchased":["Storm"],"campfire_rested":0,"item_purchase_floors":[14],"current_hp_per_floor":[68,57,53,53,52,26,26,26,26,26,25,25,25,25,25,0,0],"gold":45,"neow_bonus":"BOSS_RELIC","is_daily":false,"chose_seed":false,"campfire_upgraded":2,"win_rate":0.0,"timestamp":1607773738,"path_taken":["M","?","M","?","M","E","M","R","T","?","?","?","M","$","R","BOSS"],"items_purchased_type":["Card"],"build_version":"2020-11-30","purchased_purges":1,"victory":false,"max_hp_per_floor":[75,75,75,75,75,75,75,75,75,75,75,75,75,75,75,75,75],"card_choices":[{"not_picked":["Sweeping Beam","Hello World"],"picked":"Cold Snap","floor":1},{"not_picked":["Turbo","Beam Cell"],"picked":"Cold Snap","floor":3},{"not_picked":["FTL","Barrage"],"picked":"Buffer","floor":5},{"not_picked":["Rebound","Beam Cell"],"picked":"Crystallizer","floor":6},{"not_picked":["BasicCrystalCard","Stack"],"picked":"Hologram","floor":7},{"not_picked":["Redo","Fission"],"picked":"Coolheaded","floor":11},{"not_picked":["Redo","Steam"],"picked":"Go for the Eyes","floor":13}],"player_experience":158570,"relics_obtained":[{"floor":6,"key":"Replay:Bottled Steam"}],"event_choices":[{"damage_healed":0,"gold_gain":0,"player_choice":"Slimed","damage_taken":11,"max_hp_gain":0,"max_hp_loss":0,"event_name":"betterThird:BetterGoop","floor":2,"gold_loss":25},{"damage_healed":0,"gold_gain":0,"player_choice":"Ignored","damage_taken":101,"max_hp_gain":0,"max_hp_loss":0,"event_name":"betterThird:BetterSerpent","floor":4,"gold_loss":0},{"damage_healed":0,"gold_gain":0,"player_choice":"1 cards matched","damage_taken":0,"max_hp_gain":0,"max_hp_loss":0,"event_name":"Match and Keep!","floor":10,"gold_loss":0,"cards_obtained":["Fission"]}],"is_beta":false,"boss_relics":[],"items_purged_floors":[14],"is_endless":false,"potions_floor_spawned":[3,11,13],"killed_by":"Fading Forest","ascension_level":0}}