{"host":"zksvs3x2ysy9npnz","time":1607794150,"event":{"mods":["Aspiration","BaseMod","Beaked The Cultist","BetterRewards","Colored Map","Conspire","Duelist Mod","Halation","Highlight Path","Hubris","Infinite Spire","Jedi Mod","Minty Spire (QoL Compilation)","Permanent Neow","Quick Restart","Relic Stats","Replay The Spire","Retaliation","Shop Mod","StSLib"],"gold_per_floor":[135,135,152,152,49,84,84,84,84,84,95,95,37,37,37,37,37],"floor_reached":16,"playtime":612,"items_purged":["theDuelist:VampireCurse"],"score":192,"play_id":"ffd516de-8a4a-4177-8b44-49b4c7b01830","local_time":"20201212182910","is_ascension_mode":true,"campfire_choices":[{"data":"theDuelist:GreenGraveOni","floor":7.0,"key":"SMITH"},{"data":"theDuelist:FireDarts","floor":12.0,"key":"SMITH"},{"data":"theDuelist:FireDarts+1","floor":15.0,"key":"SMITH"}],"circlet_count":0,"master_deck":["theDuelist:BlastJuggler","theDuelist:EvigishkiTetrogre","theDuelist:FireDarts+2","theDuelist:FishSwaps","AscendersBane","theDuelist:GraydleAlligator","theDuelist:GreenGraveOni+1","theDuelist:Quariongandrax","theDuelist:RedRoseDragon","theDuelist:VendreadNightmare","theDuelist:VoidOgreDragon","theDuelist:GenexAllyBirdman","Injury","theDuelist:GenexAllyBirdman","Finesse+1"],"relics":["theDuelist:MillenniumPuzzle","theDuelist:CardPoolRelic","theDuelist:CardPoolBasicRelic","theDuelist:BoosterPackPoolRelic","theDuelist:CardPoolAddRelic","theDuelist:CardPoolMinusRelic","theDuelist:CardPoolSaveRelic","theDuelist:CardPoolOptionsRelic","aspiration:DSix","theDuelist:MillenniumRing","Toxic Egg 2","infinitespire:Beetle Shell","hubris:Icosahedron"],"acts_visited":["Exordium"],"potions_floor_usage":[],"damage_taken":[{"damage":0.0,"enemies":"Small Slimes","floor":1.0,"turns":2.0},{"damage":0.0,"enemies":"2 Louse","floor":3.0,"turns":2.0},{"damage":25.0,"enemies":"3 Sentries","floor":6.0,"turns":4.0},{"damage":1.0,"enemies":"Cultist","floor":11.0,"turns":3.0},{"damage":40,"enemies":"The Guardian","floor":16,"turns":5}],"seed_played":"-5285391141550085618","potions_obtained":[],"is_trial":false,"path_per_floor":["M","?","M","?","$","E","R","?","T","$","M","R","?","$","R","B"],"character_chosen":"THE_DUELIST","items_purchased":["theDuelist:GenexAllyBirdman"],"campfire_rested":0,"item_purchase_floors":[5],"current_hp_per_floor":[63,63,63,63,63,38,38,38,38,38,37,37,37,37,37,0,0],"gold":37,"neow_bonus":"DSIX","is_daily":false,"chose_seed":false,"campfire_upgraded":3,"win_rate":0.0,"timestamp":1607794150,"path_taken":["M","?","M","?","$","E","R","?","T","$","M","R","?","?","R","BOSS"],"items_purchased_type":["Card"],"build_version":"2020-11-30","purchased_purges":1,"victory":false,"max_hp_per_floor":[70,70,70,70,70,70,70,70,70,70,70,70,70,70,70,70,70],"relic_stats":{"counters":[5,16],"obtain_stats":[{"infinitespire:Beetle Shell":6,"theDuelist:MillenniumPuzzle":0,"theDuelist:CardPoolSaveRelic":0,"theDuelist:MillenniumRing":2,"theDuelist:BoosterPackPoolRelic":0,"theDuelist:CardPoolMinusRelic":0,"hubris:Icosahedron":8,"theDuelist:CardPoolBasicRelic":0,"theDuelist:CardPoolAddRelic":0,"theDuelist:CardPoolOptionsRelic":0,"Toxic Egg 2":4,"aspiration:DSix":0,"theDuelist:CardPoolRelic":0},{"infinitespire:Beetle Shell":3,"theDuelist:MillenniumPuzzle":0,"theDuelist:CardPoolSaveRelic":0,"theDuelist:MillenniumRing":1,"theDuelist:BoosterPackPoolRelic":0,"theDuelist:CardPoolMinusRelic":0,"hubris:Icosahedron":3,"theDuelist:CardPoolBasicRelic":0,"theDuelist:CardPoolAddRelic":0,"theDuelist:CardPoolOptionsRelic":0,"Toxic Egg 2":2,"aspiration:DSix":0,"theDuelist:CardPoolRelic":0},{"infinitespire:Beetle Shell":8,"theDuelist:MillenniumPuzzle":0,"theDuelist:CardPoolSaveRelic":0,"theDuelist:MillenniumRing":2,"theDuelist:BoosterPackPoolRelic":0,"theDuelist:CardPoolMinusRelic":0,"hubris:Icosahedron":8,"theDuelist:CardPoolBasicRelic":0,"theDuelist:CardPoolAddRelic":0,"theDuelist:CardPoolOptionsRelic":0,"Toxic Egg 2":4,"aspiration:DSix":0,"theDuelist:CardPoolRelic":0}]},"card_choices":[{"not_picked":["theDuelist:GaiaMidNightSun","theDuelist:PowerGiant","theDuelist:SolemnStrike","theDuelist:WormWarlord","theDuelist:Raigeki"],"picked":"SKIP","floor":1.0},{"not_picked":["theDuelist:CommandKnight","theDuelist:AmbitiousGofer","theDuelist:MudGolem","theDuelist:Sangan"],"picked":"theDuelist:GenexAllyBirdman","floor":3.0},{"not_picked":["Dramatic Entrance","Magnetism","The Bomb+1"],"picked":"Finesse+1","floor":6.0},{"not_picked":["theDuelist:Deskbot004","theDuelist:ImperialCustom+1","theDuelist:AmbitiousGofer+1","theDuelist:ThalassicMetronome+1","theDuelist:NaturiaEggplant"],"picked":"SKIP","floor":11.0}],"player_experience":1200877,"relics_obtained":[{"floor":6.0,"key":"infinitespire:Beetle Shell"}],"event_choices":[{"damage_healed":0.0,"max_hp_gain":0.0,"max_hp_loss":0.0,"gold_gain":0.0,"event_name":"Millennium Items","player_choice":"Took item - Received: Millennium Ring","duelist":true,"floor":2.0,"gold_loss":0.0,"damage_taken":0.0},{"damage_healed":0.0,"max_hp_gain":0.0,"max_hp_loss":0.0,"gold_gain":0.0,"event_name":"World of Goop","player_choice":"Left Gold","floor":13.0,"gold_loss":58.0,"damage_taken":0.0}],"is_beta":false,"boss_relics":[],"items_purged_floors":[5],"is_endless":false,"potions_floor_spawned":[],"killed_by":"The Guardian","ascension_level":20}}