{"host":"kos1s9q8ffr8fqos","time":1607806471,"event":{"mods":["2.2 Compatiblity","AchievementEnabler","AlwaysNeverKeys","Astrologer","BaseMod","Bestiary","Better Altar","Better Match","Better Note","Better Sensory Stone","Better Skull","Better Third Choice","Better Vampires","Colored Map","Colored Powertips","Curses Come First","Hermit","Infinite Spire","Jorbs\u0027s Wanderer Trilogy","Minty Spire (QoL Compilation)","Quick Restart","Random Character Button","Relic Stats","Shop Mod","StSLib","The Blue Laboratory","The Disciple","The Hierophant"],"gold_per_floor":[113,128,204,53,53,53,93,124,174,201,201,201,214,241,241,183,183],"floor_reached":16,"playtime":835,"items_purged":["hierophant:Strike_Hierophant"],"score":175,"play_id":"e44d475c-ae63-4c8b-bea5-148badceaa80","local_time":"20201212145431","is_ascension_mode":true,"campfire_choices":[{"data":"hierophant:Doubloon","floor":6,"key":"SMITH"},{"floor":12,"key":"REST"},{"data":"hierophant:Embezzle","floor":15,"key":"SMITH"}],"circlet_count":0,"master_deck":["hierophant:Strike_Hierophant","hierophant:Strike_Hierophant","hierophant:Strike_Hierophant","hierophant:Punish","hierophant:Defend_Hierophant+1","hierophant:Defend_Hierophant","hierophant:Defend_Hierophant","hierophant:Defend_Hierophant","hierophant:ChurchCoffers","hierophant:OrnateJavelin","hierophant:Doubloon+1","hierophant:Remorse","hierophant:CursedGold+1","hierophant:Doubloon+1","hierophant:Embezzle+1","hierophant:Doubloon","hierophant:CoinFling","hierophant:AuricShield","hierophant:Doubloon","hierophant:CoinFling"],"relics":["hierophant:PropheticMaskRelic","NeowsBlessing","Regal Pillow","Ginger","War Paint","infinitespire:PuzzleCube","HornCleat"],"acts_visited":["Exordium"],"potions_floor_usage":[14],"damage_taken":[{"damage":0,"enemies":"Cultist","floor":1,"turns":1},{"damage":0,"enemies":"Small Slimes","floor":2,"turns":1},{"damage":0,"enemies":"Gremlin Nob","floor":7,"turns":1},{"damage":0,"enemies":"2 Louse","floor":8,"turns":1},{"damage":18,"enemies":"Lagavulin","floor":10,"turns":6},{"damage":0,"enemies":"Blue Slaver","floor":13,"turns":2},{"damage":14,"enemies":"Gremlin Nob","floor":14,"turns":3},{"damage":56,"enemies":"Hexaghost","floor":16,"turns":14}],"seed_played":"-304064487739048158","potions_obtained":[{"floor":1,"key":"Regen Potion"},{"floor":8,"key":"blueLaboratory:CorrosionFlask"},{"floor":13,"key":"BlessingOfTheForge"}],"is_trial":false,"path_per_floor":["M","M","?","$","?","R","E","M","T","E","?","R","M","E","R","B"],"character_chosen":"HIEROPHANT","items_purchased":["hierophant:CursedGold"],"campfire_rested":1,"item_purchase_floors":[4],"current_hp_per_floor":[75,75,75,75,50,50,50,50,50,32,32,69,69,55,55,0,0],"gold":183,"neow_bonus":"THREE_ENEMY_KILL","is_daily":false,"chose_seed":false,"campfire_upgraded":2,"win_rate":0.0,"timestamp":1607806471,"path_taken":["M","?","?","$","?","R","E","M","T","E","?","R","M","E","R","BOSS"],"items_purchased_type":["Card"],"build_version":"2020-11-30","purchased_purges":1,"victory":false,"max_hp_per_floor":[75,75,75,75,75,75,75,75,75,75,75,75,75,75,75,75,75],"relic_stats":{"Regal Pillow":15,"counters":[8,29],"Ginger":[1],"War Paint":["hierophant:Doubloon","hierophant:Defend_Hierophant"],"obtain_stats":[{"Regal Pillow":5,"HornCleat":14,"NeowsBlessing":0,"hierophant:PropheticMaskRelic":0,"Ginger":7,"War Paint":9,"infinitespire:PuzzleCube":10},{"Regal Pillow":2,"HornCleat":7,"NeowsBlessing":0,"hierophant:PropheticMaskRelic":0,"Ginger":3,"War Paint":4,"infinitespire:PuzzleCube":5},{"Regal Pillow":2,"HornCleat":15,"NeowsBlessing":0,"hierophant:PropheticMaskRelic":0,"Ginger":3,"War Paint":4,"infinitespire:PuzzleCube":10}]},"card_choices":[{"not_picked":["hierophant:AuricBeam","hierophant:Smite"],"picked":"hierophant:OrnateJavelin","floor":1},{"not_picked":["hierophant:FlamingChariot","hierophant:Purify"],"picked":"hierophant:Remorse","floor":2},{"not_picked":["hierophant:Shelter","hierophant:Encroach"],"picked":"hierophant:Embezzle","floor":7},{"not_picked":["hierophant:Sermon","hierophant:DisplayOfPower"],"picked":"hierophant:CoinFling","floor":8},{"not_picked":["hierophant:OrnateBuckler","hierophant:MintersHammer"],"picked":"hierophant:AuricShield","floor":10},{"not_picked":["hierophant:MorningPrayer","hierophant:Doubloon"],"picked":"hierophant:CoinFling","floor":13},{"not_picked":["hierophant:FieryStrike","hierophant:Smite","hierophant:Upheaval"],"picked":"SKIP","floor":14}],"player_experience":1210801,"relics_obtained":[{"floor":7,"key":"Ginger"},{"floor":9,"key":"War Paint"},{"floor":10,"key":"infinitespire:PuzzleCube"},{"floor":14,"key":"HornCleat"}],"event_choices":[{"damage_healed":0,"gold_gain":76,"player_choice":"Gained Gold","damage_taken":0,"max_hp_gain":0,"max_hp_loss":0,"event_name":"Golden Wing","floor":3,"gold_loss":0},{"damage_healed":0,"gold_gain":0,"player_choice":"Relic ","damage_taken":25,"max_hp_gain":0,"max_hp_loss":0,"event_name":"betterThird:BetterScrap","floor":5,"gold_loss":0,"cards_obtained":["Undo"]},{"damage_healed":0,"gold_gain":0,"player_choice":"Grow","damage_taken":0,"max_hp_gain":0,"max_hp_loss":0,"event_name":"Living Wall","floor":11,"gold_loss":0,"cards_upgraded":["hierophant:CursedGold"]}],"is_beta":false,"boss_relics":[],"items_purged_floors":[4],"is_endless":false,"potions_floor_spawned":[1,8,13],"killed_by":"Hexaghost","ascension_level":1}}