{"host":"oi1nj6gqzrtwlr6p","time":1607747718,"event":{"mods":["2.2 Compatiblity","BaseMod","Better Match","Better Note","Block Reminder","Colored Powertips","DeckTracker","Downfall","Energized Spire","Koishi","Marisa????????","Minty Spire (QoL Compilation)","Rare Cards Sparkle","Reimu??????","StSLib","Td1madao Mod","The Administrix","The Senshi","The Servant 0.9.4","The Vixen","The Wild Card"],"gold_per_floor":[116,116,134,134,56,89,100,60,60,60,72,72,72,82,82,180,180,195,243,243,243,227,227,227,255,281,281,281,281,293,311,311,406,406,423,439,439,456,456,456,456,466,514,527,527,541,541,552,552,552],"floor_reached":51,"playtime":3836,"items_purged":[],"score":692,"play_id":"8690d090-f42c-4e22-b94f-da601e631633","local_time":"20201211223518","is_ascension_mode":false,"campfire_choices":[{"data":"Guardian:Clone","floor":10,"key":"SMITH"},{"data":"Guardian:CurlUp","floor":13,"key":"SMITH"},{"data":"Guardian:ArmoredProtocol","floor":15,"key":"SMITH"},{"data":"Guardian:PrismaticBarrier","floor":23,"key":"SMITH"},{"data":"Guardian:Incinerate","floor":29,"key":"SMITH"},{"data":"Guardian:TwinSlam","floor":32,"key":"SMITH"},{"data":"Guardian:Orbwalk","floor":40,"key":"SMITH"},{"floor":49,"key":"REST"}],"circlet_count":0,"master_deck":["Guardian:Strike_Guardian","Guardian:Strike_Guardian","Guardian:Strike_Guardian","Guardian:Strike_Guardian","Guardian:Defend_Guardian","Guardian:Defend_Guardian","Guardian:Defend_Guardian","Guardian:Defend_Guardian","Guardian:CurlUp+1","Guardian:TwinSlam+1","Guardian:Reroute","Guardian:Incinerate+1","Guardian:PrismaticBarrier+1","Guardian:Clone+1","Guardian:Suspension","Guardian:ArmoredProtocol+1","Guardian:Recover+1","Guardian:BronzeOrb","Guardian:Incinerate+1","Guardian:BaubleBeam","Guardian:SpikerProtocol","Finesse+1","Guardian:Orbwalk+1","Guardian:RollAttack","Guardian:Preprogram+1","Guardian:Harden"],"relics":["Guardian:ModeShifterPlus","Juzu Bracelet","Bag of Marbles","PaintedHorse:ReiMu","Mercury Hourglass","Toy Ornithopter","White Beast Statue","Toxic Egg 2","Potion Belt","SlaversCollar","Letter Opener","Lantern"],"acts_visited":["Exordium","TheCity","TheBeyond"],"potions_floor_usage":[16,18,33,33,33,33,44,50,50,50,50],"damage_taken":[{"damage":0,"enemies":"Small Slimes","floor":1,"turns":3},{"damage":6,"enemies":"2 Louse","floor":3,"turns":3},{"damage":15,"enemies":"3 Sentries","floor":6,"turns":8},{"damage":6,"enemies":"Cultist","floor":7,"turns":4},{"damage":0,"enemies":"Large Slime","floor":11,"turns":4},{"damage":0,"enemies":"Red Slaver","floor":14,"turns":4},{"damage":0,"enemies":"Hexaghost","floor":16,"turns":9},{"damage":0,"enemies":"Shell Parasite","floor":18,"turns":8},{"damage":4,"enemies":"2 Thieves","floor":22,"turns":4},{"damage":15,"enemies":"Slavers","floor":25,"turns":6},{"damage":0,"enemies":"Sentry and Sphere","floor":30,"turns":5},{"damage":5,"enemies":"Snake Plant","floor":31,"turns":4},{"damage":64,"enemies":"Champ","floor":33,"turns":19},{"damage":1,"enemies":"3 Shapes","floor":35,"turns":4},{"damage":0,"enemies":"Orb Walker","floor":36,"turns":3},{"damage":9,"enemies":"Spire Growth","floor":38,"turns":5},{"damage":1,"enemies":"Jaw Worm Horde","floor":42,"turns":4},{"damage":18,"enemies":"Transient","floor":44,"turns":5},{"damage":14,"enemies":"4 Shapes","floor":46,"turns":2},{"damage":2,"enemies":"Jaw Worm Horde","floor":48,"turns":4},{"damage":46,"enemies":"Time Eater","floor":50,"turns":12}],"seed_played":"9187510829880427347","potions_obtained":[{"floor":3,"key":"Explosive Potion"},{"floor":7,"key":"Slimebound:ThreeZeroPotion"},{"floor":11,"key":"EntropicBrew"},{"floor":14,"key":"ColorlessPotion"},{"floor":22,"key":"PowerPotion"},{"floor":24,"key":"LiquidBronze"},{"floor":24,"key":"Weak Potion"},{"floor":30,"key":"SkillPotion"},{"floor":31,"key":"Guardian:AcceleratePotion"},{"floor":33,"key":"BlessingOfTheForge"},{"floor":35,"key":"Energy Potion"},{"floor":36,"key":"Guardian:DefensiveModePotion"},{"floor":38,"key":"Regen Potion"},{"floor":42,"key":"EssenceOfSteel"},{"floor":44,"key":"Strength Potion"},{"floor":46,"key":"PowerPotion"}],"is_trial":false,"path_per_floor":["M","?","M","?","$","E","M","?","T","R","M","?","R","M","R","B",null,"M","T","?","?","M","R","?","E","T","?","?","R","M","M","R","B",null,"M","M","?","M","T","R","?","M","T","M","?","M","?","M","R","B",null],"character_chosen":"GUARDIAN","items_purchased":["Guardian:Gem_Blue"],"campfire_rested":1,"item_purchase_floors":[5],"current_hp_per_floor":[88,85,79,79,79,64,58,58,58,58,58,58,58,58,58,58,88,88,88,88,88,84,84,84,69,69,69,52,52,52,47,47,3,93,92,92,92,83,83,83,83,82,82,69,69,55,55,53,80,69],"gold":552,"neow_bonus":"TEN_PERCENT_HP_BONUS","is_daily":false,"chose_seed":false,"campfire_upgraded":7,"win_rate":0.0,"timestamp":1607747718,"path_taken":["M","?","M","?","$","E","M","?","T","R","M","?","R","M","R","BOSS","M","?","?","?","M","R","?","E","T","?","?","R","M","M","R","BOSS","M","M","?","M","?","R","?","M","T","M","?","M","?","M","R","BOSS"],"items_purchased_type":["Card"],"build_version":"2020-11-30","purchased_purges":0,"victory":true,"max_hp_per_floor":[88,88,88,88,88,88,88,88,88,88,88,88,88,88,88,88,88,88,88,88,88,88,88,88,88,88,88,93,93,93,93,93,93,93,93,93,93,93,93,93,93,93,93,93,93,93,93,93,93,93],"card_choices":[{"not_picked":["Guardian:WalkerClaw","Guardian:PiercingHide"],"picked":"Guardian:Reroute","floor":1},{"not_picked":["Guardian:Suspension","Guardian:ShieldSpikes"],"picked":"Guardian:Incinerate","floor":3},{"not_picked":["Guardian:TemporalShield","Guardian:BronzeArmor"],"picked":"Guardian:PrismaticBarrier","floor":6},{"not_picked":["Guardian:Gem_Purple","Guardian:Recover"],"picked":"Guardian:Clone","floor":7},{"not_picked":["Guardian:TemporalShield","Guardian:WalkerClaw"],"picked":"Guardian:Suspension","floor":11},{"not_picked":["Guardian:Gem_Cyan","Guardian:TimeSifter"],"picked":"Guardian:ArmoredProtocol","floor":14},{"not_picked":["Guardian:ExploitGems","Guardian:SphericShield"],"picked":"Guardian:Gem_Orange","floor":16},{"not_picked":["Guardian:DonusPower","Guardian:BronzeOrb"],"picked":"Guardian:Recover+1","floor":18},{"not_picked":["Guardian:Suspension","Guardian:ShieldSpikes"],"picked":"Guardian:BronzeOrb","floor":22},{"not_picked":["Guardian:Preprogram+1","Guardian:Incinerate"],"picked":"Guardian:Gem_Purple","floor":25},{"not_picked":["Guardian:TemporalStrike","Guardian:PiercingHide+1"],"picked":"Guardian:Incinerate+1","floor":30},{"not_picked":["Guardian:CrystalBeam","Guardian:FloatingOrbs"],"picked":"Guardian:Gem_Fragmented","floor":31},{"not_picked":["Guardian:Gem_Synthetic","Guardian:AncientConstruct"],"picked":"Guardian:BaubleBeam","floor":33},{"not_picked":["Guardian:TemporalShield+1","Guardian:CrystalBeam+1"],"picked":"Guardian:SpikerProtocol","floor":35},{"not_picked":["Guardian:Preprogram+1","Guardian:Gem_Fragmented"],"picked":"Guardian:Gem_Red","floor":36},{"not_picked":["expansioncontent:ManipulateTime+1","Swift Strike"],"picked":"Finesse+1","floor":37},{"not_picked":["Guardian:PolyBeam","Guardian:Preprogram+1"],"picked":"Guardian:Orbwalk","floor":38},{"not_picked":["Guardian:PrimingBeam+1","Guardian:TimeCapacitor+1"],"picked":"Guardian:RollAttack","floor":42},{"not_picked":["Guardian:Reroute","Guardian:BronzeOrb+1"],"picked":"Guardian:SentryBeam","floor":44},{"not_picked":["Guardian:ChargeCore","Guardian:Reroute+1"],"picked":"Guardian:Preprogram+1","floor":46},{"not_picked":["Guardian:Planning+1","Guardian:Gem_Red"],"picked":"Guardian:Harden","floor":48}],"player_experience":312133,"relics_obtained":[{"floor":6,"key":"Bag of Marbles"},{"floor":9,"key":"Mercury Hourglass"},{"floor":19,"key":"Toy Ornithopter"},{"floor":25,"key":"Toxic Egg 2"},{"floor":26,"key":"Potion Belt"},{"floor":39,"key":"Letter Opener"},{"floor":43,"key":"Lantern"}],"event_choices":[{"damage_healed":0,"gold_gain":0,"player_choice":"Success","damage_taken":3,"relics_obtained":["Juzu Bracelet"],"max_hp_gain":0,"max_hp_loss":0,"event_name":"Scrap Ooze","floor":2,"gold_loss":0},{"damage_healed":0,"gold_gain":0,"player_choice":"Donate","damage_taken":0,"relics_obtained":["PaintedHorse:ReiMu"],"max_hp_gain":0,"max_hp_loss":0,"event_name":"yidonshenshe","floor":8,"gold_loss":40},{"damage_healed":0,"gold_gain":0,"player_choice":"Gave Potion","damage_taken":0,"relics_obtained":["White Beast Statue"],"max_hp_gain":0,"max_hp_loss":0,"event_name":"WeMeetAgain","floor":20,"gold_loss":0},{"damage_healed":0,"gold_gain":0,"player_choice":"Full Heal","damage_taken":0,"max_hp_gain":0,"max_hp_loss":0,"event_name":"Wheel of Change","floor":21,"gold_loss":0},{"damage_healed":0,"gold_gain":0,"player_choice":"Got Potions","damage_taken":0,"max_hp_gain":0,"max_hp_loss":0,"event_name":"Lab","floor":24,"gold_loss":0},{"damage_healed":0,"gold_gain":0,"player_choice":"Ignored","damage_taken":0,"max_hp_gain":0,"max_hp_loss":0,"event_name":"Beggar","floor":27,"gold_loss":0},{"damage_healed":0,"gold_gain":0,"player_choice":"Shed Blood","damage_taken":22,"max_hp_gain":5,"max_hp_loss":0,"event_name":"Forgotten Altar","floor":28,"gold_loss":0},{"damage_healed":0,"gold_gain":0,"player_choice":"Memory 1","damage_taken":0,"max_hp_gain":0,"max_hp_loss":0,"event_name":"SensoryStone","floor":37,"gold_loss":0},{"damage_healed":0,"gold_gain":0,"player_choice":"Ignored","damage_taken":0,"max_hp_gain":0,"max_hp_loss":0,"event_name":"Tomb of Lord Red Mask","floor":41,"gold_loss":0}],"is_beta":false,"boss_relics":[{"not_picked":["Ectoplasm","energizedSpire:DeadBattery"],"picked":"Guardian:ModeShifterPlus"},{"not_picked":["energizedSpire:MagnifyingGlass","SacredBark"],"picked":"SlaversCollar"}],"items_purged_floors":[],"is_endless":false,"potions_floor_spawned":[3,7,11,14,22,25,30,31,33,35,36,38,42,44,46,48],"ascension_level":0}}