{"host":"0azimyi6n3ugndj4","time":1607765501,"event":{"mods":["BaseMod","Bestiary","Conspire","Curses Come First","Defuse TimeMaze Blight","Hyrulean Relics","Infinite Spire","Minty Spire (QoL Compilation)","Relic Stats","Replay The Spire","StSLib","SuperFastMode","Uncapped","¡¼?Úª?ø«¡½REMEMod"],"gold_per_floor":[99,99,171,219,270,270,360,360,383,121,196,73,128,179,179,398,548,593,483,550,46,62,62],"floor_reached":22,"playtime":561,"items_purged":[],"score":655,"play_id":"f94f420e-ef81-4286-93b8-2640e88de82a","local_time":"20201212183141","daily_mods":["Draft","Hoarder","Insanity","Chimera","Specialized","Vintage","ControlledChaos","Allstar","Diverse","Colorless Cards","Heirloom","Time Dilation","Flight","Elite Swarm","Lethality","Midas","Night Terrors","Binary"],"is_ascension_mode":true,"campfire_choices":[{"floor":6,"key":"REST"},{"floor":8,"key":"REST"},{"data":"Parasite","floor":15,"key":"PURGE"}],"circlet_count":0,"master_deck":["Demon Form","Wraith Form v2","Echo Form","DevaForm","AscendersBane","Bash","Survivor","Zap","Strike_R","Strike_G","Strike_B","Defend_R","Defend_G+1","Defend_P","Wireheading","Sucker Punch","Survey Options","Seeing Red","InnerPeace","Coolheaded","Dagger Throw","Flying Knee","SignatureMove","Backflip","Cold Snap","Shockwave","Coolheaded","FollowUp","Iron Wave","Evolve","Gash","Toxin Wave","REME_Repentance","Flying Knee","Caltrops","Shrug It Off","Protect","ReplayTheSpireMod:Trickstab","Stack+1","Anger","BasicCrystalCard","Halt","CutThroughFate","REME_Cut","Inflame","Dagger Throw","Body Slam","Compile Driver","Halt","JustLucky","FlurryOfBlows","FlyingSleeves","SashWhip","Spot Weakness","FlurryOfBlows","Dodge and Roll","Clash","Deadly Poison","Stack","Streamline","Twin Strike","Body Slam","Stack","Blade Dance","Rainbow+1","Rainbow+1","Rainbow+1","Rainbow+1","Rainbow+1","Rainbow+1","Rainbow+1","Rainbow+1","Rainbow+1","Rainbow+1","Rainbow+1","Rainbow+1","Rainbow+1","Rainbow+1","Rainbow+1","Ball Lightning","Ball Lightning","Ball Lightning","SashWhip","SashWhip","SashWhip","Replay:ManipulateFuture","Replay:ManipulateFuture","Replay:ManipulateFuture","FlyingSleeves","FlyingSleeves","FlyingSleeves","conspire:Rain","conspire:Rain","conspire:Rain","Evaluate","Evaluate","Evaluate+1","Acrobatics","Acrobatics","Acrobatics","BowlingBash","BowlingBash","BowlingBash","Cold Snap","Cold Snap","Cold Snap","FlurryOfBlows","FlurryOfBlows","FlurryOfBlows","Gash","Gash","Gash","Replay:Undeath\u0027s Touch","Replay:Undeath\u0027s Touch","Replay:Undeath\u0027s Touch","Clothesline","Clothesline","Clothesline+1","SashWhip","SashWhip","SashWhip","CarveReality","CarveReality","CarveReality","Establishment","Establishment","Establishment","infinitespire:Neurotoxin","infinitespire:Neurotoxin","infinitespire:Neurotoxin","Parasite"],"relics":["Frozen Eye","Busted Crown","REME_ComplimentaryCards","infinitespire:CursedDice","Sizzling Blood","Replay:Bottled Eggs","conspire:Flyswatter","zeldaRelics:CourageTriforce","Mummified Hand","ReplayTheSpireMod:CursedCoin","Matryoshka","zeldaRelics:WisdomPiece","Peace Pipe","Tiny House","Replay:Bandana","Replay:Bottled Snecko","REME_IWantAll","War Paint"],"acts_visited":["Exordium","TheCity"],"potions_floor_usage":[22,22],"damage_taken":[{"damage":2,"enemies":"Small Slimes","floor":4,"turns":2},{"damage":12,"enemies":"2 Louse","floor":5,"turns":3},{"damage":0,"enemies":"Gremlin Nob","floor":7,"turns":2},{"damage":17,"enemies":"3 Sentries","floor":11,"turns":5},{"damage":9,"enemies":"Jaw Worm","floor":14,"turns":2},{"damage":50,"enemies":"Hexaghost","floor":16,"turns":8},{"damage":30,"enemies":"2 Thieves","floor":18,"turns":4},{"damage":14,"enemies":"Spheric Guardian","floor":20,"turns":3},{"damage":20,"enemies":"3 Cultists","floor":22,"turns":3}],"seed_played":"-1532528289941030356","potions_obtained":[{"floor":4,"key":"Ancient Potion"},{"floor":5,"key":"FearPotion"},{"floor":17,"key":"Weak Potion"}],"is_trial":true,"path_per_floor":["?","?","?","M","M","R","E","R","T","$","E","$","T","M","R","B",null,"M","?","M","$","M"],"character_chosen":"THE_SILENT","items_purchased":["Mummified Hand","ReplayTheSpireMod:CursedCoin","Matryoshka","REME_IWantAll","War Paint"],"campfire_rested":2,"item_purchase_floors":[10,12,12,21,21],"current_hp_per_floor":[63,63,63,65,57,65,65,60,60,60,47,47,47,42,42,24,54,28,28,18,18,0,0],"gold":62,"neow_bonus":"","is_daily":false,"chose_seed":false,"campfire_upgraded":0,"win_rate":0.0,"timestamp":1607765501,"path_taken":["?","?","?","?","?","R","E","R","T","$","E","$","?","M","R","BOSS","M","?","?","?","M"],"items_purchased_type":["Relic","Relic","Relic","Relic","Relic"],"build_version":"2020-11-30","purchased_purges":0,"victory":false,"max_hp_per_floor":[70,70,70,70,70,65,65,60,60,60,60,60,60,60,57,57,62,62,59,59,59,59,59],"relic_stats":{"Peace Pipe":1,"Busted Crown":18,"counters":[9,32],"Mummified Hand":[9],"War Paint":["Evaluate","Defend_G"],"obtain_stats":[{"zeldaRelics:WisdomPiece":13,"Tiny House":17,"infinitespire:CursedDice":0,"ReplayTheSpireMod:CursedCoin":12,"Sizzling Blood":1,"War Paint":21,"REME_IWantAll":21,"zeldaRelics:CourageTriforce":11,"Peace Pipe":14,"Frozen Eye":0,"Replay:Bandana":18,"Busted Crown":0,"Matryoshka":12,"Mummified Hand":10,"zeldaRelics:CouragePiece":7,"Replay:Bottled Snecko":20,"Replay:Bottled Eggs":4,"Ring of the Snake":0,"REME_ComplimentaryCards":0,"conspire:Flyswatter":5},{"zeldaRelics:WisdomPiece":4,"Tiny House":6,"infinitespire:CursedDice":0,"ReplayTheSpireMod:CursedCoin":4,"Sizzling Blood":0,"War Paint":8,"REME_IWantAll":8,"zeldaRelics:CourageTriforce":4,"Peace Pipe":5,"Frozen Eye":0,"Replay:Bandana":7,"Busted Crown":0,"Matryoshka":4,"Mummified Hand":3,"zeldaRelics:CouragePiece":3,"Replay:Bottled Snecko":8,"Replay:Bottled Eggs":1,"Ring of the Snake":0,"REME_ComplimentaryCards":0,"conspire:Flyswatter":2},{"zeldaRelics:WisdomPiece":12,"Tiny House":22,"infinitespire:CursedDice":0,"ReplayTheSpireMod:CursedCoin":12,"Sizzling Blood":0,"War Paint":29,"REME_IWantAll":29,"zeldaRelics:CourageTriforce":12,"Peace Pipe":14,"Frozen Eye":0,"Replay:Bandana":26,"Busted Crown":0,"Matryoshka":12,"Mummified Hand":7,"zeldaRelics:CouragePiece":7,"Replay:Bottled Snecko":29,"Replay:Bottled Eggs":2,"Ring of the Snake":0,"REME_ComplimentaryCards":0,"conspire:Flyswatter":5}]},"card_choices":[{"not_picked":["Replay:AtTheReady","Halt"],"picked":"Ball Lightning","floor":0},{"not_picked":["Warcry","Consecrate"],"picked":"SashWhip","floor":0},{"not_picked":["Armaments","Redo"],"picked":"Replay:ManipulateFuture","floor":0},{"not_picked":["Worship","Endless Agony"],"picked":"FlyingSleeves","floor":0},{"not_picked":["Capacitor","Replay:AtTheReady"],"picked":"conspire:Rain","floor":0},{"not_picked":["Crescendo","Rampage"],"picked":"Evaluate","floor":0},{"not_picked":["Tactician","ReplayTheSpireMod:Shiv Toss"],"picked":"Acrobatics","floor":0},{"not_picked":["Flying Knee","Evaluate"],"picked":"BowlingBash","floor":0},{"not_picked":["Uppercut","Perfected Strike"],"picked":"Cold Snap","floor":0},{"not_picked":["Steam","Dagger Spray"],"picked":"FlurryOfBlows","floor":0},{"not_picked":["Wild Strike","Acrobatics"],"picked":"Gash","floor":0},{"not_picked":["Streamline","Forethought"],"picked":"Replay:Undeath\u0027s Touch","floor":0},{"not_picked":["Backflip","Headbutt"],"picked":"Clothesline","floor":0},{"not_picked":["Panic Button","Pray"],"picked":"SashWhip","floor":0},{"not_picked":["Warcry","Blind"],"picked":"CarveReality","floor":0}],"player_experience":1439076,"relics_obtained":[{"floor":4,"key":"Replay:Bottled Eggs"},{"floor":5,"key":"conspire:Flyswatter"},{"floor":7,"key":"zeldaRelics:CouragePiece"},{"floor":9,"key":"zeldaRelics:CouragePiece"},{"floor":11,"key":"zeldaRelics:CouragePiece"},{"floor":13,"key":"zeldaRelics:WisdomPiece"},{"floor":13,"key":"zeldaRelics:WisdomPiece"},{"floor":14,"key":"Peace Pipe"},{"floor":18,"key":"Replay:Bandana"},{"floor":20,"key":"Replay:Bottled Snecko"}],"event_choices":[{"damage_healed":0,"gold_gain":0,"cards_transformed":["Eruption"],"player_choice":"Change","damage_taken":0,"max_hp_gain":0,"max_hp_loss":0,"event_name":"Living Wall","floor":2,"gold_loss":0,"cards_obtained":["infinitespire:Neurotoxin"]},{"damage_healed":0,"gold_gain":72,"player_choice":"Gained Gold","damage_taken":0,"max_hp_gain":0,"max_hp_loss":0,"event_name":"Golden Wing","floor":3,"gold_loss":0},{"cards_removed":["Parasite"],"damage_healed":0,"gold_gain":0,"player_choice":"Upgrade and Remove","damage_taken":0,"max_hp_gain":0,"max_hp_loss":0,"event_name":"Designer","floor":19,"gold_loss":110,"cards_upgraded":["Stack"]}],"is_beta":false,"boss_relics":[{"not_picked":["Ectoplasm","ReplayTheSpireMod:SealedPack"],"picked":"Tiny House"}],"items_purged_floors":[],"is_endless":false,"potions_floor_spawned":[4,5],"killed_by":"3 Cultists","ascension_level":20}}