{"host":"87qycazfqg3dn1g9","time":1607805999,"event":{"mods":["AchievementEnabler","BaseMod","BetterRewards","Minty Spire (QoL Compilation)","Shop Mod","StSLib"],"gold_per_floor":[117,64,75,75,75,250,280,165,238,238,252,267,281,293,293,389,389,407,407,421,441,152,152,152,251,251,261,261,12,12,26,26,125,125,135,135,135,135],"floor_reached":37,"playtime":1316,"items_purged":["Doubt","Regret","Doubt","Decay"],"score":615,"play_id":"406be0b4-7507-4aef-af82-91f319822f16","local_time":"20201212154639","is_ascension_mode":true,"campfire_choices":[{"floor":10,"key":"REST"},{"floor":15,"key":"REST"},{"floor":23,"key":"REST"},{"floor":32,"key":"REST"}],"circlet_count":0,"master_deck":["AscendersBane","Strike_B+1","Strike_B+1","Strike_B+1","Defend_B+1","Defend_B+1","Defend_B+1","Zap","Dualcast","Ball Lightning","Capacitor","Reboot","White Noise","Storm","Conserve Battery","Storm","Defragment","Defragment","Biased Cognition","Defragment","Thunder Strike","Reinforced Body","Core Surge","White Noise","Ghostly","Ghostly","Ghostly","Ghostly","Ghostly","Static Discharge","Shame","Seek"],"relics":["Cracked Core","MerchantsRug","Happy Flower","DataDisk","Smiling Mask","Cursed Key","Cables","Runic Capacitor","Tiny Chest","Inserter"],"acts_visited":["Exordium","TheCity","TheBeyond"],"potions_floor_usage":[7,7,14,21,21,35,37],"damage_taken":[{"damage":10,"enemies":"Small Slimes","floor":1,"turns":4},{"damage":0,"enemies":"Jaw Worm","floor":3,"turns":3},{"damage":21,"enemies":"Gremlin Nob","floor":7,"turns":4},{"damage":0,"enemies":"2 Louse","floor":11,"turns":2},{"damage":12,"enemies":"Large Slime","floor":12,"turns":4},{"damage":2,"enemies":"2 Fungi Beasts","floor":13,"turns":3},{"damage":2,"enemies":"Exordium Wildlife","floor":14,"turns":2},{"damage":19,"enemies":"The Guardian","floor":16,"turns":5},{"damage":17,"enemies":"2 Thieves","floor":18,"turns":2},{"damage":16,"enemies":"Shell Parasite","floor":20,"turns":3},{"damage":12,"enemies":"Cultist and Chosen","floor":21,"turns":3},{"damage":24,"enemies":"Snake Plant","floor":27,"turns":3},{"damage":0,"enemies":"Centurion and Healer","floor":31,"turns":4},{"damage":2,"enemies":"Automaton","floor":33,"turns":6},{"damage":0,"enemies":"Orb Walker","floor":35,"turns":3},{"damage":44,"enemies":"Time Eater","floor":37,"turns":6}],"seed_played":"-9105656245616082329","potions_obtained":[{"floor":3,"key":"SteroidPotion"},{"floor":7,"key":"SkillPotion"},{"floor":11,"key":"SpeedPotion"},{"floor":16,"key":"Fire Potion"},{"floor":18,"key":"Fire Potion"},{"floor":35,"key":"GamblersBrew"}],"is_trial":false,"path_per_floor":["M","$","M","?","?","?","E","$","T","R","M","M","M","M","R","B",null,"M","?","M","M","$","R","?","?","T","M","?","$","?","M","R","B",null,"M","?","B"],"character_chosen":"DEFECT","items_purchased":["MerchantsRug","Orrery","SkillPotion","Regen Potion","Storm","Defragment","Cables","Runic Capacitor","Static Discharge","Block Potion"],"campfire_rested":4,"item_purchase_floors":[0,0,0,0,2,8,22,29,29,29],"current_hp_per_floor":[58,58,58,58,46,46,25,25,35,60,60,48,46,44,69,50,76,59,59,43,31,31,56,42,42,42,18,18,18,18,18,30,28,39,39,39,0,0],"gold":135,"neow_bonus":"","is_daily":false,"chose_seed":false,"campfire_upgraded":0,"win_rate":0.0,"timestamp":1607805999,"path_taken":["M","$","M","?","?","?","E","$","T","R","M","?","M","M","R","BOSS","M","?","M","M","$","R","?","?","T","M","?","$","?","M","R","BOSS","M","?","BOSS"],"items_purchased_type":["Relic","Relic","Potion","Potion","Card","Card","Relic","Relic","Card","Potion"],"build_version":"2020-11-30","purchased_purges":4,"victory":false,"max_hp_per_floor":[75,75,75,75,75,75,75,75,85,85,85,85,85,85,85,85,85,85,85,85,85,85,85,42,42,42,42,42,42,42,42,42,42,42,42,42,42,42],"card_choices":[{"not_picked":["Core Surge","Redo"],"picked":"Ball Lightning","floor":0},{"not_picked":["Chaos","Conserve Battery"],"picked":"Capacitor","floor":0},{"not_picked":["Streamline","Compile Driver"],"picked":"Reboot","floor":0},{"not_picked":["Streamline","Tempest"],"picked":"White Noise","floor":0},{"not_picked":["Hyperbeam","Reinforced Body"],"picked":"Storm","floor":0},{"not_picked":["Compile Driver","Streamline"],"picked":"Conserve Battery","floor":1},{"not_picked":["Genetic Algorithm","Leap"],"picked":"Defragment","floor":3},{"not_picked":["Rebound","Beam Cell","Compile Driver"],"picked":"SKIP","floor":7},{"not_picked":["Turbo","Compile Driver"],"picked":"Biased Cognition","floor":11},{"not_picked":["Beam Cell","Tempest"],"picked":"Defragment","floor":12},{"not_picked":["Redo","Stack","Lockon"],"picked":"SKIP","floor":13},{"not_picked":["Scrape","Sweeping Beam","Redo"],"picked":"SKIP","floor":14},{"not_picked":["Biased Cognition","All For One"],"picked":"Thunder Strike","floor":16},{"not_picked":["Redo+1","Sweeping Beam","Cold Snap"],"picked":"SKIP","floor":18},{"not_picked":["Reprogram","Conserve Battery+1","FTL"],"picked":"SKIP","floor":20},{"not_picked":["Leap","Self Repair"],"picked":"White Noise","floor":21},{"not_picked":["Coolheaded","Cold Snap","Beam Cell"],"picked":"SKIP","floor":27},{"not_picked":["Double Energy","Conserve Battery+1","Streamline"],"picked":"SKIP","floor":31},{"not_picked":["Amplify","All For One"],"picked":"Seek","floor":33},{"not_picked":["Cold Snap","Turbo+1","Ball Lightning"],"picked":"SKIP","floor":35}],"player_experience":208769,"relics_obtained":[{"floor":7,"key":"Smiling Mask"},{"floor":9,"key":"Pear"},{"floor":26,"key":"Blue Candle"}],"event_choices":[{"damage_healed":0,"gold_gain":0,"player_choice":"Box","damage_taken":0,"relics_obtained":["Happy Flower"],"max_hp_gain":0,"max_hp_loss":0,"event_name":"Big Fish","floor":4,"gold_loss":0,"cards_obtained":["Regret"]},{"damage_healed":0,"gold_gain":0,"player_choice":"Success","damage_taken":12,"relics_obtained":["DataDisk"],"max_hp_gain":0,"max_hp_loss":0,"event_name":"Scrap Ooze","floor":5,"gold_loss":0},{"damage_healed":0,"gold_gain":175,"player_choice":"AGREE","damage_taken":0,"max_hp_gain":0,"max_hp_loss":0,"event_name":"Liars Game","floor":6,"gold_loss":0,"cards_obtained":["Doubt"]},{"damage_healed":0,"gold_gain":0,"cards_transformed":["Defend_B","Strike_B"],"player_choice":"Became Test Subject","damage_taken":0,"max_hp_gain":0,"max_hp_loss":0,"event_name":"Drug Dealer","floor":19,"gold_loss":0,"cards_obtained":["Reinforced Body","Core Surge"]},{"damage_healed":0,"gold_gain":0,"player_choice":"Became a Ghost","damage_taken":0,"max_hp_gain":0,"max_hp_loss":43,"event_name":"Ghosts","floor":24,"gold_loss":0,"cards_obtained":["Ghostly","Ghostly","Ghostly","Ghostly","Ghostly"]},{"damage_healed":0,"gold_gain":99,"player_choice":"Stole From Cult","damage_taken":0,"max_hp_gain":0,"max_hp_loss":0,"event_name":"Nest","floor":25,"gold_loss":0},{"damage_healed":0,"gold_gain":0,"player_choice":"Simplicity","damage_taken":0,"max_hp_gain":0,"max_hp_loss":0,"event_name":"Back to Basics","floor":28,"gold_loss":0,"cards_upgraded":["Strike_B","Strike_B","Strike_B","Defend_B","Defend_B","Defend_B"]},{"damage_healed":0,"gold_gain":0,"player_choice":"Stole Relic","damage_taken":0,"relics_obtained":["Tiny Chest"],"max_hp_gain":0,"max_hp_loss":0,"event_name":"Addict","floor":30,"gold_loss":0,"cards_obtained":["Shame"]},{"damage_healed":0,"gold_gain":0,"player_choice":"Took Portal","damage_taken":0,"max_hp_gain":0,"max_hp_loss":0,"event_name":"SecretPortal","floor":36,"gold_loss":0}],"is_beta":false,"boss_relics":[{"not_picked":["Ectoplasm","FrozenCore"],"picked":"Cursed Key"},{"not_picked":["Runic Dome","Empty Cage"],"picked":"Inserter"}],"items_purged_floors":[0,8,22,29],"is_endless":false,"potions_floor_spawned":[3,7,11,16,18,35],"killed_by":"Time Eater","ascension_level":12}}