{"host":"9v3x998ddbx8o276","time":1607777552,"event":{"mods":["AchievementEnabler","BaseMod","Colored Map","Highlight Path","Minty Spire (QoL Compilation)","Quick Restart","Rare Cards Sparkle"],"gold_per_floor":[115,18,33,183,196,222,252,270,270,287,316,33,48,67,67,140,140,153,153,153,153,4,4,20,51,51,68,78,128,142,158,158,158,158],"floor_reached":33,"playtime":1595,"items_purged":["Doubt"],"score":562,"play_id":"9d3aff06-7068-40e9-9b32-c5c4ee7bbd0f","local_time":"20201212232232","is_ascension_mode":true,"campfire_choices":[{"data":"Loop","floor":15.0,"key":"SMITH"},{"floor":23.0,"key":"REST"},{"floor":32,"key":"REST"}],"circlet_count":0,"master_deck":["AscendersBane","Strike_B","Strike_B","Strike_B","Strike_B","Defend_B","Defend_B","Defend_B","Defend_B","Zap","Dualcast","Beam Cell","Gash","Auto Shields","Coolheaded","Rip and Tear","Capacitor","Barrage","Cold Snap","Conserve Battery","Glacier","Loop+1","Echo Form","Steam","Creative AI","Ball Lightning","Self Repair","Undo+1","Go for the Eyes+1","Reprogram","Ball Lightning+1"],"relics":["Cracked Core","NeowsBlessing","Meat on the Bone","FossilizedHelix","Emotion Chip","Regal Pillow","Snecko Eye","Nilry\u0027s Codex","Nunchaku","Molten Egg 2"],"acts_visited":["Exordium","TheCity"],"potions_floor_usage":[31],"damage_taken":[{"damage":0.0,"enemies":"Jaw Worm","floor":1.0,"turns":1.0},{"damage":0.0,"enemies":"2 Louse","floor":3.0,"turns":1.0},{"damage":0.0,"enemies":"Small Slimes","floor":5.0,"turns":1.0},{"damage":18.0,"enemies":"Lagavulin","floor":6.0,"turns":6.0},{"damage":12.0,"enemies":"Blue Slaver","floor":8.0,"turns":4.0},{"damage":38.0,"enemies":"Gremlin Gang","floor":10.0,"turns":5.0},{"damage":15.0,"enemies":"3 Sentries","floor":11.0,"turns":7.0},{"damage":0.0,"enemies":"2 Fungi Beasts","floor":13.0,"turns":5.0},{"damage":0.0,"enemies":"Blue Slaver","floor":14.0,"turns":4.0},{"damage":3.0,"enemies":"The Guardian","floor":16.0,"turns":13.0},{"damage":17.0,"enemies":"Chosen","floor":18.0,"turns":8.0},{"damage":10.0,"enemies":"Shell Parasite","floor":24.0,"turns":6.0},{"damage":62.0,"enemies":"Gremlin Leader","floor":25.0,"turns":7.0},{"damage":20.0,"enemies":"Snake Plant","floor":27.0,"turns":5.0},{"damage":0.0,"enemies":"Snecko","floor":28.0,"turns":7.0},{"damage":2,"enemies":"Chosen and Byrds","floor":30,"turns":6},{"damage":55,"enemies":"3 Cultists","floor":31,"turns":7},{"damage":88,"enemies":"Collector","floor":33,"turns":7}],"seed_played":"-1389658728494280370","potions_obtained":[{"floor":1.0,"key":"PowerPotion"},{"floor":6.0,"key":"SpeedPotion"},{"floor":10.0,"key":"LiquidMemories"},{"floor":13.0,"key":"Regen Potion"},{"floor":16.0,"key":"Strength Potion"},{"floor":18.0,"key":"LiquidMemories"},{"floor":28.0,"key":"FearPotion"},{"floor":30,"key":"PowerPotion"}],"is_trial":false,"path_per_floor":["M","$","M","?","M","E","?","M","T","M","E","$","M","M","R","B",null,"M","?","?","?","$","R","M","E","T","M","M","?","M","M","R","B"],"character_chosen":"DEFECT","items_purchased":["Gash","Auto Shields","Regal Pillow","Glacier","Loop","Self Repair"],"campfire_rested":2,"item_purchase_floors":[2,2,12,12,12,22],"current_hp_per_floor":[64,64,64,64,64,46,46,46,46,20,17,17,29,41,41,38,63,46,25,25,39,39,71,71,28,28,20,46,46,58,15,51,0,0],"gold":158,"neow_bonus":"THREE_ENEMY_KILL","is_daily":false,"chose_seed":false,"campfire_upgraded":1,"win_rate":0.0,"timestamp":1607777552,"path_taken":["M","$","M","?","M","E","?","M","T","M","E","$","M","M","R","BOSS","M","?","?","?","?","R","?","E","T","M","M","?","M","M","R","BOSS"],"items_purchased_type":["Card","Card","Relic","Card","Card","Card"],"build_version":"2020-11-30","purchased_purges":1,"victory":false,"max_hp_per_floor":[71,71,71,71,71,71,71,71,71,71,71,71,71,71,71,71,71,71,71,71,71,71,71,71,71,71,71,71,71,71,71,71,71,71],"card_choices":[{"not_picked":["Chaos","Conserve Battery"],"picked":"Beam Cell","floor":1.0},{"not_picked":["Blizzard","Beam Cell"],"picked":"Coolheaded","floor":3.0},{"not_picked":["Steam Power","Compile Driver"],"picked":"Rip and Tear","floor":5.0},{"not_picked":["Sunder","Stack"],"picked":"Capacitor","floor":6.0},{"not_picked":["Beam Cell","Auto Shields"],"picked":"Barrage","floor":8.0},{"not_picked":["Force Field","Reprogram"],"picked":"Cold Snap","floor":10.0},{"not_picked":["Beam Cell","Heatsinks"],"picked":"Conserve Battery","floor":11.0},{"not_picked":["Reprogram","Sunder"],"picked":"Echo Form","floor":13.0},{"not_picked":["Double Energy","Hologram"],"picked":"Steam","floor":14.0},{"not_picked":["All For One","Echo Form"],"picked":"Creative AI","floor":16.0},{"not_picked":["Auto Shields","Chill"],"picked":"Ball Lightning","floor":18.0},{"not_picked":["Coolheaded","Beam Cell"],"picked":"Undo+1","floor":24.0},{"not_picked":["Undo","Gash","Rebound+1"],"picked":"SKIP","floor":25.0},{"not_picked":["Lockon+1","Reboot","Tempest"],"picked":"SKIP","floor":27.0},{"not_picked":["Redo","Aggregate"],"picked":"Go for the Eyes+1","floor":28.0},{"not_picked":["Streamline+1","Redo"],"picked":"Reprogram","floor":30},{"not_picked":["Gash+1","BootSequence"],"picked":"Ball Lightning+1","floor":31}],"player_experience":2020677,"relics_obtained":[{"floor":6.0,"key":"Meat on the Bone"},{"floor":9.0,"key":"FossilizedHelix"},{"floor":11.0,"key":"Emotion Chip"},{"floor":19.0,"key":"Nilry\u0027s Codex"},{"floor":25.0,"key":"Nunchaku"},{"floor":26.0,"key":"Molten Egg 2"}],"event_choices":[{"damage_healed":0.0,"max_hp_gain":0.0,"max_hp_loss":0.0,"gold_gain":150.0,"event_name":"Liars Game","player_choice":"AGREE","floor":4.0,"gold_loss":0.0,"damage_taken":0.0,"cards_obtained":["Doubt"]},{"damage_healed":0.0,"max_hp_gain":0.0,"max_hp_loss":0.0,"gold_gain":30.0,"event_name":"Dead Adventurer","player_choice":"Searched \u00271\u0027 times","floor":7.0,"gold_loss":0.0,"damage_taken":0.0},{"damage_healed":0.0,"max_hp_gain":0.0,"max_hp_loss":0.0,"gold_gain":0.0,"event_name":"Cursed Tome","player_choice":"Obtained Book","floor":19.0,"gold_loss":0.0,"damage_taken":21.0},{"damage_healed":0.0,"max_hp_gain":0.0,"max_hp_loss":0.0,"gold_gain":0.0,"event_name":"Vampires","player_choice":"Ignored","floor":20.0,"gold_loss":0.0,"damage_taken":0.0},{"damage_healed":14.0,"max_hp_gain":0.0,"max_hp_loss":0.0,"gold_gain":0.0,"event_name":"The Library","player_choice":"Heal","floor":21.0,"gold_loss":0.0,"damage_taken":0.0},{"damage_healed":0.0,"max_hp_gain":0.0,"max_hp_loss":0.0,"gold_gain":50.0,"event_name":"Nest","player_choice":"Stole From Cult","floor":29.0,"gold_loss":0.0,"damage_taken":0.0}],"is_beta":false,"boss_relics":[{"not_picked":["Ectoplasm","Cursed Key"],"picked":"Snecko Eye"}],"items_purged_floors":[22],"is_endless":false,"potions_floor_spawned":[1,6,10,13,16,18,28,30],"killed_by":"Collector","ascension_level":20}}