{"host":"zksvs3x2ysy9npnz","time":1607743701,"event":{"mods":["Aspiration","BaseMod","Beaked The Cultist","BetterRewards","Colored Map","Conspire","Duelist Mod","Halation","Highlight Path","Hubris","Infinite Spire","Jedi Mod","Minty Spire (QoL Compilation)","Permanent Neow","Quick Restart","Relic Stats","Replay The Spire","Retaliation","Shop Mod","StSLib"],"gold_per_floor":[143,143,156,156,71,71,89,121,171,149,149,149,179,189,189,267,267,280,0,20,20,39,39,49,83,110,110,138,138,169,18,18,96,96,112,112,167,167,167,201,201,236,236,236,254,254,288,320,320,320,320,320,54,87,87],"floor_reached":56,"playtime":3989,"items_purged":["theDuelist:Sparks","theDuelist:Sparks+1","theDuelist:NaturiaBeast"],"score":2215,"play_id":"9a875eea-98f8-4a7f-a24b-e56f1de2ecc2","local_time":"20201212042821","is_ascension_mode":true,"campfire_choices":[{"floor":11.0,"key":"REST"},{"floor":15.0,"key":"DIG"},{"data":"theDuelist:ConvulsionNature","floor":23.0,"key":"SMITH"},{"floor":27,"key":"RECALL"},{"data":"theDuelist:SummoningSwarm","floor":29,"key":"SMITH"},{"data":"theDuelist:Sparks","floor":32,"key":"PURGE"},{"floor":46,"key":"REST"},{"floor":49,"key":"REST"},{"floor":52,"key":"REST"}],"circlet_count":0,"master_deck":["theDuelist:CastleWalls","theDuelist:MillenniumScorpion","theDuelist:CastleWalls+1","theDuelist:NaturiaHorneedle","AscendersBane","theDuelist:NaturiaRagweed","theDuelist:NaturiaRock","theDuelist:SummoningSwarm+1","theDuelist:HuntingInstinct","theDuelist:WeepingIdol","theDuelist:NaturiaButterfly","theDuelist:Alpacaribou","theDuelist:ConvulsionNature+1","theDuelist:NaturiaTulip","theDuelist:NaturiaRock","theDuelist:NaturiaMarron","theDuelist:CastleWalls","theDuelist:NaturiaMarron","theDuelist:MagicHoleGolem","theDuelist:ConvulsionNature","theDuelist:NaturiaForest","theDuelist:NaturiaLandoise+1","theDuelist:NaturiaSunflower","theDuelist:NaturiaStinkbug","theDuelist:NaturalDisaster"],"relics":["theDuelist:MillenniumPuzzle","theDuelist:CardPoolRelic","theDuelist:CardPoolBasicRelic","theDuelist:BoosterPackPoolRelic","theDuelist:CardPoolAddRelic","theDuelist:CardPoolMinusRelic","theDuelist:CardPoolSaveRelic","theDuelist:CardPoolOptionsRelic","aspiration:Nostalgia","Sizzling Blood","theDuelist:CursedHealer","hubris:Icosahedron","halation:LostSnail","halation:PinkSoulGem","hubris:RGBLights","Regal Pillow","jedi:firstaidkit","Bottled Lightning","conspire:SpecialSausage","Replay:Bottled Flurry","Bag of Preparation","halation:VictoryRuler","theDuelist:NaturiaRelic","Replay:Grab Bag","theDuelist:GamblerChip","Fusion Hammer","aspiration:DefectSkillbook","aspiration:SecretTechniqueScroll","Brimstone","Replay:Byrd Feeder","WingedGreaves","halation:QuantumPhysicsTextbook","hubris:Towel","Toy Ornithopter","aspiration:AnachronicSnailShell","Bottled Tornado","infinitespire:Satchel","Replay:Wax Seal","jedi:crownofsimplicity","Happy Flower"],"acts_visited":["Exordium","TheCity","TheBeyond","TheEnding"],"potions_floor_usage":[28,30,30,48,55],"damage_taken":[{"damage":1.0,"enemies":"2 Louse","floor":1.0,"turns":3.0},{"damage":0.0,"enemies":"Small Slimes","floor":3.0,"turns":4.0},{"damage":0.0,"enemies":"Jaw Worm","floor":7.0,"turns":5.0},{"damage":21.0,"enemies":"Lagavulin","floor":8.0,"turns":9.0},{"damage":47.0,"enemies":"Gremlin Nob","floor":10.0,"turns":6.0},{"damage":8.0,"enemies":"3 Sentries","floor":13.0,"turns":7.0},{"damage":0.0,"enemies":"2 Fungi Beasts","floor":14.0,"turns":4.0},{"damage":8.0,"enemies":"Hexaghost","floor":16.0,"turns":11.0},{"damage":3.0,"enemies":"Chosen","floor":18.0,"turns":6.0},{"damage":18.0,"enemies":"3 Byrds","floor":20.0,"turns":4.0},{"damage":6.0,"enemies":"Snecko","floor":22.0,"turns":9.0},{"damage":4.0,"enemies":"Sentry and Sphere","floor":24.0,"turns":7.0},{"damage":7,"enemies":"Nightmare","floor":25,"turns":8},{"damage":32,"enemies":"Book of Stabbing","floor":28,"turns":8},{"damage":10,"enemies":"Slavers","floor":30,"turns":6},{"damage":28,"enemies":"conspire:MysteriousRune","floor":33,"turns":10},{"damage":0,"enemies":"Orb Walker","floor":35,"turns":3},{"damage":0,"enemies":"Orb Walker","floor":37,"turns":5},{"damage":8,"enemies":"Nemesis","floor":40,"turns":7},{"damage":0,"enemies":"Giant Head","floor":42,"turns":4},{"damage":0,"enemies":"3 Shapes","floor":45,"turns":3},{"damage":4,"enemies":"Nemesis","floor":47,"turns":5},{"damage":6,"enemies":"Reptomancer","floor":48,"turns":5},{"damage":4,"enemies":"Donu and Deca","floor":50,"turns":8},{"damage":16,"enemies":"Shield and Spear","floor":54,"turns":5},{"damage":66,"enemies":"The Heart","floor":55,"turns":8}],"seed_played":"-8616484923213488511","potions_obtained":[{"floor":7.0,"key":"SpeedPotion"},{"floor":10.0,"key":"jedi:tentaclejuice"},{"floor":20.0,"key":"Fire Potion"},{"floor":28,"key":"theDuelist:WaterBottle"},{"floor":42,"key":"theDuelist:TokenPotion"},{"floor":47,"key":"DDmod:CleansePotion"}],"is_trial":false,"path_per_floor":["M","?","M","?","$","?","M","E","T","E","R","?","E","M","R_BF","B",null,"M","?","M","?","M","R","M","NM","T","R","E","R","E","$","R_BF","B",null,"M","AVR","?","?","?","E","?","E","T","R","M","R","E","E","R","B",null,"R","$","E","B",null],"character_chosen":"THE_DUELIST","items_purchased":["halation:LostSnail","theDuelist:ConvulsionNature","jedi:crownofsimplicity"],"campfire_rested":4,"item_purchase_floors":[5,31,53],"current_hp_per_floor":[70,74,74,74,74,74,74,64,64,21,58,36,32,36,36,42,66,70,70,70,66,67,67,72,74,74,74,60,60,61,61,61,50,68,72,72,74,74,74,74,74,74,74,74,74,74,74,74,74,74,74,74,74,73,74],"gold":87,"neow_bonus":"NOSTALGIA","is_daily":false,"chose_seed":false,"campfire_upgraded":2,"win_rate":0.0,"timestamp":1607743701,"path_taken":["M","?","M","?","$","?","M","E","T","E","R","?","E","M","R_BF","BOSS","M","?","M","?","M","R","M","NM","T","R","E","R","E","?","R_BF","BOSS","M","AVR","?","?","?","E","?","E","T","R","?","R","E","E","R","BOSS","R","$","E","BOSS"],"items_purchased_type":["Relic","Card","Relic"],"build_version":"2020-11-30","purchased_purges":3,"victory":true,"max_hp_per_floor":[74,74,74,74,74,74,74,74,74,74,74,74,74,74,74,74,74,74,74,74,74,74,74,74,74,74,74,74,74,74,74,74,74,74,74,74,74,74,74,74,74,74,74,74,74,74,74,74,74,74,74,74,74,74,74],"relic_stats":{"Regal Pillow":15,"Happy Flower":[2],"counters":[26,159],"Bag of Preparation":[26],"obtain_stats":[{"Regal Pillow":10,"theDuelist:CursedHealer":2,"theDuelist:NaturiaRelic":30,"conspire:SpecialSausage":17,"Sizzling Blood":0,"Bag of Preparation":26,"theDuelist:MillenniumPuzzle":0,"Bottled Tornado":43,"theDuelist:BoosterPackPoolRelic":0,"hubris:Icosahedron":4,"aspiration:DefectSkillbook":34,"jedi:firstaidkit":13,"aspiration:AnachronicSnailShell":42,"halation:VictoryRuler":28,"theDuelist:CardPoolAddRelic":0,"Fusion Hammer":34,"WingedGreaves":37,"theDuelist:CardPoolOptionsRelic":0,"Replay:Bottled Flurry":25,"Replay:Wax Seal":48,"hubris:RGBLights":8,"theDuelist:CardPoolRelic":0,"Replay:Byrd Feeder":37,"halation:QuantumPhysicsTextbook":37,"Happy Flower":54,"aspiration:Nostalgia":0,"Replay:Grab Bag":34,"theDuelist:CardPoolSaveRelic":0,"aspiration:SecretTechniqueScroll":34,"jedi:crownofsimplicity":53,"hubris:Towel":38,"theDuelist:CardPoolMinusRelic":0,"theDuelist:GamblerChip":34,"Brimstone":36,"theDuelist:CardPoolBasicRelic":0,"infinitespire:Satchel":47,"Bottled Lightning":15,"halation:LostSnail":5,"halation:PinkSoulGem":6,"Toy Ornithopter":40},{"Regal Pillow":5,"theDuelist:CursedHealer":1,"theDuelist:NaturiaRelic":15,"conspire:SpecialSausage":8,"Sizzling Blood":0,"Bag of Preparation":13,"theDuelist:MillenniumPuzzle":0,"Bottled Tornado":20,"theDuelist:BoosterPackPoolRelic":0,"hubris:Icosahedron":2,"aspiration:DefectSkillbook":16,"jedi:firstaidkit":6,"aspiration:AnachronicSnailShell":20,"halation:VictoryRuler":14,"theDuelist:CardPoolAddRelic":0,"Fusion Hammer":16,"WingedGreaves":18,"theDuelist:CardPoolOptionsRelic":0,"Replay:Bottled Flurry":13,"Replay:Wax Seal":23,"hubris:RGBLights":4,"theDuelist:CardPoolRelic":0,"Replay:Byrd Feeder":18,"halation:QuantumPhysicsTextbook":18,"Happy Flower":25,"aspiration:Nostalgia":0,"Replay:Grab Bag":16,"theDuelist:CardPoolSaveRelic":0,"aspiration:SecretTechniqueScroll":16,"jedi:crownofsimplicity":24,"hubris:Towel":18,"theDuelist:CardPoolMinusRelic":0,"theDuelist:GamblerChip":16,"Brimstone":17,"theDuelist:CardPoolBasicRelic":0,"infinitespire:Satchel":22,"Bottled Lightning":7,"halation:LostSnail":2,"halation:PinkSoulGem":2,"Toy Ornithopter":19},{"Regal Pillow":26,"theDuelist:CursedHealer":3,"theDuelist:NaturiaRelic":96,"conspire:SpecialSausage":48,"Sizzling Blood":0,"Bag of Preparation":82,"theDuelist:MillenniumPuzzle":0,"Bottled Tornado":125,"theDuelist:BoosterPackPoolRelic":0,"hubris:Icosahedron":7,"aspiration:DefectSkillbook":106,"jedi:firstaidkit":33,"aspiration:AnachronicSnailShell":125,"halation:VictoryRuler":90,"theDuelist:CardPoolAddRelic":0,"Fusion Hammer":106,"WingedGreaves":114,"theDuelist:CardPoolOptionsRelic":0,"Replay:Bottled Flurry":82,"Replay:Wax Seal":138,"hubris:RGBLights":20,"theDuelist:CardPoolRelic":0,"Replay:Byrd Feeder":114,"halation:QuantumPhysicsTextbook":114,"Happy Flower":151,"aspiration:Nostalgia":0,"Replay:Grab Bag":106,"theDuelist:CardPoolSaveRelic":0,"aspiration:SecretTechniqueScroll":106,"jedi:crownofsimplicity":146,"hubris:Towel":114,"theDuelist:CardPoolMinusRelic":0,"theDuelist:GamblerChip":106,"Brimstone":109,"theDuelist:CardPoolBasicRelic":0,"infinitespire:Satchel":133,"Bottled Lightning":37,"halation:LostSnail":7,"halation:PinkSoulGem":7,"Toy Ornithopter":121}],"Toy Ornithopter":1},"card_choices":[{"not_picked":["theDuelist:NaturiaCliff","theDuelist:NaturiaStinkbug","theDuelist:FossilDig","theDuelist:NaturiaHydrangea"],"picked":"theDuelist:NaturiaMarron","floor":1.0},{"not_picked":["theDuelist:NaturiaCliff","theDuelist:NaturiaRagweed","theDuelist:Spore","theDuelist:FossilDig"],"picked":"theDuelist:SummoningSwarm","floor":3.0},{"not_picked":["theDuelist:SeismicShockwave","theDuelist:NaturiaVein"],"picked":"theDuelist:HuntingInstinct","floor":7.0},{"not_picked":["theDuelist:SeismicShockwave","theDuelist:NaturiaStrawberry"],"picked":"theDuelist:Alpacaribou","floor":8.0},{"not_picked":["theDuelist:VenomShot","theDuelist:AfterGenocide","theDuelist:NaturiaSacredTree","theDuelist:WildNatureRelease"],"picked":"theDuelist:ConvulsionNature","floor":10.0},{"not_picked":["theDuelist:NaturiaParadizo","theDuelist:NaturiaBrambi","theDuelist:NaturiaPineapple","theDuelist:NaturiaBarkion"],"picked":"theDuelist:MillenniumScorpion","floor":13.0},{"not_picked":["theDuelist:NaturiaCliff","theDuelist:NaturiaRagweed","theDuelist:NaturiaRosewhip","theDuelist:NaturiaMarron"],"picked":"theDuelist:NaturiaButterfly","floor":14.0},{"not_picked":["theDuelist:NaturiaVein","theDuelist:HuntingInstinct","theDuelist:ClosedForest","theDuelist:Wildfire"],"picked":"theDuelist:NaturiaHorneedle","floor":16.0},{"not_picked":["theDuelist:NaturiaGaiastrio","theDuelist:CrystalRose","theDuelist:NaturiaLandoise+1","theDuelist:NaturiaCliff"],"picked":"theDuelist:NaturiaRock","floor":18.0},{"not_picked":["theDuelist:NaturiaEggplant","theDuelist:NaturiaDragonfly","theDuelist:FossilDig","theDuelist:SangaEarth"],"picked":"theDuelist:NaturiaRagweed","floor":20.0},{"not_picked":["theDuelist:FuryFire","theDuelist:Wildfire","theDuelist:FossilExcavation","theDuelist:ExterioFang","theDuelist:ClosedForest"],"picked":"SKIP","floor":22.0},{"not_picked":["theDuelist:GraniteLoyalist","theDuelist:BlockGolem","theDuelist:AttackTheMoon","theDuelist:PotDichotomy"],"picked":"theDuelist:WeepingIdol","floor":24.0},{"not_picked":["theDuelist:NaturiaDragonfly","theDuelist:NaturiaMantis","theDuelist:NaturiaRock","theDuelist:NaturiaCosmobeet"],"picked":"theDuelist:NaturiaMarron","floor":25},{"not_picked":["theDuelist:HammerShot","theDuelist:Mudora","theDuelist:MudragonSwamp","theDuelist:GraniteLoyalist","theDuelist:WingedKuriboh"],"picked":"SKIP","floor":28},{"not_picked":["theDuelist:BigFire+1","theDuelist:WeepingIdol","theDuelist:GraniteLoyalist","theDuelist:DarkHole"],"picked":"theDuelist:MagicHoleGolem","floor":30},{"not_picked":["theDuelist:DemiseLand","theDuelist:SeismicShockwave","theDuelist:MultiplicationOfAnts","theDuelist:Wildfire+1"],"picked":"theDuelist:NaturiaForest","floor":33},{"not_picked":["theDuelist:AttackTheMoon","theDuelist:GraniteLoyalist","theDuelist:Sangan+1","theDuelist:Blockman"],"picked":"theDuelist:MudGolem","floor":35},{"not_picked":["theDuelist:SurvivalInstinct","theDuelist:Alpacaribou"],"picked":"theDuelist:NaturiaLandoise+1","floor":37},{"not_picked":["theDuelist:NaturiaHydrangea+1","theDuelist:NaturiaStinkbug","theDuelist:NaturiaCliff","theDuelist:SummoningSwarm"],"picked":"theDuelist:NaturiaSunflower","floor":40},{"not_picked":["theDuelist:NaturiaRock","theDuelist:NaturiaGaiastrio","theDuelist:CrystalRose+1","theDuelist:NaturiaCliff+1","theDuelist:PotForbidden"],"picked":"SKIP","floor":42},{"not_picked":["theDuelist:NaturiaDragonfly+1","theDuelist:NaturiaMantis","theDuelist:NaturiaTulip","theDuelist:AfterGenocide"],"picked":"theDuelist:NaturiaStinkbug","floor":45},{"not_picked":["theDuelist:NatureReflection+1","theDuelist:BottomlessTrapHole","theDuelist:LairWire+1","theDuelist:SeismicShockwave+1"],"picked":"theDuelist:NaturalDisaster","floor":47},{"not_picked":["theDuelist:NaturiaHydrangea+1","theDuelist:NaturiaSunflower","theDuelist:SummoningSwarm","theDuelist:AcidTrapHole+1"],"picked":"theDuelist:NaturiaStinkbug+1","floor":48},{"not_picked":["theDuelist:NaturiaParadizo+1","theDuelist:NaturiaGaiastrio+1","theDuelist:SangaEarth+1"],"picked":"SKIP","floor":54}],"player_experience":1173957,"relics_obtained":[{"floor":8.0,"key":"hubris:RGBLights"},{"floor":10.0,"key":"Regal Pillow"},{"floor":13.0,"key":"jedi:firstaidkit"},{"floor":15.0,"key":"Bottled Lightning"},{"floor":25,"key":"Replay:Bottled Flurry"},{"floor":26,"key":"Bag of Preparation"},{"floor":28,"key":"halation:VictoryRuler"},{"floor":30,"key":"theDuelist:NaturiaRelic"},{"floor":37,"key":"Replay:Byrd Feeder"},{"floor":37,"key":"WingedGreaves"},{"floor":37,"key":"halation:QuantumPhysicsTextbook"},{"floor":40,"key":"Toy Ornithopter"},{"floor":42,"key":"aspiration:AnachronicSnailShell"},{"floor":43,"key":"Bottled Tornado"},{"floor":47,"key":"infinitespire:Satchel"},{"floor":48,"key":"Replay:Wax Seal"},{"floor":54,"key":"Happy Flower"}],"event_choices":[{"damage_healed":0.0,"max_hp_gain":0.0,"max_hp_loss":0.0,"gold_gain":0.0,"event_name":"Tomb of the Nameless","player_choice":"Succumb - +25HP/Cursed Relic","duelist":true,"floor":2.0,"gold_loss":0.0,"damage_taken":0.0},{"damage_healed":0.0,"max_hp_gain":0.0,"max_hp_loss":0.0,"gold_gain":0.0,"event_name":"Shining Light","player_choice":"Entered Light","floor":12.0,"gold_loss":0.0,"damage_taken":22.0,"cards_upgraded":["theDuelist:Sparks","theDuelist:CastleWalls"]},{"damage_healed":0.0,"max_hp_gain":0.0,"max_hp_loss":0.0,"gold_gain":0.0,"event_name":"Masked Bandits","player_choice":"Paid Fearfully","floor":19.0,"gold_loss":280.0,"damage_taken":0.0},{"damage_healed":0.0,"max_hp_gain":0.0,"max_hp_loss":0.0,"gold_gain":0.0,"event_name":"conspire:Investor","player_choice":"Leave","floor":21.0,"gold_loss":0.0,"damage_taken":0.0},{"damage_healed":0,"gold_gain":0,"player_choice":"Fight","duelist":true,"damage_taken":0,"max_hp_gain":0,"max_hp_loss":0,"event_name":"Battle City","floor":37,"gold_loss":0},{"cards_removed":["theDuelist:NaturiaCliff"],"damage_healed":0,"gold_gain":0,"player_choice":"Removed Attack","damage_taken":0,"max_hp_gain":0,"max_hp_loss":0,"event_name":"Falling","floor":39,"gold_loss":0},{"damage_healed":0,"gold_gain":0,"player_choice":"Leave","duelist":true,"damage_taken":0,"max_hp_gain":0,"max_hp_loss":0,"event_name":"Egyptian Village","floor":41,"gold_loss":0}],"is_beta":false,"boss_relics":[{"not_picked":["Honey Jar","hubris:BlackHole"],"picked":"conspire:SpecialSausage"},{"not_picked":["aspiration:SilentSkillbook","Snecko Heart"],"picked":"Replay:Grab Bag"},{"not_picked":["Runic Dome","Replay:Wanted Poster"],"picked":"theDuelist:GamblerChip"},{"not_picked":["ChewingGum","Cursed Key"],"picked":"Fusion Hammer"},{"not_picked":["Replay:Drink Me","aspiration:RunicSpoon"],"picked":"aspiration:DefectSkillbook"},{"not_picked":["Kintsugi","halation:HeavySnake"],"picked":"aspiration:SecretTechniqueScroll"}],"items_purged_floors":[31,36,53],"is_endless":false,"potions_floor_spawned":[7,10,13,20,28,42,47],"ascension_level":17}}