{"host":"90jl2h70xtuoeg0i","time":1607762937,"event":{"mods":["AchievementEnabler","BaseMod","Colored Map","Colored Powertips","Minty Spire (QoL Compilation)","Relic Stats","ojb\u0027s Better Paths Mod","ojb\u0027s Info Mod"],"gold_per_floor":[116,134,145,162,162,197,197,215,215,242,254,254,270,300,312,401,413,437,469,492,256,181,216,216,216,242,242,268,268,283,283,283,355,355,372,372,387,405,405,405],"floor_reached":39,"playtime":3530,"items_purged":["Strike_G"],"score":797,"play_id":"cc7424ba-efac-48bd-a485-19fc51e998e0","local_time":"20201212034857","is_ascension_mode":true,"campfire_choices":[{"data":"Phantasmal Killer","floor":7.0,"key":"SMITH"},{"floor":12,"key":"REST"},{"data":"Riddle With Holes","floor":15,"key":"SMITH"},{"data":"Night Terror","floor":25,"key":"SMITH"},{"data":"Footwork","floor":29,"key":"SMITH"},{"floor":32,"key":"REST"}],"circlet_count":0,"master_deck":["AscendersBane","Strike_G","Strike_G","Strike_G","Defend_G","Defend_G","Defend_G","Defend_G","Defend_G","Survivor","Neutralize","Footwork","Bouncing Flask","Footwork+1","Dagger Throw","Phantasmal Killer+1","Blade Dance","Quick Slash","Riddle With Holes+1","Dagger Spray","Night Terror+1","Acrobatics","Terror+1","Acrobatics","PiercingWail+1","Die Die Die","Deflect+1","Decay","Dagger Spray+1"],"relics":["Ring of the Snake","StoneCalendar","Meat on the Bone","Blue Candle","Singing Bowl","MawBank","Cursed Key","Toolbox","Bottled Lightning","Bag of Marbles","Strawberry","SlaversCollar"],"acts_visited":["Exordium","TheCity","TheBeyond"],"potions_floor_usage":[14,16,23,28,33,39,39],"damage_taken":[{"damage":3.0,"enemies":"Cultist","floor":1.0,"turns":6.0},{"damage":0.0,"enemies":"Small Slimes","floor":2.0,"turns":5.0},{"damage":0.0,"enemies":"2 Louse","floor":3.0,"turns":3.0},{"damage":1.0,"enemies":"Large Slime","floor":4.0,"turns":7.0},{"damage":13.0,"enemies":"Lagavulin","floor":6.0,"turns":7.0},{"damage":2.0,"enemies":"2 Fungi Beasts","floor":8.0,"turns":4.0},{"damage":14.0,"enemies":"3 Sentries","floor":10.0,"turns":7.0},{"damage":14,"enemies":"Exordium Thugs","floor":11,"turns":7},{"damage":11,"enemies":"Lots of Slimes","floor":13,"turns":5},{"damage":18,"enemies":"Lagavulin","floor":14,"turns":6},{"damage":14,"enemies":"Slime Boss","floor":16,"turns":6},{"damage":0,"enemies":"Spheric Guardian","floor":18,"turns":2},{"damage":5,"enemies":"Chosen","floor":19,"turns":3},{"damage":27,"enemies":"Snake Plant","floor":20,"turns":4},{"damage":27,"enemies":"Gremlin Leader","floor":23,"turns":7},{"damage":30,"enemies":"Book of Stabbing","floor":28,"turns":5},{"damage":12,"enemies":"Chosen and Byrds","floor":30,"turns":4},{"damage":33,"enemies":"Automaton","floor":33,"turns":13},{"damage":20,"enemies":"3 Darklings","floor":35,"turns":7},{"damage":1,"enemies":"3 Shapes","floor":37,"turns":3},{"damage":34,"enemies":"Maw","floor":38,"turns":8},{"damage":37,"enemies":"2 Orb Walkers","floor":39,"turns":3}],"seed_played":"-4837678561236646021","potions_obtained":[{"floor":1.0,"key":"Strength Potion"},{"floor":3.0,"key":"SkillPotion"},{"floor":4.0,"key":"Weak Potion"},{"floor":11,"key":"AttackPotion"},{"floor":16,"key":"LiquidMemories"},{"floor":20,"key":"Poison Potion"},{"floor":28,"key":"GhostInAJar"},{"floor":35,"key":"Explosive Potion"},{"floor":38,"key":"LiquidMemories"}],"is_trial":false,"path_per_floor":["M","M","M","M","?","E","R","M","T","E","M","R","M","E","R","B",null,"M","M","M","$","?","E","?","R","T","?","E","R","M","$","R","B",null,"M","?","M","M","?"],"character_chosen":"THE_SILENT","items_purchased":["Toolbox"],"campfire_rested":2,"item_purchase_floors":[21],"current_hp_per_floor":[56,56,56,55,55,42,42,40,40,40,38,56,45,39,39,37,56,58,53,38,38,38,23,36,36,36,36,27,27,27,27,48,27,62,42,42,41,21,0,0],"gold":405,"neow_bonus":"ONE_RARE_RELIC","is_daily":false,"chose_seed":false,"campfire_upgraded":4,"win_rate":0.0,"timestamp":1607762937,"path_taken":["M","?","M","M","?","E","R","M","T","E","M","R","M","E","R","BOSS","M","M","M","$","?","E","?","R","T","?","E","R","?","$","R","BOSS","M","?","M","?","?"],"items_purchased_type":["Relic"],"build_version":"2020-11-30","purchased_purges":1,"victory":false,"max_hp_per_floor":[60,60,60,60,60,60,60,60,60,62,62,62,62,62,62,62,62,64,64,64,64,64,64,64,64,64,64,73,73,73,73,73,73,73,73,73,73,75,75,75],"relic_stats":{"Singing Bowl":8,"counters":[22,122],"Blue Candle":[0],"StoneCalendar":[267],"MawBank":84,"Cursed Key":1,"obtain_stats":[{"SlaversCollar":34,"Singing Bowl":10,"Blue Candle":9,"Strawberry":28,"Toolbox":21,"StoneCalendar":0,"Bag of Marbles":26,"Bottled Lightning":23,"MawBank":14,"Cursed Key":17,"Ring of the Snake":0,"Meat on the Bone":6},{"SlaversCollar":18,"Singing Bowl":7,"Blue Candle":6,"Strawberry":16,"Toolbox":14,"StoneCalendar":0,"Bag of Marbles":15,"Bottled Lightning":15,"MawBank":10,"Cursed Key":11,"Ring of the Snake":0,"Meat on the Bone":5},{"SlaversCollar":101,"Singing Bowl":39,"Blue Candle":32,"Strawberry":84,"Toolbox":72,"StoneCalendar":0,"Bag of Marbles":79,"Bottled Lightning":79,"MawBank":57,"Cursed Key":63,"Ring of the Snake":0,"Meat on the Bone":28}],"Ring of the Snake":[44],"Meat on the Bone":120},"card_choices":[{"not_picked":["Distraction","Sucker Punch"],"picked":"Footwork","floor":1.0},{"not_picked":["Heel Hook","Slice"],"picked":"Bouncing Flask","floor":2.0},{"not_picked":["Backflip","Outmaneuver"],"picked":"Footwork","floor":3.0},{"not_picked":["Dodge and Roll","Deflect"],"picked":"Dagger Throw","floor":4.0},{"not_picked":["Dagger Spray","Backstab"],"picked":"Phantasmal Killer","floor":6.0},{"not_picked":["Prepared","Footwork"],"picked":"Blade Dance","floor":8.0},{"not_picked":["Infinite Blades","Underhanded Strike","Backflip"],"picked":"Singing Bowl","floor":10.0},{"not_picked":["Slice","Poisoned Stab"],"picked":"Quick Slash","floor":11},{"not_picked":["Noxious Fumes","Choke"],"picked":"Riddle With Holes","floor":13},{"not_picked":["Accuracy","Grand Finale"],"picked":"Dagger Spray","floor":14},{"not_picked":["Wraith Form v2","Unload"],"picked":"Night Terror","floor":16},{"not_picked":["Prepared","Deadly Poison","Sucker Punch"],"picked":"Singing Bowl","floor":18},{"not_picked":["Expertise","Choke"],"picked":"Acrobatics","floor":19},{"not_picked":["PiercingWail","Slice"],"picked":"Terror+1","floor":20},{"not_picked":["Flechettes","Wraith Form v2"],"picked":"Acrobatics","floor":23},{"not_picked":["Masterful Stab","Poisoned Stab","Blade Dance"],"picked":"Singing Bowl","floor":28},{"not_picked":["Underhanded Strike","Heel Hook"],"picked":"PiercingWail+1","floor":30},{"not_picked":["Tools of the Trade","Glass Knife"],"picked":"Die Die Die","floor":33},{"not_picked":["Prepared","Escape Plan"],"picked":"Deflect+1","floor":35},{"not_picked":["All Out Attack","Backstab"],"picked":"Dagger Spray+1","floor":37},{"not_picked":["Concentrate+1","Backstab","Prepared"],"picked":"Singing Bowl","floor":38}],"player_experience":1250647,"relics_obtained":[{"floor":6.0,"key":"Meat on the Bone"},{"floor":9.0,"key":"Blue Candle"},{"floor":10.0,"key":"Singing Bowl"},{"floor":14,"key":"MawBank"},{"floor":23,"key":"Bottled Lightning"},{"floor":26,"key":"Bag of Marbles"},{"floor":28,"key":"Strawberry"}],"event_choices":[{"damage_healed":0.0,"max_hp_gain":0.0,"max_hp_loss":0.0,"gold_gain":0.0,"event_name":"Liars Game","player_choice":"Ignored","floor":5.0,"gold_loss":0.0,"damage_taken":0.0},{"cards_removed":["Strike_G"],"damage_healed":0,"gold_gain":0,"player_choice":"Gave Gold","damage_taken":0,"max_hp_gain":0,"max_hp_loss":0,"event_name":"Beggar","floor":22,"gold_loss":75},{"damage_healed":13,"gold_gain":0,"player_choice":"Heal","damage_taken":0,"max_hp_gain":0,"max_hp_loss":0,"event_name":"The Library","floor":24,"gold_loss":0},{"cards_removed":["Regret"],"damage_healed":0,"gold_gain":0,"player_choice":"Removed Curses","damage_taken":0,"max_hp_gain":0,"max_hp_loss":0,"event_name":"Fountain of Cleansing","floor":27,"gold_loss":0},{"damage_healed":0,"gold_gain":0,"player_choice":"Cursed","damage_taken":0,"max_hp_gain":0,"max_hp_loss":0,"event_name":"Wheel of Change","floor":36,"gold_loss":0,"cards_obtained":["Decay"]},{"damage_healed":0,"gold_gain":0,"player_choice":"Fight","damage_taken":0,"max_hp_gain":0,"max_hp_loss":0,"event_name":"Mysterious Sphere","floor":39,"gold_loss":0}],"is_beta":false,"boss_relics":[{"not_picked":["HoveringKite","WristBlade"],"picked":"Cursed Key"},{"not_picked":["Runic Pyramid","Astrolabe"],"picked":"SlaversCollar"}],"items_purged_floors":[21],"is_endless":false,"potions_floor_spawned":[1,3,4,11,13,16,20,28,35,38],"killed_by":"2 Orb Walkers","ascension_level":16}}