{"host":"d57r1g6l9rdx1vko","time":1607744600,"event":{"mods":["AchievementEnabler","BaseMod","Colored Map","Colored Powertips","GifTheSpireLib","Minty Spire (QoL Compilation)","Replay The Spire","StSLib"],"gold_per_floor":[116,133,144,164,174,203,203,228,228,228,238,238,295,306,306,406,406,426,351,364,114,114,114,114,114],"floor_reached":24,"playtime":1452,"items_purged":[],"score":280,"play_id":"83e36d4b-0817-45dd-ae10-6f6a439a8341","local_time":"20201212114320","is_ascension_mode":true,"campfire_choices":[{"data":"Omniscience","floor":7.0,"key":"SMITH"},{"data":"Defend_P","floor":10,"key":"PURGE"},{"data":"PathToVictory","floor":12,"key":"SMITH"},{"data":"Amnesia","floor":23,"key":"PURGE"}],"circlet_count":0,"master_deck":["Strike_P","Strike_P","Strike_P","Strike_P","Defend_P","Defend_P","Defend_P","Vigilance","PathToVictory+1","Evaluate","Prostrate","CutThroughFate","JustLucky","Omniscience+1","CutThroughFate","Study+1","DevaForm","Weave+1"],"relics":["PureWater","NeowsBlessing","Pear","Peace Pipe","Gambling Chip","StrikeDummy","Bottled Tornado","Ring of Hypnosis","Ring of Fangs"],"acts_visited":["Exordium","TheCity"],"potions_floor_usage":[8,8,13,16,18],"damage_taken":[{"damage":0.0,"enemies":"2 Louse","floor":1.0,"turns":1.0},{"damage":0.0,"enemies":"Small Slimes","floor":2.0,"turns":1.0},{"damage":0.0,"enemies":"Cultist","floor":3.0,"turns":1.0},{"damage":0.0,"enemies":"Looter","floor":4.0,"turns":4.0},{"damage":4.0,"enemies":"Blue Slaver","floor":5.0,"turns":4.0},{"damage":30.0,"enemies":"3 Sentries","floor":6.0,"turns":16.0},{"damage":0,"enemies":"Gremlin Nob","floor":8,"turns":2},{"damage":0,"enemies":"Red Slaver","floor":11,"turns":2},{"damage":31,"enemies":"3 Sentries","floor":13,"turns":9},{"damage":2,"enemies":"Exordium Wildlife","floor":14,"turns":5},{"damage":20,"enemies":"The Guardian","floor":16,"turns":8},{"damage":27,"enemies":"Spheric Guardian","floor":18,"turns":7},{"damage":33,"enemies":"Chosen","floor":20,"turns":6},{"damage":24,"enemies":"Slavers","floor":24,"turns":1}],"seed_played":"5525032466001445351","potions_obtained":[{"floor":5.0,"key":"ColorlessPotion"},{"floor":6.0,"key":"Fire Potion"},{"floor":11,"key":"Elixir"},{"floor":13,"key":"Energy Potion"},{"floor":14,"key":"Swift Potion"},{"floor":20,"key":"Dexterity Potion"}],"is_trial":false,"path_per_floor":["M","M","M","M","M","E","R","E","T","R","M","R","?","M","R_BF","B",null,"M","?","M","$","?","R","E"],"character_chosen":"WATCHER","items_purchased":["Bottled Tornado"],"campfire_rested":0,"item_purchase_floors":[21],"current_hp_per_floor":[72,72,72,72,68,48,48,48,48,48,48,48,17,15,39,19,82,55,55,22,22,22,22,0,0],"gold":114,"neow_bonus":"THREE_ENEMY_KILL","is_daily":false,"chose_seed":false,"campfire_upgraded":2,"win_rate":0.0,"timestamp":1607744600,"path_taken":["M","M","M","M","M","E","R","E","T","R","M","R","?","M","R_BF","BOSS","M","?","M","$","?","R","E"],"items_purchased_type":["Relic"],"build_version":"2020-11-30","purchased_purges":0,"victory":false,"max_hp_per_floor":[72,72,72,72,72,82,82,82,82,82,82,82,82,82,82,82,82,82,82,82,82,82,82,82,82],"card_choices":[{"not_picked":["EmptyFist","CarveReality"],"picked":"PathToVictory","floor":1.0},{"not_picked":["Protect","Indignation"],"picked":"Evaluate","floor":2.0},{"not_picked":["Halt","ClearTheMind"],"picked":"Prostrate","floor":3.0},{"not_picked":["SashWhip","Perseverance"],"picked":"CutThroughFate","floor":4.0},{"not_picked":["Replay:BluntJabs","Worship"],"picked":"JustLucky","floor":5.0},{"not_picked":["Study","Protect"],"picked":"Omniscience","floor":6.0},{"not_picked":["Consecrate","FollowUp","Protect"],"picked":"SKIP","floor":8},{"not_picked":["FollowUp","BowlingBash"],"picked":"CutThroughFate","floor":11},{"not_picked":["WheelKick","ReachHeaven"],"picked":"Study","floor":13},{"not_picked":["BattleHymn","Replay:AllIn","Prostrate"],"picked":"SKIP","floor":14},{"not_picked":["MasterReality","Replay:LoomingThreat"],"picked":"DevaForm","floor":16},{"not_picked":["FlyingSleeves+1","EmptyBody","Replay:Battleflow"],"picked":"SKIP","floor":18},{"not_picked":["CrushJoints+1","Evaluate"],"picked":"Weave+1","floor":20}],"player_experience":53789,"relics_obtained":[{"floor":6.0,"key":"Pear"},{"floor":8,"key":"Peace Pipe"},{"floor":9,"key":"Gambling Chip"},{"floor":22,"key":"Ring of Hypnosis"},{"floor":22,"key":"Ring of Fangs"}],"event_choices":[{"damage_healed":0,"gold_gain":0,"player_choice":"Searched \u00272\u0027 times","damage_taken":0,"relics_obtained":["StrikeDummy"],"max_hp_gain":0,"max_hp_loss":0,"event_name":"Dead Adventurer","floor":13,"gold_loss":0},{"cards_removed":["Eruption"],"damage_healed":0,"gold_gain":0,"player_choice":"Gave Gold","damage_taken":0,"max_hp_gain":0,"max_hp_loss":0,"event_name":"Beggar","floor":19,"gold_loss":75}],"is_beta":false,"boss_relics":[{"not_picked":["Coffee Dripper","Sozu","Runic Pyramid"]}],"items_purged_floors":[],"is_endless":false,"potions_floor_spawned":[5,6,11,13,14,20],"killed_by":"Slavers","ascension_level":4}}