{"host":"cglr1m0d8tytrlaz","time":1607764820,"event":{"mods":["2.2 Compatiblity","Alarm Clock","BaseMod","Bestiary","Block Reminder","Colored Powertips","Curses Come First","Hermit","Highlight Path","Jorbs\u0027s Wanderer Trilogy","Minty Spire (QoL Compilation)","Quick Restart","Relic Sorter","Relic Stats","StSLib","The Runesmith","Wandering Minibosses"],"gold_per_floor":[113,125,145,164,164,164,175,175,175,203,223,238,266,281,281,377,377,391,391,391],"floor_reached":19,"playtime":1862,"items_purged":[],"score":268,"play_id":"4c7b433c-3044-48c6-86f4-1bada10d1f85","local_time":"20201212032020","is_ascension_mode":true,"campfire_choices":[{"data":"Runesmith:HammerAndChisel","floor":6,"key":"SMITH"},{"floor":8,"key":"REST"},{"data":"Runesmith:Fortify","floor":15,"key":"SMITH"}],"circlet_count":0,"master_deck":["Runesmith:Strike_RS","Runesmith:Strike_RS","Runesmith:Defend_RS","Runesmith:Defend_RS","Runesmith:Defend_RS","Runesmith:Defend_RS","Runesmith:CraftFirestone","Runesmith:Fortify+1","Runesmith:Overpower","Runesmith:HeatExchange","Runesmith:HammerAndChisel+1","Runesmith:Accelerate","Runesmith:Electrocute","Runesmith:CraftObretio+1","Runesmith:ElementalConversion+1","Runesmith:Terraform+1","Runesmith:GrandSlam","Runesmith:Repurpose+1","Runesmith:CraftMagma+1","Runesmith:ArcReactor","Runesmith:GoWithTheFlow+1"],"relics":["Runesmith:BrokenRuby","Toxic Egg 2","Bottled Lightning","Matryoshka","Art of War","Empty Cage"],"acts_visited":["Exordium","TheCity"],"potions_floor_usage":[10,13,16,18],"damage_taken":[{"damage":0,"enemies":"Cultist","floor":1,"turns":3},{"damage":0,"enemies":"2 Louse","floor":2,"turns":2},{"damage":0,"enemies":"Jaw Worm","floor":3,"turns":2},{"damage":4,"enemies":"2 Fungi Beasts","floor":4,"turns":2},{"damage":16,"enemies":"Large Slime","floor":7,"turns":6},{"damage":14,"enemies":"Gremlin Nob","floor":10,"turns":3},{"damage":8,"enemies":"Exordium Thugs","floor":11,"turns":4},{"damage":0,"enemies":"3 Louse","floor":12,"turns":4},{"damage":13,"enemies":"Lagavulin","floor":13,"turns":6},{"damage":0,"enemies":"Gremlin Gang","floor":14,"turns":4},{"damage":0,"enemies":"Hexaghost","floor":16,"turns":9},{"damage":28,"enemies":"Spheric Guardian","floor":18,"turns":6},{"damage":48,"enemies":"Masked Bandits","floor":19,"turns":4}],"seed_played":"-3053716735321144369","potions_obtained":[{"floor":1,"key":"GamblersBrew"},{"floor":7,"key":"AttackPotion"},{"floor":10,"key":"Regen Potion"},{"floor":11,"key":"LiquidMemories"},{"floor":13,"key":"DuplicationPotion"}],"is_trial":false,"path_per_floor":["M","M","M","M","?","R","M","R","T","E","M","M","E","M","R","B",null,"M","?"],"character_chosen":"RUNESMITH_CLASS","items_purchased":[],"campfire_rested":1,"item_purchase_floors":[],"current_hp_per_floor":[70,70,70,66,48,48,32,53,53,39,31,31,18,18,18,33,70,42,0,0],"gold":391,"neow_bonus":"THREE_CARDS","is_daily":false,"chose_seed":false,"campfire_upgraded":2,"win_rate":0.0,"timestamp":1607764820,"path_taken":["M","M","M","?","?","R","M","R","T","E","M","M","E","M","R","BOSS","M","?"],"items_purchased_type":[],"build_version":"2020-11-30","purchased_purges":0,"victory":false,"max_hp_per_floor":[70,70,70,70,70,70,70,70,70,70,70,70,70,70,70,70,70,70,70,70],"relic_stats":{"counters":[13,55],"Art of War":[2],"obtain_stats":[{"Runesmith:BrokenRuby":0,"Matryoshka":10,"Art of War":13,"Bottled Lightning":9,"Toxic Egg 2":5,"Empty Cage":17},{"Runesmith:BrokenRuby":0,"Matryoshka":6,"Art of War":9,"Bottled Lightning":5,"Toxic Egg 2":4,"Empty Cage":11},{"Runesmith:BrokenRuby":0,"Matryoshka":18,"Art of War":32,"Bottled Lightning":15,"Toxic Egg 2":9,"Empty Cage":45}]},"card_choices":[{"not_picked":["Runesmith:Augment","Runesmith:HammerTime"],"picked":"Runesmith:Overpower","floor":0},{"not_picked":["Runesmith:FieryHammer","Runesmith:CraftMagma"],"picked":"Runesmith:HeatExchange","floor":1},{"not_picked":["Runesmith:HammerTime","Runesmith:ElementalConversion"],"picked":"Runesmith:HammerAndChisel","floor":2},{"not_picked":["Runesmith:HeatExchange","Runesmith:CraftProtectio"],"picked":"Runesmith:Accelerate","floor":3},{"not_picked":["Runesmith:ChiselStab","Runesmith:ShiftingStrike"],"picked":"Runesmith:Electrocute","floor":4},{"not_picked":["Runesmith:EnergizedChisel","Runesmith:Repurpose+1"],"picked":"Runesmith:CraftObretio+1","floor":7},{"not_picked":["Runesmith:Superposition","Runesmith:UnstableHammer"],"picked":"Runesmith:ElementalConversion+1","floor":10},{"not_picked":["Runesmith:UnstableHammer","Runesmith:WhiteBalance"],"picked":"Runesmith:Terraform+1","floor":11},{"not_picked":["Runesmith:MakeshiftArmor+1","Runesmith:HeatedChisel"],"picked":"Runesmith:GrandSlam","floor":12},{"not_picked":["Runesmith:HammerThrow","Runesmith:CraftIndustria+1"],"picked":"Runesmith:Repurpose+1","floor":13},{"not_picked":["Runesmith:Overpower","Runesmith:HeatExchange"],"picked":"Runesmith:CraftMagma+1","floor":14},{"not_picked":["Runesmith:CraftMedicinae+1","Runesmith:FissionHammer"],"picked":"Runesmith:ArcReactor","floor":16},{"not_picked":["Runesmith:UnstableHammer","Runesmith:EarthShield+1"],"picked":"Runesmith:GoWithTheFlow+1","floor":18}],"player_experience":1214063,"relics_obtained":[{"floor":9,"key":"Bottled Lightning"},{"floor":10,"key":"Matryoshka"},{"floor":13,"key":"Art of War"}],"event_choices":[{"damage_healed":0,"gold_gain":0,"player_choice":"Success","damage_taken":18,"relics_obtained":["Toxic Egg 2"],"max_hp_gain":0,"max_hp_loss":0,"event_name":"Scrap Ooze","floor":5,"gold_loss":0},{"damage_healed":0,"gold_gain":0,"player_choice":"Fought Bandits","damage_taken":0,"max_hp_gain":0,"max_hp_loss":0,"event_name":"Masked Bandits","floor":19,"gold_loss":0}],"is_beta":false,"boss_relics":[{"not_picked":["Tiny House","Runesmith:UraniumAnvil"],"picked":"Empty Cage"}],"items_purged_floors":[],"is_endless":false,"potions_floor_spawned":[1,7,10,11,13],"killed_by":"Masked Bandits","ascension_level":3}}