{"host":"9544bpadt41uu5ar","time":1607788732,"event":{"mods":["Act Like it!","Aspiration","BaseMod","Conspire","Gensokyo","Hallownest","Highlight Path","KinomotoSakuraMod(木之本樱)","KomeijiMod","Luminous","Marisa（F雨　魔理沙）","Minty Spire (QoL Compilation)","Reimu（博丽灵梦）","Remilia_Scarlet Moed（蕾米莉亚・斯卡雷特）3.3.5","Remilia（蕾米莉亚）","Replay The Spire","StSLib","The Bug Knight","The Gatherer","The Hierophant","The Servant 0.9.4","WarShipGirlsR/战舰少女R mod","Youmu（魂魄妖梦）","Yuyuko","【东方二次创作】八云紫mod","【遗物卡牌】REMEMod"],"gold_per_floor":[118,118,133,308,308,308,340,355,378,378,437,455,455,466,466,595,595,611,627,627,398,398,398,438,438,461,461,461],"floor_reached":27,"playtime":1308,"items_purged":["Looming Evil"],"score":256,"play_id":"5a9fa53a-8914-4a09-9983-d27c468e30e6","local_time":"20201212235852","is_ascension_mode":false,"campfire_choices":[{"data":"ForecastOfChange","floor":6,"key":"SMITH"},{"data":"ClowCardTheFloat","floor":23,"key":"SMITH"}],"circlet_count":0,"master_deck":["SakuraCardTheTwin+","ClowCardTheSword","ClowCardTheSword","ClowCardTheSword","ClowCardTheSword","ClowCardTheShield+1","ClowCardTheShield","ClowCardTheShield","ClowCardTheShield","SpellCardSeal+1","SpellCardRelease","ForecastOfChange+1","ClowCardTheGlow","ClowCardTheShadow","Pain","ClowCardTheFloat+1","Injury","SakuraCardTheLove+","ClowCardTheEarthy"],"relics":["KSMOD_SealedBook","KSMOD_SealedWand","REME_ComplimentaryCards","NeowsBlessing","Nunchaku","Ring of Searing","ReplayTheSpireMod:Ring of Challenge","WarpedTongs","Golden Idol","Coffee Dripper","HollowMod:LifeEnderRelic","Medical Kit","StrikeDummy","m_SnakeCloak","PreservedInsect"],"acts_visited":["Exordium","TheCity"],"potions_floor_usage":[24],"damage_taken":[{"damage":0,"enemies":"Jaw Worm","floor":1,"turns":1},{"damage":0,"enemies":"Small Slimes","floor":3,"turns":1},{"damage":0,"enemies":"Lagavulin","floor":7,"turns":1},{"damage":0,"enemies":"Cultist","floor":8,"turns":3},{"damage":9,"enemies":"Blue Slaver","floor":11,"turns":4},{"damage":3,"enemies":"Looter","floor":12,"turns":3},{"damage":2,"enemies":"Red Slaver","floor":14,"turns":3},{"damage":13,"enemies":"The Guardian","floor":16,"turns":10},{"damage":22,"enemies":"conspire:FuzzyDice","floor":18,"turns":6},{"damage":4,"enemies":"Chosen","floor":19,"turns":3},{"damage":27,"enemies":"Slavers","floor":24,"turns":6},{"damage":17,"enemies":"Centurion and Healer","floor":27,"turns":1}],"seed_played":"1815853657765971440","potions_obtained":[{"floor":1,"key":"LiquidBronze"},{"floor":7,"key":"Fire Potion"},{"floor":11,"key":"KSMOD_MagickBottle"},{"floor":24,"key":"Doom Potion"}],"is_trial":false,"path_per_floor":["M","?","M","?","?","R","E","M","T","?","M","M","?","M","R","B",null,"M","M","T","$","?","R","E","?","T","M"],"character_chosen":"KINOMOTOSAKURA","items_purchased":["Medical Kit"],"campfire_rested":0,"item_purchase_floors":[21],"current_hp_per_floor":[70,56,56,56,56,56,56,56,56,56,47,44,44,42,42,29,70,48,44,44,44,44,44,17,17,17,0,0],"gold":461,"neow_bonus":"THREE_ENEMY_KILL","is_daily":false,"chose_seed":false,"campfire_upgraded":2,"win_rate":0.0,"timestamp":1607788732,"path_taken":["M","?","M","?","?","R","E","M","T","?","?","M","?","?","R","BOSS","M","M","?","$","?","R","E","?","T","M"],"items_purchased_type":["Relic"],"build_version":"2020-11-30","purchased_purges":1,"victory":false,"max_hp_per_floor":[70,70,70,70,70,70,70,70,70,70,70,70,70,70,70,70,70,70,70,70,70,70,70,70,70,70,70,70],"card_choices":[{"not_picked":["ClowCardTheWood","ClowCardTheArrow"],"picked":"ClowCardTheGlow","floor":1},{"not_picked":["ClowCardTheChange","ClowCardTheSleep"],"picked":"ClowCardTheShadow","floor":3},{"not_picked":["ClowCardTheVoice","ClowCardTheMist","ClowCardTheChange"],"picked":"SKIP","floor":7},{"not_picked":["ClowCardTheCloud","ClowCardTheSilent","ClowCardTheThunder"],"picked":"SKIP","floor":8},{"not_picked":["ClowCardTheMirror","ClowCardTheMist","ClowCardTheLibra"],"picked":"SKIP","floor":11},{"not_picked":["ClowCardTheArrow","ClowCardTheSnow","ClowCardTheMaze"],"picked":"SKIP","floor":12},{"not_picked":["ClowCardTheMaze","ClowCardThePower"],"picked":"ClowCardTheFloat","floor":14},{"not_picked":["ClowCardTheReturn","ClowCardTheThunder"],"picked":"ClowCardTheTwin","floor":16},{"not_picked":["ClowCardTheErase","ClowCardTheLibra","ClowCardTheArrow+1"],"picked":"SKIP","floor":18},{"not_picked":["ClowCardTheChange","ClowCardTheLock","ClowCardThePower"],"picked":"SKIP","floor":19},{"not_picked":["ClowCardTheWindy","ClowCardTheThunder"],"picked":"ClowCardTheEarthy","floor":24}],"player_experience":66145,"relics_obtained":[{"floor":7,"key":"Nunchaku"},{"floor":10,"key":"Ring of Searing"},{"floor":10,"key":"ReplayTheSpireMod:Ring of Challenge"},{"floor":20,"key":"HollowMod:LifeEnderRelic"},{"floor":24,"key":"StrikeDummy"},{"floor":26,"key":"PreservedInsect"}],"event_choices":[{"damage_healed":0,"gold_gain":0,"player_choice":"Entered Light","damage_taken":14,"max_hp_gain":0,"max_hp_loss":0,"event_name":"Shining Light","floor":2,"gold_loss":0,"cards_upgraded":["ClowCardTheShield","SpellCardSeal"]},{"damage_healed":0,"gold_gain":175,"player_choice":"AGREE","damage_taken":0,"max_hp_gain":0,"max_hp_loss":0,"event_name":"Liars Game","floor":4,"gold_loss":0,"cards_obtained":["Doubt"]},{"damage_healed":0,"gold_gain":0,"player_choice":"Rummage","damage_taken":0,"relics_obtained":["WarpedTongs"],"max_hp_gain":0,"max_hp_loss":0,"event_name":"Accursed Blacksmith","floor":13,"gold_loss":0,"cards_obtained":["Pain"]},{"damage_healed":0,"gold_gain":0,"player_choice":"Take Wound","damage_taken":0,"relics_obtained":["Golden Idol"],"max_hp_gain":0,"max_hp_loss":0,"event_name":"Golden Idol","floor":15,"gold_loss":0,"cards_obtained":["Injury"]}],"is_beta":false,"boss_relics":[{"not_picked":["RedLine:ReiMu","aspiration:DefectSkillbook"],"picked":"Coffee Dripper"}],"items_purged_floors":[21],"is_endless":false,"potions_floor_spawned":[1,7,11,16,24],"killed_by":"Centurion and Healer","ascension_level":0}}