{"host":"9ubnrp80z7gv8v8p","time":1607770814,"event":{"mods":["AchievementEnabler","BaseMod","Better Altar","Better Match","Better Note","Better Sensory Stone","Better Skull","Better Third Choice","Better Vampires","BetterRewards","Block Reminder","Colored Map","DeckTracker","Displayed Cursed Tome","Highlight Path","Minty Spire (QoL Compilation)","Quick Restart","Rare Cards Sparkle","Relic Stats","Spire Birthday Party","StSLib","everything is the same but u backflip on backflip","slay the spire mod where everything is the same but ironclad has a cowboy hat"],"gold_per_floor":[16,16,34,44,58,58,58,58,105,105,55,55,70,85,85,185,185,198,213,213,233,233,233],"floor_reached":22,"playtime":829,"items_purged":["Strike_B"],"score":205,"play_id":"fe31cfe6-a435-4756-a575-52b794a9c571","local_time":"20201212050014","is_ascension_mode":true,"campfire_choices":[{"data":"Sweeping Beam","floor":6,"key":"SMITH"},{"floor":8,"key":"REST"},{"floor":10,"key":"REST"},{"floor":15,"key":"REST"}],"circlet_count":0,"master_deck":["Strike_B","Strike_B","Defend_B","Defend_B","Defend_B+1","Defend_B","Zap+1","Dualcast","Biased Cognition","Sweeping Beam+1","All Out Attack","Reboot","Leap","Thunder Strike","Hello World"],"relics":["Cracked Core","Emotion Chip","Smiling Mask","DataDisk","SlaversCollar"],"acts_visited":["Exordium","TheCity"],"potions_floor_usage":[5,14,14,16,16,22,22],"damage_taken":[{"damage":1,"enemies":"Cultist","floor":1,"turns":3},{"damage":9,"enemies":"Jaw Worm","floor":3,"turns":3},{"damage":0,"enemies":"2 Louse","floor":4,"turns":1},{"damage":15,"enemies":"Gremlin Gang","floor":5,"turns":3},{"damage":6,"enemies":"Looter","floor":13,"turns":2},{"damage":0,"enemies":"2 Fungi Beasts","floor":14,"turns":2},{"damage":13,"enemies":"Slime Boss","floor":16,"turns":6},{"damage":29,"enemies":"2 Thieves","floor":18,"turns":3},{"damage":2,"enemies":"Chosen","floor":19,"turns":4},{"damage":31,"enemies":"Snake Plant","floor":21,"turns":5},{"damage":15,"enemies":"Centurion and Healer","floor":22,"turns":4}],"seed_played":"-7413789351741680375","potions_obtained":[{"floor":1,"key":"Fire Potion"},{"floor":5,"key":"AttackPotion"},{"floor":14,"key":"EntropicBrew"},{"floor":21,"key":"DistilledChaos"}],"is_trial":false,"path_per_floor":["M","T","M","M","M","R","?","R","T","R","$","?","M","M","R","B",null,"M","M","?","M","M"],"character_chosen":"DEFECT","items_purchased":[],"campfire_rested":3,"item_purchase_floors":[],"current_hp_per_floor":[74,74,65,65,50,50,23,45,45,67,67,42,36,36,58,45,75,46,44,44,13,0,0],"gold":233,"neow_bonus":"THREE_RARE_CARDS","is_daily":false,"chose_seed":false,"campfire_upgraded":1,"win_rate":0.0,"timestamp":1607770814,"path_taken":["M","?","M","M","M","R","?","R","T","R","$","?","M","M","R","BOSS","M","?","?","M","M"],"items_purchased_type":[],"build_version":"2020-11-30","purchased_purges":1,"victory":false,"max_hp_per_floor":[75,75,75,75,75,75,75,75,75,75,75,75,75,75,75,75,75,75,75,75,75,75,75],"relic_stats":{"Emotion Chip":[18,18,0,0,0],"counters":[11,36],"Smiling Mask":25,"obtain_stats":[{"SlaversCollar":17,"Emotion Chip":2,"DataDisk":9,"Cracked Core":0,"Smiling Mask":7},{"SlaversCollar":7,"Emotion Chip":1,"DataDisk":4,"Cracked Core":0,"Smiling Mask":4},{"SlaversCollar":20,"Emotion Chip":3,"DataDisk":10,"Cracked Core":0,"Smiling Mask":10}]},"card_choices":[{"not_picked":["Rainbow","Machine Learning"],"picked":"Biased Cognition","floor":0},{"not_picked":["FTL","Leap"],"picked":"Sweeping Beam","floor":1},{"not_picked":["Stack","Reprogram","Sweeping Beam"],"picked":"SKIP","floor":3},{"not_picked":["Cold Snap","Turbo","Steam"],"picked":"SKIP","floor":4},{"not_picked":["Sweeping Beam","Streamline"],"picked":"Recycle","floor":5},{"not_picked":["Compile Driver","Streamline","Sweeping Beam"],"picked":"SKIP","floor":13},{"not_picked":["Scrape","Cold Snap","Double Energy"],"picked":"SKIP","floor":14},{"not_picked":["Biased Cognition","Fission"],"picked":"Reboot","floor":16},{"not_picked":["Turbo+1","Redo"],"picked":"Leap","floor":18},{"not_picked":["Rip and Tear","Go for the Eyes","Blizzard"],"picked":"SKIP","floor":19},{"not_picked":["Leap","Chaos","Streamline+1"],"picked":"SKIP","floor":21}],"player_experience":859614,"relics_obtained":[{"floor":2,"key":"Emotion Chip"},{"floor":9,"key":"DataDisk"}],"event_choices":[{"damage_healed":0,"gold_gain":0,"player_choice":"UP UP ","damage_taken":29,"relics_obtained":[],"max_hp_gain":0,"max_hp_loss":0,"event_name":"betterSkull:BetterSkull","floor":12,"gold_loss":0,"cards_upgraded":["Defend_B","Zap"]},{"damage_healed":0,"gold_gain":0,"cards_transformed":["Recycle","Strike_B"],"player_choice":"Became Test Subject","damage_taken":0,"max_hp_gain":0,"max_hp_loss":0,"event_name":"Drug Dealer","floor":20,"gold_loss":0,"cards_obtained":["Thunder Strike","Hello World"]}],"is_beta":false,"boss_relics":[{"not_picked":["Coffee Dripper","Tiny House"],"picked":"SlaversCollar"}],"items_purged_floors":[11],"is_endless":false,"potions_floor_spawned":[1,5,14,21],"killed_by":"Centurion and Healer","ascension_level":3}}