{"host":"r3d3rfw8zyydmocx","time":1607743882,"event":{"mods":["Aspiration","BaseMod","Colored Powertips","Conspire","Hermit","Highlight Path","Hubris","Minty Spire (QoL Compilation)","Replay The Spire","StSLib","The Cursed","The Hierophant","The Mystic","The Runesmith","The Servant 0.9.4"],"gold_per_floor":[112,139,165,199,218,252,252,171,196,208,220,220,257,62,62,173,173,195,228,228,228,228,228,265,265,338,338,366,397,397,430,430,537,537,544,545,583,583,601,606,606,606,606],"floor_reached":42,"playtime":5135,"items_purged":["hierophant:Strike_Hierophant"],"score":465,"play_id":"7f6726fb-e736-498f-b1f0-ab1c9f1700ab","local_time":"20201211193122","is_ascension_mode":true,"campfire_choices":[{"floor":7,"key":"REST"},{"data":"hierophant:ChurchCoffers","floor":12,"key":"SMITH"},{"floor":15,"key":"REST"},{"data":"Dodge and Roll","floor":23,"key":"SMITH"},{"data":"hierophant:Refuge","floor":25,"key":"SMITH"},{"data":"hubris:DuctTapeCard","floor":30,"key":"SMITH"},{"data":"hierophant:Charity","floor":32,"key":"SMITH"},{"data":"hierophant:Alms","floor":41,"key":"SMITH"}],"circlet_count":0,"master_deck":["hierophant:Punish","hierophant:Defend_Hierophant","hierophant:ChurchCoffers+1","hierophant:Martyrdom+1","hierophant:Doubloon+1","hierophant:CoinFling","hierophant:Doubloon+1","hierophant:Charity+1","hierophant:Smite","hierophant:PristineSoul","hierophant:Doubloon+1","hierophant:CursedGold","hierophant:Zeal","hierophant:PristineSoul+1","Survey Options+1","hierophant:Community+1","hierophant:Shelter+1","hierophant:Invocation+1","After Image+1","Dodge and Roll+1","hierophant:Doubloon+1","hierophant:LocustPlague+1","hierophant:Refuge+1","hubris:DuctTapeCard+2","hierophant:WrathOfGod+1","hierophant:Zeal+1","hierophant:Levitation+1","hierophant:Alms+1","hierophant:Batter+1","hierophant:Anathema+1"],"relics":["Astrolabe","Runesmith:Locket","Vajra","Replay:Rubber Ducky","Golden Egg","BargainBundle","hubris:TerracottaHorce","hubris:BottledHeart","Runesmith:Nanobots","hubris:DuctTape","Empty Cage","Toxic Egg 2"],"acts_visited":["Exordium","TheCity","TheBeyond"],"potions_floor_usage":[4,4,6,16,16,24,33,33],"damage_taken":[{"damage":18.0,"enemies":"Cultist","floor":1.0,"turns":5.0},{"damage":12.0,"enemies":"2 Louse","floor":2.0,"turns":3.0},{"damage":7.0,"enemies":"Small Slimes","floor":3.0,"turns":3.0},{"damage":2,"enemies":"2 Fungi Beasts","floor":4,"turns":3},{"damage":13,"enemies":"Large Slime","floor":5,"turns":6},{"damage":16,"enemies":"3 Sentries","floor":6,"turns":5},{"damage":7,"enemies":"3 Louse","floor":10,"turns":2},{"damage":5,"enemies":"Looter","floor":11,"turns":2},{"damage":0,"enemies":"Lagavulin","floor":13,"turns":5},{"damage":20,"enemies":"Slime Boss","floor":16,"turns":11},{"damage":17,"enemies":"conspire:FuzzyDice","floor":18,"turns":5},{"damage":9,"enemies":"3 Byrds","floor":19,"turns":3},{"damage":0,"enemies":"Snecko","floor":24,"turns":7},{"damage":0,"enemies":"Snake Plant","floor":28,"turns":4},{"damage":0,"enemies":"3 Cultists","floor":29,"turns":3},{"damage":0,"enemies":"Snecko","floor":31,"turns":4},{"damage":0,"enemies":"Champ","floor":33,"turns":16},{"damage":0,"enemies":"3 Darklings","floor":35,"turns":6},{"damage":0,"enemies":"Orb Walker","floor":36,"turns":4},{"damage":0,"enemies":"3 Darklings","floor":37,"turns":3},{"damage":0,"enemies":"Spire Growth","floor":39,"turns":6},{"damage":0,"enemies":"Giant Head","floor":40,"turns":9},{"damage":9,"enemies":"Nemesis","floor":42,"turns":3}],"seed_played":"-6571076547380512739","potions_obtained":[{"floor":1.0,"key":"Fire Potion"},{"floor":2.0,"key":"AttackPotion"},{"floor":3.0,"key":"Fire Potion"},{"floor":13,"key":"Energy Potion"},{"floor":16,"key":"Strength Potion"},{"floor":24,"key":"Adrenaline Potion"},{"floor":31,"key":"Swift Potion"},{"floor":36,"key":"SteroidPotion"}],"is_trial":false,"path_per_floor":["M","M","M","M","M","E","R","?","T","M","M","R","E","$","R","B",null,"M","M","?","?","?","R","M","R","T","T","M","M","R","M","R","B",null,"M","M","M","?","M","E","R","E"],"character_chosen":"HIEROPHANT","items_purchased":["BargainBundle","hierophant:PristineSoul","Survey Options","hierophant:Community","SkillPotion","SkillPotion","hierophant:Shelter"],"campfire_rested":2,"item_purchase_floors":[14,14,14,14,14,14,14],"current_hp_per_floor":[57,45,38,36,23,7,29,29,29,22,17,17,17,17,39,19,61,44,35,35,1,1,1,1,1,1,1,1,1,1,1,1,1,1,1,1,1,1,1,1,1,0,0],"gold":606,"neow_bonus":"BOSS_RELIC","is_daily":false,"chose_seed":false,"campfire_upgraded":6,"win_rate":0.0,"timestamp":1607743882,"path_taken":["M","M","?","M","M","E","R","?","T","M","?","R","E","?","R","BOSS","M","M","?","?","?","R","M","R","T","?","M","M","R","M","R","BOSS","M","M","M","?","M","E","R","E"],"items_purchased_type":["Relic","Card","Card","Card","Potion","Potion","Card"],"build_version":"2020-11-30","purchased_purges":1,"victory":false,"max_hp_per_floor":[75,75,75,75,75,75,75,75,75,75,75,75,75,75,75,75,75,75,75,75,1,1,1,1,1,1,1,1,1,1,1,1,1,1,1,1,1,1,1,1,1,1,1],"card_choices":[{"not_picked":["hierophant:RustyCrate","hierophant:OrnateJavelin"],"picked":"hierophant:CoinFling","floor":1.0},{"not_picked":["hierophant:Blessing","hierophant:Sermon"],"picked":"hierophant:Charity","floor":2.0},{"not_picked":["hierophant:Encroach","hierophant:MorningPrayer"],"picked":"hierophant:Martyrdom","floor":3.0},{"not_picked":["hierophant:Anathema","hierophant:RecallFunds"],"picked":"hierophant:Smite","floor":4},{"not_picked":["hierophant:Alms","hierophant:RepressedViolence"],"picked":"hierophant:PristineSoul","floor":5},{"not_picked":["hierophant:BulkyChest","hierophant:AuricShield"],"picked":"hierophant:SealAway","floor":6},{"not_picked":["hierophant:Purify","hierophant:PassingBell"],"picked":"hierophant:CursedGold","floor":10},{"not_picked":["hierophant:RustyCrate","hierophant:Blessing"],"picked":"hierophant:PristineSoul","floor":11},{"not_picked":["hierophant:Remorse","hierophant:AuricBeam"],"picked":"hierophant:Zeal","floor":13},{"not_picked":["hierophant:MintersHammer","hierophant:LocustPlague"],"picked":"hierophant:Invocation","floor":16},{"not_picked":["hierophant:RepressedViolence","hierophant:ThreeLashes","hierophant:OrnateJavelin"],"picked":"SKIP","floor":18},{"not_picked":["hierophant:Bribe+1","hierophant:Embezzle+1","hierophant:Smite"],"picked":"SKIP","floor":19},{"not_picked":["hierophant:Patience","hierophant:SealAway","hierophant:Flagellation+1"],"picked":"SKIP","floor":24},{"not_picked":["hierophant:Remorse","hierophant:FieryStrike","hierophant:ThreeLashes"],"picked":"SKIP","floor":28},{"not_picked":["hierophant:Doubloon","hierophant:Smite","hierophant:ThreeLashes+1"],"picked":"SKIP","floor":29},{"not_picked":["hierophant:Remorse+1","hierophant:MorningPrayer","hierophant:Encroach"],"picked":"SKIP","floor":31},{"not_picked":["hierophant:MintersHammer","hierophant:AuricForm"],"picked":"hierophant:WrathOfGod","floor":33},{"not_picked":["hierophant:SealAway+1","hierophant:TollTheBells+1"],"picked":"hierophant:Zeal+1","floor":35},{"not_picked":["hierophant:AuricBeam","hierophant:RustyCrate"],"picked":"hierophant:Levitation","floor":36},{"not_picked":["hierophant:SealAway+1","hierophant:ThreeLashes+1","hierophant:Upheaval+1"],"picked":"SKIP","floor":37},{"not_picked":["hierophant:Alms","hierophant:Encroach"],"picked":"hierophant:Batter","floor":39},{"not_picked":["hierophant:Blessing+1","hierophant:FlamingChariot"],"picked":"hierophant:Anathema","floor":40}],"player_experience":445140,"relics_obtained":[{"floor":6,"key":"Runesmith:Locket"},{"floor":9,"key":"Replay:Rubber Ducky"},{"floor":13,"key":"Golden Egg"},{"floor":26,"key":"Runesmith:Nanobots"},{"floor":27,"key":"hubris:DuctTape"},{"floor":40,"key":"Toxic Egg 2"}],"event_choices":[{"damage_healed":0,"gold_gain":0,"player_choice":"Paid Gold","damage_taken":0,"relics_obtained":["Vajra"],"max_hp_gain":0,"max_hp_loss":0,"event_name":"WeMeetAgain","floor":8,"gold_loss":81},{"damage_healed":0,"gold_gain":0,"cards_transformed":["hierophant:Strike_Hierophant","Deadly Poison"],"player_choice":"Became Test Subject","damage_taken":0,"max_hp_gain":0,"max_hp_loss":0,"event_name":"Drug Dealer","floor":22,"gold_loss":0,"cards_obtained":["hierophant:LocustPlague","hierophant:Refuge"]}],"is_beta":false,"boss_relics":[{"not_picked":["Velvet Choker","aspiration:FutureDiary"],"picked":"hubris:TerracottaHorce"},{"not_picked":["conspire:SpecialSausage","aspiration:SecretTechniqueScroll"],"picked":"Empty Cage"}],"items_purged_floors":[14],"is_endless":false,"potions_floor_spawned":[1,2,3,13,16,24,31,36],"killed_by":"Nemesis","ascension_level":1}}