{"host":"gzwwvnucm264f2jm","time":1607762786,"event":{"mods":["AchievementEnabler","BaseMod","Better Note","BetterRewards","Colored Map","Minty Spire (QoL Compilation)","Permanent Neow","Quick Restart","Rare Cards Sparkle","Slay-I","Spicy Shops","StSLib","SuperFastMode"],"gold_per_floor":[119,294,369,387,54,54,98,116,141,141,151,151,167,182,182,292,292,306,306,93,110,119,152,161,170,170,170,139,164,173,11,20,126,126,141,141,154,168,13,31,42,54,137,169,200,0,42,74,95,107],"floor_reached":51,"playtime":1436,"items_purged":["Doubt","Spot Weakness"],"score":955,"play_id":"ec5e9066-69a2-4e61-a0a1-ca28c17f5eaa","local_time":"20201212034626","daily_mods":["SealedDeck","Vintage"],"is_ascension_mode":true,"campfire_choices":[{"data":"Armaments","floor":6,"key":"SMITH"},{"data":"True Grit","floor":12,"key":"SMITH"},{"data":"Metallicize","floor":15,"key":"SMITH"},{"floor":25,"key":"REST"},{"floor":32,"key":"REST"},{"floor":49,"key":"REST"}],"circlet_count":0,"master_deck":["True Grit+1","Inflame","Spot Weakness+1","Heavy Blade","Inflame","Shrug It Off","Power Through","Whirlwind+1","Armaments+1","Metallicize+1","Apotheosis+1","Necronomicurse","Shrug It Off+1","Uppercut+1","Metallicize+1","Dark Embrace+1","Double Tap+1","Parasite","Sentinel+1"],"relics":["Burning Blood","Smiling Mask","CeramicFish","Membership Card","OrangePellets","Self Forming Clay","Akabeko","Vajra","Frozen Egg 2","Meat on the Bone","PreservedInsect","Mark of Pain","Dream Catcher","Pear","ClockworkSouvenir","Brimstone","Centennial Puzzle","Paper Frog","Necronomicon","White Beast Statue","Ornamental Fan","Bag of Preparation","Blue Candle","SlaversCollar","Bronze Scales","Peace Pipe","Blood Vial","Medical Kit","Chemical X","Darkstone Periapt","MawBank","Toxic Egg 2","Pocketwatch","War Paint","Red Mask","Whetstone","Bag of Marbles"],"acts_visited":["Exordium","TheCity","TheBeyond"],"potions_floor_usage":[],"damage_taken":[{"damage":6,"enemies":"2 Louse","floor":1,"turns":2},{"damage":20,"enemies":"Jaw Worm","floor":4,"turns":4},{"damage":8,"enemies":"Gremlin Nob","floor":7,"turns":3},{"damage":0,"enemies":"Cultist","floor":8,"turns":3},{"damage":2,"enemies":"Large Slime","floor":11,"turns":4},{"damage":2,"enemies":"Looter","floor":13,"turns":3},{"damage":2,"enemies":"Gremlin Gang","floor":14,"turns":2},{"damage":8,"enemies":"Slime Boss","floor":16,"turns":8},{"damage":1,"enemies":"Shell Parasite","floor":18,"turns":4},{"damage":2,"enemies":"2 Thieves","floor":21,"turns":2},{"damage":0,"enemies":"Slavers","floor":23,"turns":1},{"damage":0,"enemies":"Gremlin Leader","floor":29,"turns":3},{"damage":9,"enemies":"Automaton","floor":33,"turns":6},{"damage":0,"enemies":"3 Darklings","floor":35,"turns":2},{"damage":0,"enemies":"Orb Walker","floor":37,"turns":2},{"damage":23,"enemies":"4 Shapes","floor":38,"turns":5},{"damage":0,"enemies":"3 Darklings","floor":40,"turns":1},{"damage":2,"enemies":"Spire Growth","floor":41,"turns":3},{"damage":0,"enemies":"Maw","floor":44,"turns":3},{"damage":20,"enemies":"Writhing Mass","floor":45,"turns":3},{"damage":1,"enemies":"Giant Head","floor":47,"turns":4},{"damage":2,"enemies":"Spire Growth","floor":48,"turns":4},{"damage":6,"enemies":"Time Eater","floor":50,"turns":3}],"seed_played":"4521576909092317712","potions_obtained":[{"floor":7,"key":"PowerPotion"},{"floor":8,"key":"ElixirPotion"},{"floor":10,"key":"FearPotion"},{"floor":10,"key":"Energy Potion"},{"floor":37,"key":"FairyPotion"}],"is_trial":true,"path_per_floor":["M","?","?","M","$","R","E","M","T","?","M","R","M","M","R","B",null,"M","?","$","M","?","E","?","R","T","?","$","E","?","$","R","B",null,"M","$","M","M","$","M","M","?","T","M","M","?","E","M","R","B",null],"character_chosen":"IRONCLAD","items_purchased":["Membership Card","OrangePellets","Pear","ClockworkSouvenir","Brimstone","Uppercut","Bag of Preparation","Blue Candle","Medical Kit","Chemical X"],"campfire_rested":3,"item_purchase_floors":[5,5,20,20,20,28,31,31,39,39],"current_hp_per_floor":[80,80,69,55,55,55,53,59,59,59,63,63,67,71,71,69,80,80,80,90,90,90,90,74,90,90,72,72,95,95,95,95,92,95,95,95,95,95,95,95,95,95,95,95,87,87,94,100,101,101],"gold":119,"neow_bonus":"","is_daily":false,"chose_seed":false,"campfire_upgraded":3,"win_rate":0.0,"timestamp":1607762786,"path_taken":["M","?","?","M","$","R","E","M","T","?","?","R","M","M","R","BOSS","M","?","$","M","?","E","?","R","T","?","$","E","?","?","R","BOSS","M","$","M","M","$","M","M","?","T","M","M","?","E","M","R","BOSS"],"items_purchased_type":["Relic","Relic","Relic","Relic","Relic","Card","Relic","Relic","Relic","Relic"],"build_version":"2020-11-30","purchased_purges":2,"victory":true,"max_hp_per_floor":[80,80,80,80,80,80,80,80,80,80,80,80,80,80,80,80,80,80,80,90,90,90,90,90,90,90,95,95,95,95,95,95,95,95,95,95,95,95,95,95,95,95,95,95,101,101,101,101,101,101],"card_choices":[{"not_picked":["Combust","Twin Strike"],"picked":"Metallicize","floor":7},{"not_picked":["Demon Form+1","Impervious"],"picked":"Reaper","floor":16},{"not_picked":["Iron Wave","Body Slam","Cleave"],"picked":"SKIP","floor":23},{"not_picked":["Body Slam","Dropkick"],"picked":"Shrug It Off+1","floor":25},{"not_picked":["Perfected Strike","Fiend Fire","Flex"],"picked":"SKIP","floor":29},{"not_picked":["Headbutt","Hemokinesis"],"picked":"Dark Embrace+1","floor":32},{"not_picked":["Reaper","Exhume"],"picked":"Double Tap","floor":33},{"not_picked":["Wild Strike","Armaments+1","Reckless Charge+1"],"picked":"SKIP","floor":47},{"not_picked":["Cleave+1","Perfected Strike+1"],"picked":"Sentinel+1","floor":49}],"player_experience":419802,"relics_obtained":[{"floor":1,"key":"Smiling Mask"},{"floor":4,"key":"CeramicFish"},{"floor":7,"key":"Self Forming Clay"},{"floor":8,"key":"Akabeko"},{"floor":9,"key":"Vajra"},{"floor":11,"key":"Frozen Egg 2"},{"floor":13,"key":"Meat on the Bone"},{"floor":14,"key":"PreservedInsect"},{"floor":18,"key":"Dream Catcher"},{"floor":21,"key":"Centennial Puzzle"},{"floor":23,"key":"Paper Frog"},{"floor":24,"key":"Necronomicon"},{"floor":26,"key":"White Beast Statue"},{"floor":29,"key":"Ornamental Fan"},{"floor":35,"key":"Bronze Scales"},{"floor":37,"key":"Peace Pipe"},{"floor":38,"key":"Blood Vial"},{"floor":40,"key":"Darkstone Periapt"},{"floor":41,"key":"MawBank"},{"floor":43,"key":"Toxic Egg 2"},{"floor":44,"key":"Pocketwatch"},{"floor":45,"key":"War Paint"},{"floor":47,"key":"Whetstone"},{"floor":48,"key":"Bag of Marbles"}],"event_choices":[{"damage_healed":0,"gold_gain":175,"player_choice":"AGREE","damage_taken":0,"max_hp_gain":0,"max_hp_loss":0,"event_name":"Liars Game","floor":2,"gold_loss":0,"cards_obtained":["Doubt"]},{"damage_healed":0,"gold_gain":75,"player_choice":"Gather Gold","damage_taken":11,"max_hp_gain":0,"max_hp_loss":0,"event_name":"World of Goop","floor":3,"gold_loss":0},{"damage_healed":0,"gold_gain":0,"player_choice":"Got Potions","damage_taken":0,"max_hp_gain":0,"max_hp_loss":0,"event_name":"Lab","floor":10,"gold_loss":0},{"damage_healed":0,"gold_gain":0,"player_choice":"Bought 0 Potions","damage_taken":0,"max_hp_gain":0,"max_hp_loss":0,"event_name":"The Woman in Blue","floor":19,"gold_loss":0},{"cards_removed":["Armaments"],"damage_healed":0,"gold_gain":0,"player_choice":"Take \u0026 Give","damage_taken":0,"max_hp_gain":0,"max_hp_loss":0,"event_name":"betterNote:BetterNote","floor":22,"gold_loss":0,"cards_obtained":["Apotheosis"]},{"damage_healed":0,"gold_gain":0,"player_choice":"Obtained Book","damage_taken":16,"max_hp_gain":0,"max_hp_loss":0,"event_name":"Cursed Tome","floor":24,"gold_loss":0},{"damage_healed":0,"gold_gain":0,"player_choice":"Shed Blood","damage_taken":23,"max_hp_gain":5,"max_hp_loss":0,"event_name":"Forgotten Altar","floor":27,"gold_loss":0},{"damage_healed":0,"gold_gain":0,"player_choice":"Read","damage_taken":0,"max_hp_gain":0,"max_hp_loss":0,"event_name":"The Library","floor":30,"gold_loss":0,"cards_obtained":["Metallicize"]},{"cards_removed":["Reaper"],"damage_healed":0,"gold_gain":0,"player_choice":"Removed Attack","damage_taken":0,"max_hp_gain":0,"max_hp_loss":0,"event_name":"Falling","floor":42,"gold_loss":0},{"damage_healed":0,"gold_gain":0,"player_choice":"Paid","damage_taken":0,"relics_obtained":["Red Mask"],"max_hp_gain":0,"max_hp_loss":0,"event_name":"Tomb of Lord Red Mask","floor":46,"gold_loss":212}],"is_beta":false,"boss_relics":[{"not_picked":["Cursed Key","Ectoplasm"],"picked":"Mark of Pain"},{"not_picked":["Tiny House","Snecko Eye"],"picked":"SlaversCollar"}],"items_purged_floors":[5,5],"is_endless":false,"potions_floor_spawned":[7,8,11,14,23,29,33,35,37,38,40,41,44,45,47,48],"ascension_level":1}}