{"host":"oluf6aumjll4vfac","time":1607758395,"event":{"mods":["BaseMod","Colored Map","Colored Powertips","Conspire","Minty Spire (QoL Compilation)","Quick Restart","Shop Mod","StSLib","SuperFastMode"],"gold_per_floor":[111,128,148,98,30,41,116,126,149,164,164,164,32,65,65,64,64],"floor_reached":16,"playtime":342,"items_purged":[],"score":94,"play_id":"8a00b618-6951-4a81-8b63-6013d057f233","local_time":"20201212153315","is_ascension_mode":false,"campfire_choices":[{"data":"Armaments","floor":11,"key":"SMITH"},{"data":"Flex","floor":15,"key":"SMITH"}],"circlet_count":0,"master_deck":["Strike_R","Strike_R","Strike_R","Strike_R","Strike_R","Defend_R","Defend_R","Defend_R","Defend_R","Bash","Cleave","Armaments+1","Thunderclap","conspire:SpireCoStock","Combust","Headbutt","Carnage","Flex+1","conspire:Banana"],"relics":["Burning Blood","MealTicket","Lantern","conspire:Dentures"],"acts_visited":["Exordium"],"potions_floor_usage":[3,16,16],"damage_taken":[{"damage":11,"enemies":"conspire:RoseBush","floor":1,"turns":2},{"damage":12,"enemies":"Small Slimes","floor":2,"turns":3},{"damage":0,"enemies":"Cultist","floor":3,"turns":2},{"damage":13,"enemies":"Exordium Wildlife","floor":6,"turns":3},{"damage":10,"enemies":"Lots of Slimes","floor":8,"turns":2},{"damage":19,"enemies":"Exordium Thugs","floor":10,"turns":3},{"damage":16,"enemies":"Gremlin Gang","floor":14,"turns":4},{"damage":57,"enemies":"The Guardian","floor":16,"turns":5}],"seed_played":"-2748948399381806411","potions_obtained":[{"floor":2,"key":"BlessingOfTheForge"},{"floor":8,"key":"Dexterity Potion"},{"floor":10,"key":"Energy Potion"}],"is_trial":false,"path_per_floor":["M","M","M","?","$","M","?","M","T","M","R","T","$","M","R","B"],"character_chosen":"IRONCLAD","items_purchased":["Combust","Flex","conspire:Banana"],"campfire_rested":0,"item_purchase_floors":[5,13,13],"current_hp_per_floor":[75,69,75,75,80,73,65,61,61,48,48,48,63,54,54,0,0],"gold":64,"neow_bonus":"RANDOM_COMMON_RELIC","is_daily":false,"chose_seed":false,"campfire_upgraded":2,"win_rate":0.0,"timestamp":1607758395,"path_taken":["M","M","M","?","$","M","?","M","T","?","R","?","$","M","R","BOSS"],"items_purchased_type":["Card","Card","Card"],"build_version":"2020-11-30","purchased_purges":0,"victory":false,"max_hp_per_floor":[80,80,80,80,80,80,80,80,80,80,80,80,80,81,81,82,82],"card_choices":[{"not_picked":["Headbutt","Clothesline"],"picked":"Cleave","floor":1},{"not_picked":["Wild Strike","Pommel Strike"],"picked":"Armaments","floor":2},{"not_picked":["Warcry","Demon Form"],"picked":"Thunderclap","floor":3},{"not_picked":["Havoc","True Grit","Fire Breathing"],"picked":"SKIP","floor":6},{"not_picked":["Ghostly Armor","Shrug It Off"],"picked":"Headbutt","floor":8},{"not_picked":["Whirlwind","Clash"],"picked":"Carnage","floor":10},{"not_picked":["Metallicize","Heavy Blade","Sever Soul"],"picked":"SKIP","floor":14}],"player_experience":40340,"relics_obtained":[{"floor":9,"key":"Lantern"},{"floor":12,"key":"conspire:Dentures"}],"event_choices":[{"damage_healed":0,"gold_gain":0,"player_choice":"Invest 1","damage_taken":0,"max_hp_gain":0,"max_hp_loss":0,"event_name":"conspire:Investor","floor":4,"gold_loss":0},{"damage_healed":0,"gold_gain":75,"player_choice":"Touch","damage_taken":8,"max_hp_gain":0,"max_hp_loss":0,"event_name":"FaceTrader","floor":7,"gold_loss":0}],"is_beta":false,"boss_relics":[],"items_purged_floors":[],"is_endless":false,"potions_floor_spawned":[2,8,10],"killed_by":"The Guardian","ascension_level":0}}