{"host":"cz3p2o9n3b1gdmkz","time":1607762587,"event":{"mods":["AchievementEnabler","BaseMod","CapriCore","GungeonMod","Hermit","Minty Spire (QoL Compilation)","Replay The Spire","Shop Mod","StSLib","SuperFastMode","The Cursed","The Dragon Tamer","The Gatherer","The Jungle","The Poker Player"],"gold_per_floor":[110,110,125,144,29,56,56,102,102,102,116,128,53,77,77,175,175,185,195,195,95,130,130,164,164,164,164,176,193,206,223,235,235,235,330,330,345,358,370,387,434,434,451,451,474,550,562,594,283,309,309,315,315,315,4,41,47],"floor_reached":58,"playtime":3418,"items_purged":["Pain","Writhe","DTMod:Strike"],"score":1296,"play_id":"6b3390c4-df6c-49a2-af59-9098973118e2","local_time":"20201212174307","is_ascension_mode":false,"metric_token":991,"campfire_choices":[{"data":"DTMod:InvisibleFlame","floor":7.0,"key":"SMITH"},{"data":"DTMod:DoubleHit","floor":10.0,"key":"SMITH"},{"data":"DTMod:TargetDefense","floor":15.0,"key":"SMITH"},{"data":"DTMod:SwitchingTactic","floor":23.0,"key":"SMITH"},{"data":"DTMod:FlameSlash","floor":25.0,"key":"SMITH"},{"data":"DTMod:TargetDefense","floor":27.0,"key":"SMITH"},{"floor":33.0,"key":"RECALL"},{"floor":42.0,"key":"REST"},{"floor":51.0,"key":"REST"},{"data":"DTMod:Training","floor":54.0,"key":"SMITH"}],"dtmod_dragon_data":[11,58,1,0,8,0],"circlet_count":0,"master_deck":["DTMod:Strike","DTMod:Strike","DTMod:Strike","DTMod:DoubleHit+1","DTMod:TargetDefense+1","DTMod:TargetDefense","DTMod:TargetDefense","DTMod:TargetDefense+1","DTMod:SwitchingTactic+1","DTMod:FlameSlash+1","DTMod:InvisibleFlame+1","DTMod:RepeatStrike+1","DTMod:Astonish+1","DTMod:EchoTactic","DTMod:ShieldDrain+1","DTMod:BalancedStrike+1","DTMod:Training+1","DTMod:LightShield+1","DTMod:Training+1","DTMod:Training+1","DTMod:RepeatStrike+1","DTMod:ShadowImage+1"],"relics":["DTMod:PactStone","NeowsBlessing","WarpedTongs","Molten Egg 2","MealTicket","DemoMod:BlueGuonStone","Ancient Tea Set","DemoMod:RiddleOfLead","Omamori","Golden Egg","DemoMod:RatBoots","DemoMod:ResourcefulSack","DemoMod:PartiallyEatenCheese","CaptainsWheel","Shuriken","ReplayTheSpireMod:Lightbulb","Membership Card","Turnip","Replay:Bandana","Cauldron","Replay:Wax Seal","MerchantsRug","Replay:Accelerometer"],"acts_visited":["Exordium","TheCity","TheCity","TheBeyond","TheEnding"],"potions_floor_usage":[57,57,57],"damage_taken":[{"damage":0.0,"enemies":"Small Slimes","floor":1.0,"turns":1.0},{"damage":0.0,"enemies":"Cultist","floor":3.0,"turns":1.0},{"damage":0.0,"enemies":"Jaw Worm","floor":4.0,"turns":1.0},{"damage":0.0,"enemies":"3 Sentries","floor":6.0,"turns":5.0},{"damage":1.0,"enemies":"Lagavulin","floor":8.0,"turns":5.0},{"damage":0.0,"enemies":"2 Fungi Beasts","floor":11.0,"turns":2.0},{"damage":0.0,"enemies":"Exordium Wildlife","floor":12.0,"turns":3.0},{"damage":0.0,"enemies":"The Guardian","floor":16.0,"turns":8.0},{"damage":0.0,"enemies":"Spheric Guardian","floor":18.0,"turns":3.0},{"damage":0.0,"enemies":"3 Byrds","floor":19.0,"turns":3.0},{"damage":0.0,"enemies":"Gremlin Leader","floor":24.0,"turns":4.0},{"damage":0.0,"enemies":"DemoMod:2_Veteran_bullet_kins_and_red_shotgun_kin","floor":28.0,"turns":1.0},{"damage":0.0,"enemies":"DemoMod:Veteran_shot_gun_kin_and_bullet_kin","floor":29.0,"turns":2.0},{"damage":0.0,"enemies":"DemoMod:Veteran_shot_gun_kin_and_blue_shotgun_kin","floor":30.0,"turns":2.0},{"damage":0.0,"enemies":"DemoMod:Red_and_blue_shotgun_kin_with_gunsinger","floor":31.0,"turns":3.0},{"damage":0.0,"enemies":"DemoMod:2_Mousers","floor":32.0,"turns":4.0},{"damage":0.0,"enemies":"DemoMod:ResourcefulRat","floor":35.0,"turns":8.0},{"damage":0.0,"enemies":"3 Shapes","floor":37.0,"turns":3.0},{"damage":0.0,"enemies":"Orb Walker","floor":38.0,"turns":2.0},{"damage":0.0,"enemies":"Jaw Worm Horde","floor":39.0,"turns":4.0},{"damage":0.0,"enemies":"3 Darklings","floor":40.0,"turns":3.0},{"damage":0.0,"enemies":"2 Orb Walkers","floor":41.0,"turns":2.0},{"damage":0.0,"enemies":"4 Shapes","floor":43.0,"turns":3.0},{"damage":0.0,"enemies":"Spire Growth","floor":47.0,"turns":4.0},{"damage":0.0,"enemies":"R_Hoarder","floor":48.0,"turns":7.0},{"damage":0.0,"enemies":"Time Eater","floor":52.0,"turns":11.0},{"damage":0.0,"enemies":"Shield and Spear","floor":56.0,"turns":6.0},{"damage":6,"enemies":"The Heart","floor":57,"turns":10}],"seed_played":"7097532883075577478","potions_obtained":[{"floor":1.0,"key":"ColorlessPotion"},{"floor":8.0,"key":"Weak Potion"},{"floor":12.0,"key":"Ancient Potion"},{"floor":16.0,"key":"LiquidBronze"},{"floor":18.0,"key":"AttackPotion"},{"floor":22.0,"key":"DemoMod:BlankPotion"},{"floor":22.0,"key":"Fire Potion"},{"floor":32.0,"key":"Block Potion"},{"floor":35.0,"key":"Elixir"},{"floor":39.0,"key":"Elixir"},{"floor":40.0,"key":"Dexterity Potion"},{"floor":48.0,"key":"LiquidBronze"}],"is_trial":false,"path_per_floor":["M","?","M","M","$","E","R","E","T","R","M","M","$","T","R","B",null,"M","M","?","$","?","R","E","R","T","R","M","M","M","M","M","R","B","B",null,"M","M","M","M","?","R","M","?","T","T","M","E","$","T","R","B",null,"R","$","E","B",null],"character_chosen":"THE_DT","items_purchased":["DemoMod:GnawedKey","Membership Card","Turnip","PowerPotion","Block Potion","Cauldron","Replay:Wax Seal","MerchantsRug"],"campfire_rested":2,"item_purchase_floors":[5,49,49,55,55,55,55,55],"current_hp_per_floor":[45,45,45,45,45,45,45,44,44,44,44,44,45,45,45,45,55,55,55,55,55,55,55,55,55,55,55,55,55,55,55,55,55,55,55,55,55,55,55,55,55,55,55,55,55,55,55,55,55,55,55,55,55,55,55,55,49],"gold":47,"neow_bonus":"THREE_ENEMY_KILL","is_daily":false,"chose_seed":false,"campfire_upgraded":7,"win_rate":0.0,"timestamp":1607762587,"path_taken":["M","?","M","?","?","E","R","E","T","R","M","M","$","?","R","BOSS","M","M","?","$","?","R","E","R","T","R","M","M","M","M","M","R","BOSS","BOSS","M","?","M","M","?","R","M","?","T","?","?","E","$","?","R","BOSS","R","$","E","BOSS"],"items_purchased_type":["Relic","Relic","Relic","Potion","Potion","Relic","Relic","Relic"],"build_version":"2020-11-30","purchased_purges":3,"victory":true,"max_hp_per_floor":[45,45,45,45,45,45,45,45,45,45,45,45,45,45,45,45,55,55,55,55,55,55,55,55,55,55,55,55,55,55,55,55,55,55,55,55,55,55,55,55,55,55,55,55,55,55,55,55,55,55,55,55,55,55,55,55,55],"card_choices":[{"not_picked":["DTMod:RunningTactic","DTMod:GhostSkin"],"picked":"DTMod:FlameSlash","floor":1.0},{"not_picked":["DTMod:CleansingStrike","DTMod:MagicField","DTMod:InvisibleFlame"],"picked":"SKIP","floor":3.0},{"not_picked":["DTMod:CleansingStrike","DTMod:MagicField"],"picked":"DTMod:InvisibleFlame","floor":3.0},{"not_picked":["DTMod:BuildUp","DTMod:Threaten","DTMod:Hide"],"picked":"SKIP","floor":4.0},{"not_picked":["DTMod:Hide","DTMod:ComboAttack+1"],"picked":"DTMod:RepeatStrike+1","floor":6.0},{"not_picked":["DTMod:Overwhelm","DTMod:FlameSlash+1","DTMod:Hide"],"picked":"SKIP","floor":8.0},{"not_picked":["DTMod:Cover","DTMod:CrossStep","DTMod:Punisher+1"],"picked":"SKIP","floor":11.0},{"not_picked":["DTMod:FlameSlash+1","DTMod:BuildUp+1"],"picked":"DTMod:Astonish+1","floor":12.0},{"not_picked":["DTMod:TriAttack+1","DTMod:Safeguard"],"picked":"DTMod:EchoTactic","floor":16.0},{"not_picked":["DTMod:BlueScale","DTMod:BurningForce+1","DTMod:BuildUp+1"],"picked":"SKIP","floor":18.0},{"not_picked":["DTMod:MasterPlan+1","DTMod:Overwhelm","DTMod:Punisher+1"],"picked":"SKIP","floor":19.0},{"not_picked":["DTMod:Prediction","DTMod:LowKick+1","DTMod:GhostSkin"],"picked":"SKIP","floor":24.0},{"not_picked":["DTMod:GhostSkin","DTMod:BuildUp+1","DTMod:Feint+1"],"picked":"SKIP","floor":28.0},{"not_picked":["DTMod:GhostSkin+1","DTMod:BizarreTactic+1"],"picked":"DTMod:ShieldDrain+1","floor":29.0},{"not_picked":["DTMod:BlueScale","DTMod:Hide","DTMod:MasterPlan+1"],"picked":"SKIP","floor":30.0},{"not_picked":["DTMod:DarkBreath+1","DTMod:Coolant+1"],"picked":"DTMod:BalancedStrike+1","floor":31.0},{"not_picked":["DTMod:ShieldDrain+1","DTMod:LowKick+1"],"picked":"DTMod:Training+1","floor":32.0},{"not_picked":["DTMod:ExcessFootwork","DTMod:HeadStart"],"picked":"DTMod:LightShield","floor":35.0},{"not_picked":["DTMod:MasterPlan","DTMod:RecklessFlurry+1"],"picked":"DTMod:Training","floor":37.0},{"not_picked":["DTMod:CrossStep+1","DTMod:MasterPlan","DTMod:Feint+1"],"picked":"SKIP","floor":38.0},{"not_picked":["DTMod:ExcessFootwork","DTMod:HeatWave+1"],"picked":"DTMod:Training+1","floor":39.0},{"not_picked":["DTMod:InvisibleFlame","DTMod:BlazingStrike+1"],"picked":"DTMod:RepeatStrike+1","floor":40.0},{"not_picked":["DTMod:CleansingStrike+1","DTMod:BurningEnergy","DTMod:BlueScale"],"picked":"SKIP","floor":43.0},{"not_picked":["DTMod:Training","DTMod:StarRain+1","DTMod:Cover"],"picked":"SKIP","floor":47.0},{"not_picked":["DTMod:ShieldDrain+1","DTMod:WarmUp","DTMod:MasterPlan+1"],"picked":"SKIP","floor":48.0},{"not_picked":["DTMod:Astonish+1","DTMod:ForkedFire+1"],"picked":"DTMod:ShadowImage","floor":56.0}],"player_experience":814265,"relics_obtained":[{"floor":6.0,"key":"Molten Egg 2"},{"floor":8.0,"key":"MealTicket"},{"floor":9.0,"key":"DemoMod:BlueGuonStone"},{"floor":14.0,"key":"Ancient Tea Set"},{"floor":24.0,"key":"Golden Egg"},{"floor":36.0,"key":"DemoMod:RatBoots"},{"floor":36.0,"key":"DemoMod:ResourcefulSack"},{"floor":36.0,"key":"DemoMod:PartiallyEatenCheese"},{"floor":41.0,"key":"CaptainsWheel"},{"floor":46.0,"key":"Shuriken"},{"floor":48.0,"key":"ReplayTheSpireMod:Lightbulb"},{"floor":50.0,"key":"Replay:Bandana"},{"floor":56.0,"key":"Replay:Accelerometer"}],"event_choices":[{"damage_healed":0.0,"max_hp_gain":0.0,"max_hp_loss":0.0,"gold_gain":0.0,"event_name":"Accursed Blacksmith","player_choice":"Rummage","floor":2.0,"gold_loss":0.0,"damage_taken":0.0,"relics_obtained":["WarpedTongs"],"cards_obtained":["Pain"]},{"damage_healed":0.0,"max_hp_gain":0.0,"max_hp_loss":0.0,"gold_gain":0.0,"event_name":"The Mausoleum","player_choice":"Opened","floor":20.0,"gold_loss":0.0,"damage_taken":0.0,"relics_obtained":["Omamori"],"cards_obtained":["Writhe"]},{"damage_healed":0.0,"max_hp_gain":0.0,"max_hp_loss":0.0,"gold_gain":0.0,"event_name":"Mysterious Sphere","player_choice":"Fight","floor":41.0,"gold_loss":0.0,"damage_taken":0.0},{"damage_healed":0.0,"max_hp_gain":0.0,"max_hp_loss":0.0,"gold_gain":0.0,"event_name":"Tomb of Lord Red Mask","player_choice":"Ignored","floor":44.0,"gold_loss":0.0,"damage_taken":0.0}],"is_beta":false,"boss_relics":[{"not_picked":["ReplayTheSpireMod:DimensionalGlitch","DTMod:TheChair"],"picked":"DemoMod:RiddleOfLead"},{"not_picked":[]}],"items_purged_floors":[13,21,55],"is_endless":false,"potions_floor_spawned":[1,8,12,16,18,32,35,39,40,41,48],"ascension_level":0}}