{"host":"d9m9v0h6vo0edadb","time":1607780275,"event":{"mods":["BaseMod","Hermit","Keyboard Shortcuts","Minty Spire (QoL Compilation)","StSLib","SuperFastMode","The Cursed"],"gold_per_floor":[115,128,15,32,32,44,56,56,56,56,67,23,23,40,40,111,111,129,14,14,14],"floor_reached":20,"playtime":287,"items_purged":["Strike_G"],"score":332,"play_id":"161ff0ba-8bf3-419c-a05d-50a6da641444","local_time":"20201212223755","is_ascension_mode":true,"campfire_choices":[{"data":"Bouncing Flask","floor":8,"key":"SMITH"},{"data":"Catalyst","floor":13,"key":"SMITH"},{"floor":15,"key":"REST"}],"circlet_count":0,"master_deck":["AscendersBane","Strike_G","Strike_G","Strike_G","Defend_G","Defend_G","Defend_G","Defend_G","Defend_G","Survivor","Neutralize","Well Laid Plans","Prepared","Tactician","Poisoned Stab","Bouncing Flask+1","Prepared","Acrobatics","Catalyst+1","Grand Finale","Reflex"],"relics":["Ring of the Snake","NeowsBlessing","Girya","Philosopher\u0027s Stone"],"acts_visited":["Exordium","TheCity"],"potions_floor_usage":[11,16],"damage_taken":[{"damage":0,"enemies":"Cultist","floor":1,"turns":1},{"damage":0,"enemies":"Jaw Worm","floor":2,"turns":1},{"damage":0,"enemies":"Small Slimes","floor":4,"turns":1},{"damage":4,"enemies":"Looter","floor":6,"turns":4},{"damage":17,"enemies":"3 Louse","floor":7,"turns":4},{"damage":8,"enemies":"Red Slaver","floor":11,"turns":4},{"damage":8,"enemies":"Large Slime","floor":14,"turns":6},{"damage":24,"enemies":"The Guardian","floor":16,"turns":7},{"damage":22,"enemies":"Shell Parasite","floor":18,"turns":5},{"damage":25,"enemies":"3 Byrds","floor":20,"turns":3}],"seed_played":"-6255150500401101921","potions_obtained":[{"floor":1,"key":"GamblersBrew"},{"floor":2,"key":"SkillPotion"},{"floor":11,"key":"Ancient Potion"},{"floor":16,"key":"Ancient Potion"}],"is_trial":false,"path_per_floor":["M","M","$","M","$","M","M","R","T","?","M","$","R","M","R","B",null,"M","$","M"],"character_chosen":"THE_SILENT","items_purchased":["Tactician","Poisoned Stab","Catalyst","Reflex"],"campfire_rested":1,"item_purchase_floors":[3,3,12,19],"current_hp_per_floor":[59,59,59,59,59,55,38,38,38,38,30,30,30,22,41,17,54,32,32,7,7],"gold":14,"neow_bonus":"THREE_ENEMY_KILL","is_daily":false,"chose_seed":false,"campfire_upgraded":2,"win_rate":0.0,"timestamp":1607780275,"path_taken":["M","?","$","M","$","M","M","R","T","?","M","$","R","M","R","BOSS","M","$","M"],"items_purchased_type":["Card","Card","Card","Card"],"build_version":"2020-11-30","purchased_purges":1,"victory":false,"max_hp_per_floor":[66,66,66,66,66,66,66,66,66,66,66,66,66,66,66,66,66,66,66,66,66],"card_choices":[{"not_picked":["Dagger Spray","Flying Knee"],"picked":"Well Laid Plans","floor":1},{"not_picked":["Underhanded Strike","Blur"],"picked":"Prepared","floor":2},{"not_picked":["Crippling Poison","Footwork"],"picked":"Bouncing Flask","floor":4},{"not_picked":["Choke","Quick Slash"],"picked":"Prepared","floor":6},{"not_picked":["Concentrate","Expertise"],"picked":"Acrobatics","floor":7},{"not_picked":["Flying Knee","PiercingWail","Outmaneuver"],"picked":"SKIP","floor":11},{"not_picked":["Storm of Steel","Outmaneuver","Accuracy"],"picked":"SKIP","floor":14},{"not_picked":["Adrenaline","Malaise"],"picked":"Grand Finale","floor":16},{"not_picked":["Dodge and Roll","Sucker Punch+1","Concentrate"],"picked":"SKIP","floor":18}],"player_experience":932348,"relics_obtained":[{"floor":9,"key":"Girya"}],"event_choices":[{"cards_removed":["Strike_G"],"damage_healed":0,"gold_gain":0,"player_choice":"Offered Basic","damage_taken":0,"max_hp_gain":0,"max_hp_loss":0,"event_name":"Bonfire Elementals","floor":10,"gold_loss":0}],"is_beta":false,"boss_relics":[{"not_picked":["Coffee Dripper","Snecko Eye"],"picked":"Philosopher\u0027s Stone"}],"items_purged_floors":[19],"is_endless":false,"potions_floor_spawned":[1,2,11,16],"killed_by":"3 Byrds","ascension_level":20}}