{"host":"xcuflocadasoaqda","time":1607748865,"event":{"mods":["BaseMod","Bestiary","Filter the Spire","Minty Spire (QoL Compilation)","Relic Stats"],"gold_per_floor":[118,43,56,68,84,119,119,144,171,10,10,45,45,45,45,123,123,133,49,49,64,64,64],"floor_reached":22,"playtime":1141,"items_purged":["Brutality"],"score":479,"play_id":"ebf5710d-592d-451d-ba12-f659b80494d9","local_time":"20201211225425","is_ascension_mode":true,"campfire_choices":[{"data":"Feed","floor":7.0,"key":"SMITH"},{"data":"True Grit","floor":11.0,"key":"SMITH"},{"data":"Fiend Fire","floor":15,"key":"SMITH"}],"circlet_count":0,"master_deck":["AscendersBane","Bash","Dark Embrace","Wild Strike","Intimidate","Sentinel","Whirlwind","Feed+1","Metallicize+1","Fiend Fire+1","Disarm","True Grit+1","Feel No Pain","Barricade","Feel No Pain","Carnage+1","Exhume","Evolve"],"relics":["Pandora\u0027s Box","Oddly Smooth Stone","Omamori","Nunchaku","Busted Crown","Lantern"],"acts_visited":["Exordium","TheCity"],"potions_floor_usage":[12,22],"damage_taken":[{"damage":8.0,"enemies":"Cultist","floor":1.0,"turns":3.0},{"damage":4.0,"enemies":"Small Slimes","floor":3.0,"turns":3.0},{"damage":11.0,"enemies":"2 Louse","floor":4.0,"turns":3.0},{"damage":10.0,"enemies":"Looter","floor":5.0,"turns":4.0},{"damage":2.0,"enemies":"Lagavulin","floor":6.0,"turns":7.0},{"damage":11.0,"enemies":"3 Sentries","floor":8.0,"turns":13.0},{"damage":0,"enemies":"Lagavulin","floor":12,"turns":6},{"damage":13,"enemies":"Slime Boss","floor":16,"turns":19},{"damage":19,"enemies":"2 Thieves","floor":18,"turns":5},{"damage":7,"enemies":"Spheric Guardian","floor":21,"turns":4},{"damage":66,"enemies":"Chosen and Byrds","floor":22,"turns":6}],"seed_played":"-6506887133925887238","potions_obtained":[{"floor":4.0,"key":"Strength Potion"},{"floor":5.0,"key":"BlessingOfTheForge"},{"floor":6.0,"key":"Weak Potion"},{"floor":21,"key":"Weak Potion"}],"is_trial":false,"path_per_floor":["M","$","M","M","M","E","R","E","T","$","R","E","?","?","R","B",null,"M","$","?","M","M"],"character_chosen":"IRONCLAD","items_purchased":["Feel No Pain","Carnage","Evolve"],"campfire_rested":0,"item_purchase_floors":[10,10,19],"current_hp_per_floor":[63,63,62,54,44,46,46,39,39,39,39,43,43,14,14,1,72,57,57,57,54,0,0],"gold":64,"neow_bonus":"BOSS_RELIC","is_daily":false,"chose_seed":false,"campfire_upgraded":3,"win_rate":0.0,"timestamp":1607748865,"path_taken":["M","?","M","M","M","E","R","E","T","$","R","E","?","?","R","BOSS","M","$","?","M","M"],"items_purchased_type":["Card","Card","Card"],"build_version":"2020-11-30","purchased_purges":1,"victory":false,"max_hp_per_floor":[78,78,81,84,84,88,88,92,92,92,92,96,96,96,96,96,96,100,100,100,104,104,104],"relic_stats":{"Nunchaku":[2],"Busted Crown":4,"counters":[11,73],"Pandora\u0027s Box":["Dark Embrace","Wild Strike","Intimidate","Sentinel","Whirlwind","Brutality","Feed","Metallicize","Fiend Fire"],"obtain_stats":[{"Nunchaku":12,"Lantern":20,"Busted Crown":17,"Oddly Smooth Stone":6,"Pandora\u0027s Box":0,"Omamori":8,"Burning Blood":0},{"Nunchaku":7,"Lantern":9,"Busted Crown":8,"Oddly Smooth Stone":5,"Pandora\u0027s Box":0,"Omamori":6,"Burning Blood":0},{"Nunchaku":39,"Lantern":63,"Busted Crown":58,"Oddly Smooth Stone":20,"Pandora\u0027s Box":0,"Omamori":33,"Burning Blood":0}]},"card_choices":[{"not_picked":["Twin Strike","Sword Boomerang","Metallicize"],"picked":"SKIP","floor":1.0},{"not_picked":["Perfected Strike","Clothesline","Searing Blow"],"picked":"SKIP","floor":3.0},{"not_picked":["Hemokinesis","Flex"],"picked":"Disarm","floor":4.0},{"not_picked":["Flex","Hemokinesis"],"picked":"True Grit","floor":5.0},{"not_picked":["Pommel Strike","Clothesline"],"picked":"Feel No Pain","floor":6.0},{"not_picked":["Iron Wave","Dropkick"],"picked":"Barricade","floor":8.0},{"not_picked":["Thunderclap","True Grit","Sword Boomerang"],"picked":"SKIP","floor":12},{"not_picked":["Limit Break","Brutality"],"picked":"Exhume","floor":16},{"not_picked":["Ghostly Armor"],"picked":"SKIP","floor":18},{"not_picked":["Uppercut"],"picked":"SKIP","floor":21}],"player_experience":1705219,"relics_obtained":[{"floor":6.0,"key":"Oddly Smooth Stone"},{"floor":8.0,"key":"Omamori"},{"floor":12,"key":"Nunchaku"}],"event_choices":[{"damage_healed":0,"gold_gain":0,"player_choice":"Ignored","damage_taken":0,"max_hp_gain":0,"max_hp_loss":0,"event_name":"Liars Game","floor":13,"gold_loss":0},{"damage_healed":0,"gold_gain":0,"player_choice":"Entered Light","damage_taken":29,"max_hp_gain":0,"max_hp_loss":0,"event_name":"Shining Light","floor":14,"gold_loss":0,"cards_upgraded":["Metallicize","Carnage"]},{"damage_healed":0,"gold_gain":0,"player_choice":"Stole Relic","damage_taken":0,"relics_obtained":["Lantern"],"max_hp_gain":0,"max_hp_loss":0,"event_name":"Addict","floor":20,"gold_loss":0,"cards_obtained":["Shame"]}],"is_beta":false,"boss_relics":[{"not_picked":["Tiny House","Velvet Choker"],"picked":"Busted Crown"}],"items_purged_floors":[2],"is_endless":false,"potions_floor_spawned":[4,5,6,21],"killed_by":"Chosen and Byrds","ascension_level":20}}