{"host":"hjw1ay65n7jm40lc","time":1607793813,"event":{"mods":["AchievementEnabler","BaseMod","Colored Map","Colored Powertips","Googly Eyes","Highlight Path","Minty Spire (QoL Compilation)","Quick Restart","Relic Stats"],"gold_per_floor":[109,124,124,124,147,147,181,181,181,202,240,271,303,359,371,509,521,461,461,461,54,54,54,54,54,54,54,54,54,54,54,54,54,54,54,54,54,54,54,54,54,54,54,54,54],"floor_reached":44,"playtime":3946,"items_purged":[],"score":653,"play_id":"b5a44f1b-924c-44ac-a20b-7361671574f6","local_time":"20201212122333","is_ascension_mode":true,"campfire_choices":[{"data":"Rip and Tear","floor":6.0,"key":"SMITH"},{"floor":8.0,"key":"REST"},{"data":"Loop","floor":15.0,"key":"SMITH"},{"data":"Darkness","floor":23.0,"key":"SMITH"},{"data":"Static Discharge","floor":28.0,"key":"SMITH"},{"floor":30.0,"key":"REST"},{"data":"Coolheaded","floor":32.0,"key":"SMITH"},{"floor":40.0,"key":"REST"},{"floor":42.0,"key":"REST"}],"circlet_count":0,"master_deck":["Strike_B","Strike_B","Defend_B","Defend_B","Defend_B+1","Defend_B","Zap","Dualcast+1","Leap","Cold Snap","Rip and Tear+1","Compile Driver","Glacier","Loop+1","Coolheaded+1","Ball Lightning","Doom and Gloom","Electrodynamics","Self Repair","Doom and Gloom+1","Darkness+1","Static Discharge+1","Aggregate+1","Darkness+1","Creative AI","Compile Driver"],"relics":["Cracked Core","Golden Idol","Calipers","MawBank","WingedGreaves","Ectoplasm","Strange Spoon","White Beast Statue","War Paint","Lantern","The Courier","Sundial","Cursed Key","Unceasing Top","HornCleat"],"acts_visited":["Exordium","TheCity","TheBeyond"],"potions_floor_usage":[44,44],"damage_taken":[{"damage":7.0,"enemies":"Small Slimes","floor":1.0,"turns":3.0},{"damage":1.0,"enemies":"Cultist","floor":2.0,"turns":3.0},{"damage":0.0,"enemies":"2 Louse","floor":5.0,"turns":2.0},{"damage":9.0,"enemies":"3 Sentries","floor":7.0,"turns":5.0},{"damage":0.0,"enemies":"2 Fungi Beasts","floor":10.0,"turns":3.0},{"damage":0.0,"enemies":"Gremlin Nob","floor":11.0,"turns":5.0},{"damage":1.0,"enemies":"Exordium Thugs","floor":12.0,"turns":5.0},{"damage":4.0,"enemies":"Looter","floor":13.0,"turns":4.0},{"damage":3.0,"enemies":"Lagavulin","floor":14.0,"turns":7.0},{"damage":12.0,"enemies":"The Guardian","floor":16.0,"turns":11.0},{"damage":14.0,"enemies":"2 Thieves","floor":18.0,"turns":3.0},{"damage":7.0,"enemies":"Spheric Guardian","floor":19.0,"turns":4.0},{"damage":6.0,"enemies":"Centurion and Healer","floor":24.0,"turns":5.0},{"damage":6.0,"enemies":"Gremlin Leader","floor":25.0,"turns":5.0},{"damage":15.0,"enemies":"Snake Plant","floor":27.0,"turns":4.0},{"damage":21.0,"enemies":"Slavers","floor":29.0,"turns":4.0},{"damage":0.0,"enemies":"Gremlin Leader","floor":31.0,"turns":4.0},{"damage":60.0,"enemies":"Automaton","floor":33.0,"turns":8.0},{"damage":14.0,"enemies":"3 Darklings","floor":35.0,"turns":4.0},{"damage":22.0,"enemies":"3 Shapes","floor":36.0,"turns":3.0},{"damage":26.0,"enemies":"Spire Growth","floor":37.0,"turns":4.0},{"damage":11.0,"enemies":"Mind Bloom Boss Battle","floor":38.0,"turns":6.0},{"damage":39.0,"enemies":"Writhing Mass","floor":39.0,"turns":4.0},{"damage":16.0,"enemies":"Nemesis","floor":41.0,"turns":5.0},{"damage":43,"enemies":"Giant Head","floor":44,"turns":7}],"seed_played":"-7662785736343253114","potions_obtained":[{"floor":5.0,"key":"Explosive Potion"},{"floor":10.0,"key":"EntropicBrew"},{"floor":13.0,"key":"Swift Potion"},{"floor":14.0,"key":"LiquidMemories"},{"floor":24.0,"key":"PowerPotion"},{"floor":25.0,"key":"SpeedPotion"},{"floor":27.0,"key":"Swift Potion"},{"floor":29.0,"key":"AttackPotion"},{"floor":31.0,"key":"AttackPotion"},{"floor":33.0,"key":"Fire Potion"},{"floor":35.0,"key":"Strength Potion"},{"floor":36.0,"key":"Regen Potion"},{"floor":37.0,"key":"LiquidMemories"},{"floor":38.0,"key":"SkillPotion"},{"floor":39.0,"key":"Dexterity Potion"},{"floor":41.0,"key":"SpeedPotion"}],"is_trial":false,"path_per_floor":["M","M","?","?","M","R","E","R","T","M","E","M","M","E","R","B",null,"M","M","?","$","?","R","M","E","T","M","R","E","R","E","R","B",null,"M","M","M","?","M","R","E","R","T","E"],"character_chosen":"DEFECT","items_purchased":["Strange Spoon","White Beast Statue"],"campfire_rested":4,"item_purchase_floors":[21,21],"current_hp_per_floor":[75,74,54,54,54,54,45,69,69,69,69,68,64,61,61,49,82,68,68,82,82,82,82,82,82,82,67,67,46,70,77,77,24,82,75,60,46,42,3,27,18,42,42,0,0],"gold":54,"neow_bonus":"TEN_PERCENT_HP_BONUS","is_daily":false,"chose_seed":false,"campfire_upgraded":5,"win_rate":0.0,"timestamp":1607793813,"path_taken":["M","M","?","?","M","R","E","R","T","M","E","?","M","E","R","BOSS","M","M","?","$","?","R","M","E","T","M","R","E","R","E","R","BOSS","M","M","M","?","M","R","E","R","T","E"],"items_purchased_type":["Relic","Relic"],"build_version":"2020-11-30","purchased_purges":0,"victory":false,"max_hp_per_floor":[82,82,82,82,82,82,82,82,82,82,82,82,82,82,82,82,82,82,82,82,82,82,82,82,82,82,82,82,82,82,82,82,82,82,82,82,82,82,82,82,82,82,82,82,82],"relic_stats":{"Strange Spoon":[0],"counters":[25,118],"Golden Idol":168,"Sundial":[2],"Ectoplasm":636,"War Paint":["Defend_B","Dualcast"],"MawBank":72,"Cursed Key":0,"obtain_stats":[{"Lantern":26,"Calipers":7,"Golden Idol":3,"The Courier":29,"War Paint":25,"MawBank":11,"Cursed Key":34,"White Beast Statue":21,"Strange Spoon":21,"HornCleat":41,"Sundial":31,"WingedGreaves":14,"Ectoplasm":17,"Cracked Core":0,"Unceasing Top":38},{"Lantern":14,"Calipers":4,"Golden Idol":2,"The Courier":16,"War Paint":14,"MawBank":6,"Cursed Key":18,"White Beast Statue":12,"Strange Spoon":12,"HornCleat":24,"Sundial":17,"WingedGreaves":9,"Ectoplasm":10,"Cracked Core":0,"Unceasing Top":22},{"Lantern":65,"Calipers":13,"Golden Idol":6,"The Courier":73,"War Paint":65,"MawBank":21,"Cursed Key":85,"White Beast Statue":55,"Strange Spoon":55,"HornCleat":111,"Sundial":77,"WingedGreaves":37,"Ectoplasm":48,"Cracked Core":0,"Unceasing Top":102}],"Unceasing Top":[6]},"card_choices":[{"not_picked":["Go for the Eyes","Gash"],"picked":"Leap","floor":1.0},{"not_picked":["Beam Cell","Self Repair"],"picked":"Cold Snap","floor":2.0},{"not_picked":["Rebound","Gash"],"picked":"Compile Driver","floor":5.0},{"not_picked":["Ball Lightning","Stack"],"picked":"Glacier","floor":7.0},{"not_picked":["Turbo","Beam Cell"],"picked":"Loop","floor":10.0},{"not_picked":["Cold Snap","Melter"],"picked":"Coolheaded","floor":11.0},{"not_picked":["Streamline","Multi-Cast"],"picked":"Ball Lightning","floor":12.0},{"not_picked":["Redo","Steam"],"picked":"Doom and Gloom","floor":13.0},{"not_picked":["Steam Power","All For One","Stack"],"picked":"SKIP","floor":14.0},{"not_picked":["Meteor Strike","Amplify"],"picked":"Electrodynamics","floor":16.0},{"not_picked":["Compile Driver","Stack"],"picked":"Self Repair","floor":18.0},{"not_picked":["Beam Cell","Leap+1"],"picked":"Doom and Gloom+1","floor":19.0},{"not_picked":["Turbo","Rebound","Tempest"],"picked":"SKIP","floor":24.0},{"not_picked":["Coolheaded","Chill"],"picked":"Static Discharge","floor":25.0},{"not_picked":["Blizzard","Compile Driver","Sunder"],"picked":"SKIP","floor":27.0},{"not_picked":["Beam Cell","Conserve Battery"],"picked":"Aggregate+1","floor":29.0},{"not_picked":["Barrage+1","Gash"],"picked":"Darkness+1","floor":31.0},{"not_picked":["Core Surge","Biased Cognition"],"picked":"Creative AI","floor":33.0},{"not_picked":["Ball Lightning","Blizzard","Redo"],"picked":"SKIP","floor":35.0},{"not_picked":["Loop","Conserve Battery+1"],"picked":"Compile Driver","floor":36.0},{"not_picked":["Sweeping Beam","Reprogram+1","Beam Cell"],"picked":"SKIP","floor":37.0},{"not_picked":["Self Repair+1","Amplify","Cold Snap"],"picked":"SKIP","floor":39.0},{"not_picked":["Turbo+1","Go for the Eyes","Barrage+1"],"picked":"SKIP","floor":41.0}],"player_experience":159022,"relics_obtained":[{"floor":7.0,"key":"Calipers"},{"floor":11.0,"key":"MawBank"},{"floor":14.0,"key":"WingedGreaves"},{"floor":25.0,"key":"War Paint"},{"floor":26.0,"key":"Lantern"},{"floor":29.0,"key":"The Courier"},{"floor":31.0,"key":"Sundial"},{"floor":38.0,"key":"Unceasing Top"},{"floor":41.0,"key":"HornCleat"}],"event_choices":[{"damage_healed":0.0,"max_hp_gain":0.0,"max_hp_loss":0.0,"gold_gain":0.0,"event_name":"Golden Idol","player_choice":"Take Damage","floor":3.0,"gold_loss":0.0,"damage_taken":20.0,"relics_obtained":["Golden Idol"]},{"damage_healed":0.0,"max_hp_gain":0.0,"max_hp_loss":0.0,"gold_gain":0.0,"cards_transformed":["Strike_B"],"event_name":"Transmorgrifier","player_choice":"Transformed","floor":4.0,"gold_loss":0.0,"damage_taken":0.0,"cards_obtained":["Rip and Tear"]},{"damage_healed":27.0,"max_hp_gain":0.0,"max_hp_loss":0.0,"gold_gain":0.0,"event_name":"The Library","player_choice":"Heal","floor":20.0,"gold_loss":0.0,"damage_taken":0.0},{"damage_healed":0.0,"max_hp_gain":0.0,"max_hp_loss":0.0,"gold_gain":0.0,"cards_transformed":["Strike_B"],"event_name":"Transmorgrifier","player_choice":"Transformed","floor":22.0,"gold_loss":0.0,"damage_taken":0.0,"cards_obtained":["Darkness"]},{"damage_healed":0.0,"max_hp_gain":0.0,"max_hp_loss":0.0,"gold_gain":0.0,"event_name":"MindBloom","player_choice":"Fight","floor":38.0,"gold_loss":0.0,"damage_taken":0.0}],"is_beta":false,"boss_relics":[{"not_picked":["Pandora\u0027s Box","Black Star"],"picked":"Ectoplasm"},{"not_picked":["FrozenCore","Runic Dome"],"picked":"Cursed Key"}],"items_purged_floors":[],"is_endless":false,"potions_floor_spawned":[5,10,13,14,24,25,27,29,31,33,35,36,37,38,39,41],"killed_by":"Giant Head","ascension_level":3}}