{"host":"l2821e3dgmq4sghh","time":1607803445,"event":{"mods":["BaseMod","Colored Powertips","Minty Spire (QoL Compilation)","StSLib"],"gold_per_floor":[119,4,18,38,57,88,88,88,88],"floor_reached":8,"playtime":704,"items_purged":["Strike_G"],"score":110,"play_id":"41f8f58d-b465-4d4e-9db4-a000fc59aa5e","local_time":"20201212210405","is_ascension_mode":true,"campfire_choices":[{"floor":7.0,"key":"REST"}],"circlet_count":0,"master_deck":["AscendersBane","Strike_G","Strike_G","Strike_G","Strike_G","Defend_G","Defend_G","Defend_G","Defend_G","Defend_G","Survivor","Neutralize","Quick Slash","Well Laid Plans","Endless Agony","Crippling Poison","Flying Knee","Concentrate"],"relics":["Ring of the Snake","NeowsBlessing","Orichalcum"],"acts_visited":["Exordium"],"potions_floor_usage":[],"damage_taken":[{"damage":0.0,"enemies":"Small Slimes","floor":1.0,"turns":1.0},{"damage":0.0,"enemies":"2 Louse","floor":3.0,"turns":1.0},{"damage":0.0,"enemies":"Jaw Worm","floor":4.0,"turns":1.0},{"damage":17.0,"enemies":"Large Slime","floor":5.0,"turns":9.0},{"damage":39.0,"enemies":"Gremlin Nob","floor":6.0,"turns":6.0},{"damage":24,"enemies":"Lagavulin","floor":8,"turns":6}],"seed_played":"-8290904895038621983","potions_obtained":[{"floor":1.0,"key":"Explosive Potion"},{"floor":5.0,"key":"Dexterity Potion"}],"is_trial":false,"path_per_floor":["M","$","M","M","M","E","R","E"],"character_chosen":"THE_SILENT","items_purchased":["Well Laid Plans"],"campfire_rested":1,"item_purchase_floors":[2],"current_hp_per_floor":[59,59,59,59,42,3,22,0,0],"gold":88,"neow_bonus":"THREE_ENEMY_KILL","is_daily":false,"chose_seed":false,"campfire_upgraded":0,"win_rate":0.0,"timestamp":1607803445,"path_taken":["M","$","M","M","M","E","R","E"],"items_purchased_type":["Card"],"build_version":"2020-11-30","purchased_purges":1,"victory":false,"max_hp_per_floor":[66,66,66,66,66,66,66,66,66],"card_choices":[{"not_picked":["Flechettes","Deflect"],"picked":"Quick Slash","floor":1.0},{"not_picked":["Quick Slash","Dagger Throw"],"picked":"Endless Agony","floor":3.0},{"not_picked":["Calculated Gamble","Underhanded Strike"],"picked":"Crippling Poison","floor":4.0},{"not_picked":["Finisher","Calculated Gamble"],"picked":"Flying Knee","floor":5.0},{"not_picked":["Deflect","Flechettes"],"picked":"Concentrate","floor":6.0}],"player_experience":5290585,"relics_obtained":[{"floor":6.0,"key":"Orichalcum"}],"event_choices":[],"is_beta":false,"boss_relics":[],"items_purged_floors":[2],"is_endless":false,"potions_floor_spawned":[1,5],"killed_by":"Lagavulin","ascension_level":18}}