{"host":"se2kry7a7ac49ar7","time":1607757490,"event":{"mods":["BaseMod","Bestiary","Minty Spire (QoL Compilation)","StSLib"],"gold_per_floor":[111,128,143,156,176,176,208,208,256,281,301,328,347,347,347,436,436,456,472,472,491,541,541,581,581,605,605,636,91,124,147,147,238,238,257,277,499,520,520,560,560,593,672,707,1040,1055,1085,1102,1102,1102],"floor_reached":51,"playtime":3753,"items_purged":[],"score":1541,"play_id":"ae34aa79-15e2-49e0-8783-d326c42cf544","local_time":"20201211231810","is_ascension_mode":true,"campfire_choices":[{"data":"Uppercut","floor":6,"key":"SMITH"},{"data":"Bash","floor":8,"key":"SMITH"},{"data":"Flame Barrier","floor":15,"key":"SMITH"},{"data":"Flame Barrier","floor":23,"key":"SMITH"},{"data":"Dual Wield","floor":25,"key":"SMITH"},{"data":"Sentinel","floor":27,"key":"SMITH"},{"data":"Clothesline","floor":32,"key":"SMITH"},{"floor":41,"key":"REST"},{"data":"Demon Form","floor":49,"key":"SMITH"}],"circlet_count":0,"master_deck":["AscendersBane","Strike_R","Strike_R","Strike_R+1","Strike_R","Defend_R","Defend_R","Defend_R","Defend_R","Bash+1","Flame Barrier+1","Dropkick","Uppercut+1","Sentinel+1","Reaper+1","Dropkick","Flame Barrier+1","Blood for Blood","Havoc","Power Through","Impervious","Dual Wield+1","Shrug It Off+1","Dropkick+1","Exhume","Clothesline+1","Blood for Blood+1","Disarm","Demon Form+1","Havoc","Reaper+1","Ghostly Armor","Injury","Entrench","Parasite"],"relics":["Sozu","TungstenRod","Lantern","Kunai","Nunchaku","Snecko Eye","Enchiridion","Centennial Puzzle","Whetstone","Strawberry","Boot","Molten Egg 2","Frozen Eye","Red Mask","Cursed Key","Mummified Hand","Singing Bowl","Bottled Lightning","Calipers","White Beast Statue"],"acts_visited":["Exordium","TheCity","TheBeyond"],"potions_floor_usage":[],"damage_taken":[{"damage":0,"enemies":"Cultist","floor":1,"turns":3},{"damage":3,"enemies":"Jaw Worm","floor":2,"turns":4},{"damage":0,"enemies":"2 Louse","floor":3,"turns":2},{"damage":8,"enemies":"Looter","floor":4,"turns":2},{"damage":4,"enemies":"Exordium Wildlife","floor":5,"turns":4},{"damage":12,"enemies":"Gremlin Nob","floor":7,"turns":4},{"damage":29,"enemies":"3 Sentries","floor":10,"turns":9},{"damage":4,"enemies":"2 Fungi Beasts","floor":11,"turns":3},{"damage":10,"enemies":"Lagavulin","floor":12,"turns":8},{"damage":0,"enemies":"Looter","floor":13,"turns":3},{"damage":0,"enemies":"Hexaghost","floor":16,"turns":9},{"damage":0,"enemies":"Shell Parasite","floor":18,"turns":3},{"damage":0,"enemies":"Chosen","floor":19,"turns":4},{"damage":0,"enemies":"Centurion and Healer","floor":21,"turns":6},{"damage":5,"enemies":"Slavers","floor":24,"turns":3},{"damage":2,"enemies":"Book of Stabbing","floor":28,"turns":4},{"damage":0,"enemies":"Masked Bandits","floor":30,"turns":2},{"damage":0,"enemies":"Snake Plant","floor":31,"turns":2},{"damage":38,"enemies":"Champ","floor":33,"turns":9},{"damage":0,"enemies":"3 Darklings","floor":35,"turns":4},{"damage":1,"enemies":"3 Shapes","floor":36,"turns":4},{"damage":0,"enemies":"Transient","floor":38,"turns":5},{"damage":81,"enemies":"Reptomancer","floor":40,"turns":5},{"damage":7,"enemies":"Giant Head","floor":42,"turns":7},{"damage":0,"enemies":"Nemesis","floor":44,"turns":5},{"damage":0,"enemies":"Sphere and 2 Shapes","floor":46,"turns":3},{"damage":8,"enemies":"Reptomancer","floor":47,"turns":5},{"damage":9,"enemies":"Writhing Mass","floor":48,"turns":7},{"damage":15,"enemies":"Awakened One","floor":50,"turns":10}],"seed_played":"-6823568832752917163","potions_obtained":[],"is_trial":false,"path_per_floor":["M","M","M","M","M","R","E","R","T","E","M","E","M","?","R","B",null,"M","M","?","M","?","R","E","R","T","R","E","$","?","M","R","B",null,"M","M","?","M","?","E","R","E","T","E","?","M","E","M","R","B",null],"character_chosen":"IRONCLAD","items_purchased":["Boot","Molten Egg 2","Frozen Eye"],"campfire_rested":1,"item_purchase_floors":[29,29,29],"current_hp_per_floor":[68,65,65,57,53,53,45,45,45,30,32,28,29,29,29,35,60,66,68,51,61,61,61,64,64,64,64,75,75,75,75,75,51,69,75,74,74,74,74,18,40,65,65,77,77,79,81,83,83,70],"gold":1102,"neow_bonus":"BOSS_RELIC","is_daily":false,"chose_seed":false,"campfire_upgraded":8,"win_rate":0.0,"timestamp":1607757490,"path_taken":["M","M","?","M","M","R","E","R","T","E","M","E","M","?","R","BOSS","M","M","?","M","?","R","E","R","T","R","E","$","?","M","R","BOSS","M","M","?","M","?","E","R","E","T","E","?","?","E","M","R","BOSS"],"items_purchased_type":["Relic","Relic","Relic"],"build_version":"2020-11-30","purchased_purges":0,"victory":true,"max_hp_per_floor":[75,75,75,75,75,75,75,75,75,75,75,75,75,68,68,68,68,68,68,68,68,68,68,68,68,68,68,75,75,75,75,75,75,75,75,75,75,75,75,75,75,77,77,77,77,79,81,83,83,83],"card_choices":[{"not_picked":["Dropkick","Pommel Strike"],"picked":"Flame Barrier","floor":1},{"not_picked":["True Grit","Cleave"],"picked":"Dropkick","floor":2},{"not_picked":["Dropkick","Cleave"],"picked":"Uppercut","floor":3},{"not_picked":["Thunderclap","Headbutt"],"picked":"Sentinel","floor":4},{"not_picked":["Disarm","True Grit"],"picked":"Reaper","floor":5},{"not_picked":["Seeing Red","Second Wind"],"picked":"Dropkick","floor":7},{"not_picked":["Sword Boomerang","Twin Strike"],"picked":"Flame Barrier","floor":10},{"not_picked":["Bloodletting","Headbutt"],"picked":"Blood for Blood","floor":11},{"not_picked":["Twin Strike","Reckless Charge"],"picked":"Havoc","floor":12},{"not_picked":["Reckless Charge","Headbutt"],"picked":"Power Through","floor":13},{"not_picked":["Immolate","Berserk"],"picked":"Impervious","floor":16},{"not_picked":["True Grit","Battle Trance"],"picked":"Dual Wield","floor":18},{"not_picked":["Carnage","Clothesline"],"picked":"Shrug It Off+1","floor":19},{"not_picked":["Cleave","Headbutt"],"picked":"Dropkick+1","floor":21},{"not_picked":["Rupture","Infernal Blade"],"picked":"Exhume","floor":24},{"not_picked":["Evolve","Perfected Strike"],"picked":"Clothesline","floor":28},{"not_picked":["Twin Strike+1","Body Slam+1"],"picked":"Blood for Blood+1","floor":30},{"not_picked":["Metallicize","Iron Wave+1"],"picked":"Disarm","floor":31},{"not_picked":["Berserk","Feed+1"],"picked":"Demon Form","floor":33},{"not_picked":["Sentinel","Combust"],"picked":"Havoc","floor":35},{"not_picked":["True Grit","Flex","Wild Strike+1"],"picked":"SKIP","floor":36},{"not_picked":["Twin Strike+1","Anger+1"],"picked":"Reaper+1","floor":38},{"not_picked":["Perfected Strike+1","Reckless Charge+1"],"picked":"Ghostly Armor","floor":40},{"not_picked":["Twin Strike+1","Shrug It Off","Intimidate+1"],"picked":"Singing Bowl","floor":42},{"not_picked":["Anger+1","Wild Strike+1"],"picked":"Entrench","floor":44},{"not_picked":["Pummel+1","Twin Strike+1","Warcry"],"picked":"Singing Bowl","floor":46},{"not_picked":["Headbutt+1","Pommel Strike+1","Rupture"],"picked":"Singing Bowl","floor":47},{"not_picked":["Ghostly Armor","Clash+1","Body Slam+1"],"picked":"Singing Bowl","floor":48}],"player_experience":621038,"relics_obtained":[{"floor":7,"key":"TungstenRod"},{"floor":9,"key":"Lantern"},{"floor":10,"key":"Kunai"},{"floor":12,"key":"Nunchaku"},{"floor":20,"key":"Enchiridion"},{"floor":24,"key":"Centennial Puzzle"},{"floor":26,"key":"Whetstone"},{"floor":28,"key":"Strawberry"},{"floor":30,"key":"Red Mask"},{"floor":40,"key":"Mummified Hand"},{"floor":42,"key":"Singing Bowl"},{"floor":43,"key":"Bottled Lightning"},{"floor":44,"key":"Calipers"},{"floor":47,"key":"White Beast Statue"}],"event_choices":[{"damage_healed":0,"gold_gain":0,"player_choice":"Lose Max HP","damage_taken":0,"relics_obtained":["Golden Idol"],"max_hp_gain":0,"max_hp_loss":7,"event_name":"Golden Idol","floor":14,"gold_loss":0},{"damage_healed":0,"gold_gain":0,"player_choice":"Obtained Book","damage_taken":21,"max_hp_gain":0,"max_hp_loss":0,"event_name":"Cursed Tome","floor":20,"gold_loss":0},{"damage_healed":0,"gold_gain":50,"player_choice":"Stole From Cult","damage_taken":0,"max_hp_gain":0,"max_hp_loss":0,"event_name":"Nest","floor":22,"gold_loss":0},{"damage_healed":0,"gold_gain":0,"player_choice":"Fought Bandits","damage_taken":0,"max_hp_gain":0,"max_hp_loss":0,"event_name":"Masked Bandits","floor":30,"gold_loss":0},{"damage_healed":0,"gold_gain":222,"player_choice":"Wore Mask","damage_taken":0,"max_hp_gain":0,"max_hp_loss":0,"event_name":"Tomb of Lord Red Mask","floor":37,"gold_loss":0},{"cards_removed":["Strike_R"],"damage_healed":0,"gold_gain":0,"player_choice":"Removed Attack","damage_taken":0,"max_hp_gain":0,"max_hp_loss":0,"event_name":"Falling","floor":39,"gold_loss":0},{"damage_healed":0,"gold_gain":333,"player_choice":"Gave Idol","damage_taken":0,"max_hp_gain":0,"max_hp_loss":0,"event_name":"The Moai Head","floor":45,"relics_lost":["Golden Idol"],"gold_loss":0}],"is_beta":false,"boss_relics":[{"not_picked":["SacredBark","Tiny House"],"picked":"Snecko Eye"},{"not_picked":["Busted Crown","Mark of Pain"],"picked":"Cursed Key"}],"items_purged_floors":[],"is_endless":false,"potions_floor_spawned":[1,5,10,13,16,21,24,30,36,40,48],"ascension_level":15}}