{"host":"9s5pd4ub2gisjqzu","time":1607803266,"event":{"mods":["2.2 Compatiblity","BaseMod","Better Synergies","Googly Eyes","Infinite Spire","Minty Spire (QoL Compilation)","Spicy Shops","StSLib"],"gold_per_floor":[118,1,11,42,129,141,181,205,241,287,326,365,377,258,258,361,361,381,401,180,199,124,152,179,179,179,191,211,236,271,280,280,377,377,388,406,416,431,117,149,149,163,189,189,189,208,6,37,37,135,135,148,162,180,195,210,210,210,210,264,52,72,99,114,124,124,234,234,251,270,280,290,302,302,337,337,364,380,411,428,428,439,439,537,537,557,568,176,195,215,244,82,121,121,121,121,131,157,171,171,268,268,287,299,310,320,167,195,224,237,286,298,331,350,370,381,381,477,477,497,511,511,480,495,495,433,433,433,433,462,488,488,488,488,589,589,609,621,667,667,667,694,694,706,706,717,759,784,890,900,955,955,1058,1058,1058,950,976,1074],"floor_reached":159,"playtime":5092,"items_purged":[],"score":5328,"play_id":"97aef22c-741c-4740-9a1c-f572b62e94a1","local_time":"20201212140106","daily_mods":["Hoarder","Vintage","Heirloom","Time Dilation","Flight","Binary"],"is_ascension_mode":false,"campfire_choices":[{"data":"Riddle With Holes","floor":6,"key":"SMITH"},{"floor":13,"key":"REST"},{"data":"Riddle With Holes","floor":15,"key":"SMITH"},{"data":"Riddle With Holes","floor":25,"key":"SMITH"},{"data":"Defend_G","floor":32,"key":"PURGE"},{"data":"Defend_G","floor":41,"key":"PURGE"},{"data":"Defend_G","floor":44,"key":"PURGE"},{"data":"Defend_G","floor":45,"key":"PURGE"},{"data":"Survivor+1","floor":49,"key":"PURGE"},{"data":"infinitespire:Fortify","floor":57,"key":"SMITH"},{"data":"infinitespire:Fortify","floor":58,"key":"SMITH"},{"data":"infinitespire:Fortify","floor":59,"key":"SMITH"},{"data":"Strike_G","floor":66,"key":"PURGE"},{"data":"Defend_G+1","floor":74,"key":"PURGE"},{"data":"Strike_G+1","floor":81,"key":"PURGE"},{"data":"Strike_G+1","floor":83,"key":"PURGE"},{"data":"Strike_G","floor":95,"key":"PURGE"},{"data":"Neutralize","floor":96,"key":"PURGE"},{"floor":100,"key":"REST"},{"data":"1","floor":117,"key":"LIFT"},{"data":"2","floor":125,"key":"LIFT"},{"data":"3","floor":127,"key":"LIFT"},{"floor":134,"key":"REST"},{"floor":152,"key":"REST"},{"floor":155,"key":"REST"}],"circlet_count":24,"master_deck":["Riddle With Holes+1","Riddle With Holes+1","Riddle With Holes+1","infinitespire:Fortify+1","infinitespire:Fortify+1","infinitespire:Fortify+1","Footwork+1","Footwork+1","Footwork+1","infinitespire:Gouge+1","infinitespire:Gouge+1","infinitespire:Gouge+1","infinitespire:Oblivion+1","infinitespire:Oblivion+1","infinitespire:Oblivion+1","infinitespire:Execution+1","infinitespire:Execution+1","infinitespire:Execution+1"],"relics":["Unceasing Top","Busted Crown","Peace Pipe","Vajra","MawBank","Pocketwatch","Bag of Marbles","Centennial Puzzle","Boot","Nunchaku","PreservedInsect","infinitespire:PuzzleCube","Gremlin Horn","CeramicFish","Potion Belt","Oddly Smooth Stone","infinitespire:Lucky Rock","Bird Faced Urn","War Paint","Pear","Pen Nib","MealTicket","Frozen Egg 2","Prayer Wheel","The Courier","Bronze Scales","Akabeko","Eternal Feather","Art of War","Ice Cream","Matryoshka","Orrery","Omamori","infinitespire:Satchel","Toxic Egg 2","Juzu Bracelet","infinitespire:Beetle Shell","infinitespire:WardingShard","Orichalcum","Sozu","Molten Egg 2","Strawberry","Whetstone","Snake Skull","Lantern","Anchor","Blood Vial","Membership Card","HornCleat","Regal Pillow","Ancient Tea Set","infinitespire:BottledMercury","Tiny Chest","Black Star","infinitespire:Midas Blood","White Beast Statue","InkBottle","Pantograph","Letter Opener","infinitespire:ShieldingShard","Blue Candle","Meat on the Bone","infinitespire:Bottled Soul","Sundial","Shuriken","infinitespire:FocusingShard","Mummified Hand","Philosopher\u0027s Stone","Question Card","Ornamental Fan","Bottled Tornado","Bottled Flame","infinitespire:EmpoweringShard","StrikeDummy","Turnip","infinitespire:Eraser","Bottled Lightning","Paper Crane","infinitespire:CheckeredPen","Thread and Needle","infinitespire:CursedDice","Calipers","infinitespire:Magic Flask","Incense Burner","Torii","Tough Bandages","Ginger","Runic Dome","Mercury Hourglass","Dream Catcher","Singing Bowl","Bag of Preparation","infinitespire:Golems Mask","Lizard Tail","StoneCalendar","FossilizedHelix","Mango","Tingsha","infinitespire:Joker Card","Girya","TungstenRod","CaptainsWheel","The Specimen","SlaversCollar","infinitespire:Lychee Nut","Gambling Chip","Circlet","Lee\u0027s Waffle","Sling","MutagenicStrength","infinitespire:Cupcake","Strange Spoon"],"acts_visited":["Exordium","TheCity","TheBeyond","Exordium","TheCity","TheBeyond","Exordium","TheCity","TheBeyond","TheEnding"],"potions_floor_usage":[11],"damage_taken":[{"damage":1,"enemies":"Jaw Worm","floor":1,"turns":3},{"damage":0,"enemies":"Small Slimes","floor":3,"turns":1},{"damage":0,"enemies":"2 Louse","floor":4,"turns":2},{"damage":0,"enemies":"Gremlin Nob","floor":7,"turns":1},{"damage":0,"enemies":"Blue Slaver","floor":8,"turns":1},{"damage":0,"enemies":"Lagavulin","floor":10,"turns":2},{"damage":4,"enemies":"3 Sentries","floor":11,"turns":3},{"damage":0,"enemies":"Lagavulin","floor":12,"turns":2},{"damage":0,"enemies":"Slime Boss","floor":16,"turns":3},{"damage":0,"enemies":"2 Thieves","floor":18,"turns":1},{"damage":0,"enemies":"Shell Parasite","floor":19,"turns":1},{"damage":0,"enemies":"Snake Plant","floor":21,"turns":2},{"damage":4,"enemies":"Gremlin Leader","floor":23,"turns":2},{"damage":0,"enemies":"Book of Stabbing","floor":24,"turns":2},{"damage":0,"enemies":"Centurion and Healer","floor":27,"turns":3},{"damage":0,"enemies":"Snecko","floor":28,"turns":1},{"damage":0,"enemies":"Nightmare","floor":29,"turns":2},{"damage":10,"enemies":"Gremlin Leader","floor":30,"turns":2},{"damage":0,"enemies":"Collector","floor":33,"turns":1},{"damage":0,"enemies":"Orb Walker","floor":35,"turns":3},{"damage":0,"enemies":"3 Shapes","floor":36,"turns":3},{"damage":0,"enemies":"Spire Growth","floor":37,"turns":2},{"damage":20,"enemies":"Writhing Mass","floor":38,"turns":2},{"damage":0,"enemies":"Giant Head","floor":40,"turns":4},{"damage":0,"enemies":"Maw","floor":42,"turns":5},{"damage":0,"enemies":"Transient","floor":46,"turns":5},{"damage":12,"enemies":"Nemesis","floor":48,"turns":2},{"damage":0,"enemies":"Time Eater","floor":50,"turns":3},{"damage":0,"enemies":"Jaw Worm","floor":52,"turns":1},{"damage":0,"enemies":"2 Louse","floor":53,"turns":1},{"damage":0,"enemies":"Small Slimes","floor":54,"turns":1},{"damage":0,"enemies":"2 Fungi Beasts","floor":55,"turns":1},{"damage":0,"enemies":"Lots of Slimes","floor":56,"turns":2},{"damage":0,"enemies":"Blue Slaver","floor":62,"turns":1},{"damage":0,"enemies":"Gremlin Nob","floor":63,"turns":1},{"damage":0,"enemies":"Gremlin Gang","floor":64,"turns":2},{"damage":0,"enemies":"2 Fungi Beasts","floor":65,"turns":1},{"damage":0,"enemies":"Hexaghost","floor":67,"turns":3},{"damage":0,"enemies":"Spheric Guardian","floor":69,"turns":1},{"damage":0,"enemies":"2 Thieves","floor":70,"turns":1},{"damage":0,"enemies":"Snake Plant","floor":71,"turns":1},{"damage":0,"enemies":"Cultist and Chosen","floor":72,"turns":2},{"damage":0,"enemies":"Centurion and Healer","floor":73,"turns":1},{"damage":0,"enemies":"Slavers","floor":75,"turns":1},{"damage":0,"enemies":"Snake Plant","floor":78,"turns":1},{"damage":0,"enemies":"Gremlin Leader","floor":79,"turns":1},{"damage":0,"enemies":"3 Cultists","floor":80,"turns":2},{"damage":0,"enemies":"Snecko","floor":82,"turns":1},{"damage":0,"enemies":"Automaton","floor":84,"turns":3},{"damage":0,"enemies":"Orb Walker","floor":86,"turns":1},{"damage":0,"enemies":"3 Shapes","floor":87,"turns":2},{"damage":0,"enemies":"Transient","floor":89,"turns":3},{"damage":0,"enemies":"Jaw Worm Horde","floor":90,"turns":1},{"damage":0,"enemies":"Nemesis","floor":91,"turns":1},{"damage":0,"enemies":"Nightmare","floor":93,"turns":1},{"damage":0,"enemies":"Spire Growth","floor":97,"turns":1},{"damage":0,"enemies":"Reptomancer","floor":98,"turns":1},{"damage":0,"enemies":"4 Shapes","floor":99,"turns":1},{"damage":0,"enemies":"Awakened One","floor":101,"turns":2},{"damage":0,"enemies":"Jaw Worm","floor":103,"turns":1},{"damage":0,"enemies":"Cultist","floor":104,"turns":1},{"damage":0,"enemies":"Small Slimes","floor":105,"turns":1},{"damage":0,"enemies":"Looter","floor":106,"turns":1},{"damage":0,"enemies":"Lagavulin","floor":108,"turns":1},{"damage":0,"enemies":"Nightmare_Alpha","floor":109,"turns":3},{"damage":0,"enemies":"Blue Slaver","floor":110,"turns":1},{"damage":0,"enemies":"Exordium Wildlife","floor":112,"turns":1},{"damage":0,"enemies":"3 Sentries","floor":113,"turns":1},{"damage":0,"enemies":"Lots of Slimes","floor":114,"turns":1},{"damage":0,"enemies":"Looter","floor":115,"turns":1},{"damage":0,"enemies":"2 Fungi Beasts","floor":116,"turns":1},{"damage":0,"enemies":"Hexaghost","floor":118,"turns":1},{"damage":0,"enemies":"3 Byrds","floor":120,"turns":1},{"damage":0,"enemies":"Chosen","floor":121,"turns":1},{"damage":0,"enemies":"Snake Plant","floor":124,"turns":1},{"damage":0,"enemies":"Slavers","floor":130,"turns":1},{"damage":0,"enemies":"Nightmare","floor":131,"turns":1},{"damage":0,"enemies":"Champ","floor":135,"turns":1},{"damage":0,"enemies":"3 Darklings","floor":137,"turns":1},{"damage":0,"enemies":"Orb Walker","floor":138,"turns":1},{"damage":0,"enemies":"Reptomancer","floor":142,"turns":1},{"damage":0,"enemies":"Writhing Mass","floor":144,"turns":1},{"damage":0,"enemies":"4 Shapes","floor":146,"turns":1},{"damage":0,"enemies":"Nightmare_Alpha","floor":147,"turns":3},{"damage":0,"enemies":"infinitespire:Three Voidlings","floor":149,"turns":1},{"damage":51,"enemies":"Nightmare_Alpha","floor":149,"turns":3},{"damage":0,"enemies":"2_Fungi_beasts","floor":150,"turns":1},{"damage":0,"enemies":"2 Orb Walkers","floor":151,"turns":1},{"damage":0,"enemies":"Donu and Deca","floor":153,"turns":1},{"damage":0,"enemies":"Shield and Spear","floor":157,"turns":1},{"damage":0,"enemies":"The Heart","floor":158,"turns":5}],"seed_played":"7469454129217845047","potions_obtained":[{"floor":1,"key":"AttackPotion"},{"floor":7,"key":"GamblersBrew"},{"floor":11,"key":"SkillPotion"},{"floor":12,"key":"Strength Potion"},{"floor":21,"key":"Poison Potion"},{"floor":23,"key":"GhostInAJar"},{"floor":35,"key":"DistilledChaos"},{"floor":46,"key":"Explosive Potion"}],"is_trial":true,"path_per_floor":["M","$","M","M","?","R","E","M","T","E","E","E","R","$","R","B",null,"M","M","$","M","?","E","E","R","T","M","M","NM","E","AVR","R","B",null,"M","M","M","M","$","E","R","M","T","R","R","M","$","E","R","B",null,"M","M","M","M","M","R","R","R","T","$","M","E","M","M","R","B",null,"M","M","M","M","M","R","E","AVR","T","M","E","M","R","M","R","B",null,"M","M","$","M","M","E","$","NM","T","R","R","M","E","M","R","B",null,"M","M","M","M","$","E","NM","M","T","M","E","M","M","M","R","B",null,"M","M","AVR","$","M","R","$","R","T","?","E","NM","?","?","R","B",null,"M","M","T","?","$","E","?","M","T","M","NM","T","?","M","?","R","B",null,"R","$","E","B",null],"character_chosen":"THE_SILENT","items_purchased":["Riddle With Holes","Gremlin Horn","Oddly Smooth Stone","infinitespire:Lucky Rock","Footwork+1","Ice Cream","Matryoshka","Orrery","infinitespire:WardingShard","Membership Card","HornCleat","Bottled Tornado","Bottled Flame","infinitespire:EmpoweringShard","StrikeDummy","infinitespire:CheckeredPen","Thread and Needle","Bag of Preparation","infinitespire:Golems Mask","Lee\u0027s Waffle","Sling","Strange Spoon","Circlet"],"campfire_rested":5,"item_purchase_floors":[2,14,20,20,39,39,39,39,47,61,61,88,88,88,88,92,92,107,107,123,126,156,156],"current_hp_per_floor":[69,69,69,69,58,58,58,58,58,58,54,54,70,70,70,70,70,70,70,70,70,70,66,76,76,76,76,76,76,66,66,66,66,80,80,80,80,60,75,79,80,80,80,80,80,80,80,68,77,80,80,80,87,87,87,87,87,87,87,87,87,87,87,87,87,87,87,87,87,87,87,87,87,87,87,87,87,87,87,87,87,87,87,87,87,87,87,87,87,87,87,87,87,87,87,87,87,87,87,87,87,87,87,87,87,87,87,89,91,105,105,105,107,107,107,107,107,109,109,81,81,81,88,88,88,88,88,88,88,90,92,92,92,94,96,96,96,96,96,98,98,100,95,95,95,95,97,97,56,58,68,105,107,107,109,109,111,113],"gold":1074,"neow_bonus":"","is_daily":false,"chose_seed":false,"campfire_upgraded":6,"win_rate":0.0,"timestamp":1607803266,"path_taken":["M","$","M","M","?","R","E","M","T","E","E","E","R","$","R","BOSS","M","M","$","M","?","E","E","R","T","M","M","NM","E","AVR","R","BOSS","M","M","M","M","$","E","R","M","T","R","R","M","$","E","R","BOSS","M","M","M","M","M","R","R","R","T","$","M","E","M","M","R","BOSS","M","M","M","M","M","R","E","AVR","T","M","E","M","R","M","R","BOSS","M","M","$","M","M","E","$","NM","T","R","R","M","E","M","R","BOSS","M","M","M","M","$","E","NM","M","T","M","E","M","M","M","R","BOSS","M","M","AVR","$","M","R","$","R","T","?","E","NM","?","?","R","BOSS","M","M","?","?","?","E","?","M","T","M","NM","?","?","?","R","BOSS","R","$","E","BOSS"],"items_purchased_type":["Card","Relic","Relic","Relic","Card","Relic","Relic","Relic","Relic","Relic","Relic","Relic","Relic","Relic","Relic","Relic","Relic","Relic","Relic","Relic","Relic","Relic","Undefined"],"build_version":"2020-11-30","purchased_purges":0,"victory":true,"max_hp_per_floor":[70,70,70,70,70,70,70,70,70,70,70,70,70,70,70,70,70,70,70,70,70,70,70,80,80,80,80,80,80,80,80,80,80,80,80,80,80,80,80,80,80,80,80,80,80,80,80,80,80,80,80,80,87,87,87,87,87,87,87,87,87,87,87,87,87,87,87,87,87,87,87,87,87,87,87,87,87,87,87,87,87,87,87,87,87,87,87,87,87,87,87,87,87,87,87,87,87,87,87,87,87,87,87,87,87,87,87,89,91,105,105,105,107,107,107,107,107,109,109,81,81,81,88,88,88,88,88,88,88,90,92,92,92,94,96,96,96,96,96,98,98,100,95,95,95,95,97,97,101,101,103,105,107,107,109,109,111,113],"card_choices":[{"not_picked":["infinitespire:SealOfDarkness+","infinitespire:Starlight"],"picked":"infinitespire:Gouge","floor":67},{"not_picked":["Leg Sweep+1"],"picked":"SKIP","floor":91},{"not_picked":["infinitespire:TheBestDefense","infinitespire:FinalStrike"],"picked":"infinitespire:Oblivion","floor":93},{"not_picked":["Terror+1"],"picked":"SKIP","floor":93},{"not_picked":["Acrobatics+1"],"picked":"SKIP","floor":98},{"not_picked":["Sucker Punch+1"],"picked":"Singing Bowl","floor":108},{"not_picked":["Riddle With Holes+1"],"picked":"Singing Bowl","floor":109},{"not_picked":["Backflip+1"],"picked":"Singing Bowl","floor":113},{"not_picked":["After Image+1"],"picked":"Singing Bowl","floor":118},{"not_picked":["Acrobatics+1"],"picked":"Singing Bowl","floor":130},{"not_picked":["Bane+1"],"picked":"Singing Bowl","floor":131},{"not_picked":["Leg Sweep+1"],"picked":"Singing Bowl","floor":134},{"not_picked":["Bullet Time+1"],"picked":"Singing Bowl","floor":135},{"not_picked":["Discovery+1"],"picked":"Singing Bowl","floor":140},{"not_picked":["Dodge and Roll+1"],"picked":"Singing Bowl","floor":142},{"not_picked":["infinitespire:NeuralNetwork","infinitespire:FinalStrike"],"picked":"infinitespire:Execution","floor":147},{"not_picked":["Dodge and Roll+1"],"picked":"Singing Bowl","floor":147},{"not_picked":["infinitespire:Collect","infinitespire:Gouge","infinitespire:Punishment"],"picked":"Singing Bowl","floor":149},{"not_picked":["Eviscerate+1"],"picked":"Singing Bowl","floor":149},{"not_picked":["Quick Slash+1"],"picked":"Singing Bowl","floor":151},{"not_picked":["Cloak And Dagger+1"],"picked":"Singing Bowl","floor":152},{"not_picked":["After Image+1"],"picked":"Singing Bowl","floor":153},{"not_picked":["Acrobatics+1"],"picked":"Singing Bowl","floor":155},{"not_picked":["Slice+1"],"picked":"Singing Bowl","floor":157},{"not_picked":["Burst+1"],"picked":"Singing Bowl","floor":158}],"player_experience":277225,"relics_obtained":[{"floor":1,"key":"Vajra"},{"floor":3,"key":"MawBank"},{"floor":4,"key":"Pocketwatch"},{"floor":7,"key":"Bag of Marbles"},{"floor":8,"key":"Centennial Puzzle"},{"floor":9,"key":"Boot"},{"floor":10,"key":"Nunchaku"},{"floor":11,"key":"PreservedInsect"},{"floor":12,"key":"infinitespire:PuzzleCube"},{"floor":18,"key":"CeramicFish"},{"floor":19,"key":"Potion Belt"},{"floor":21,"key":"Bird Faced Urn"},{"floor":23,"key":"War Paint"},{"floor":24,"key":"Pear"},{"floor":26,"key":"Pen Nib"},{"floor":27,"key":"MealTicket"},{"floor":28,"key":"Frozen Egg 2"},{"floor":29,"key":"Prayer Wheel"},{"floor":30,"key":"The Courier"},{"floor":35,"key":"Bronze Scales"},{"floor":36,"key":"Akabeko"},{"floor":37,"key":"Eternal Feather"},{"floor":38,"key":"Art of War"},{"floor":40,"key":"Omamori"},{"floor":42,"key":"infinitespire:Satchel"},{"floor":43,"key":"Toxic Egg 2"},{"floor":43,"key":"Juzu Bracelet"},{"floor":46,"key":"infinitespire:Beetle Shell"},{"floor":48,"key":"Orichalcum"},{"floor":52,"key":"Molten Egg 2"},{"floor":53,"key":"Strawberry"},{"floor":54,"key":"Whetstone"},{"floor":55,"key":"Snake Skull"},{"floor":56,"key":"Lantern"},{"floor":60,"key":"Anchor"},{"floor":60,"key":"Blood Vial"},{"floor":62,"key":"Regal Pillow"},{"floor":63,"key":"Ancient Tea Set"},{"floor":64,"key":"infinitespire:BottledMercury"},{"floor":65,"key":"Tiny Chest"},{"floor":69,"key":"infinitespire:Midas Blood"},{"floor":70,"key":"White Beast Statue"},{"floor":71,"key":"InkBottle"},{"floor":72,"key":"Pantograph"},{"floor":73,"key":"Letter Opener"},{"floor":75,"key":"infinitespire:ShieldingShard"},{"floor":75,"key":"Blue Candle"},{"floor":77,"key":"Meat on the Bone"},{"floor":78,"key":"infinitespire:Bottled Soul"},{"floor":79,"key":"Sundial"},{"floor":79,"key":"Shuriken"},{"floor":80,"key":"infinitespire:FocusingShard"},{"floor":82,"key":"Mummified Hand"},{"floor":86,"key":"Question Card"},{"floor":87,"key":"Ornamental Fan"},{"floor":89,"key":"Turnip"},{"floor":90,"key":"infinitespire:Eraser"},{"floor":91,"key":"Bottled Lightning"},{"floor":91,"key":"Paper Crane"},{"floor":93,"key":"infinitespire:CursedDice"},{"floor":93,"key":"Calipers"},{"floor":94,"key":"infinitespire:Magic Flask"},{"floor":97,"key":"Incense Burner"},{"floor":98,"key":"Torii"},{"floor":98,"key":"Tough Bandages"},{"floor":99,"key":"Ginger"},{"floor":104,"key":"Mercury Hourglass"},{"floor":105,"key":"Dream Catcher"},{"floor":106,"key":"Singing Bowl"},{"floor":108,"key":"Dead Branch"},{"floor":108,"key":"Lizard Tail"},{"floor":109,"key":"StoneCalendar"},{"floor":109,"key":"FossilizedHelix"},{"floor":110,"key":"Mango"},{"floor":111,"key":"Tingsha"},{"floor":112,"key":"infinitespire:Joker Card"},{"floor":113,"key":"Girya"},{"floor":113,"key":"TungstenRod"},{"floor":114,"key":"CaptainsWheel"},{"floor":115,"key":"The Specimen"},{"floor":120,"key":"infinitespire:Lychee Nut"},{"floor":121,"key":"Gambling Chip"},{"floor":124,"key":"Circlet"},{"floor":128,"key":"Circlet"},{"floor":130,"key":"Circlet"},{"floor":130,"key":"Circlet"},{"floor":131,"key":"Circlet"},{"floor":131,"key":"Circlet"},{"floor":137,"key":"Circlet"},{"floor":138,"key":"Circlet"},{"floor":139,"key":"Circlet"},{"floor":142,"key":"Circlet"},{"floor":142,"key":"Circlet"},{"floor":144,"key":"Circlet"},{"floor":145,"key":"Circlet"},{"floor":146,"key":"Circlet"},{"floor":147,"key":"Circlet"},{"floor":147,"key":"Circlet"},{"floor":148,"key":"Circlet"},{"floor":149,"key":"Circlet"},{"floor":150,"key":"Circlet"},{"floor":151,"key":"Circlet"},{"floor":157,"key":"Circlet"},{"floor":157,"key":"Circlet"}],"event_choices":[{"damage_healed":0,"gold_gain":75,"player_choice":"Gather Gold","damage_taken":11,"max_hp_gain":0,"max_hp_loss":0,"event_name":"World of Goop","floor":5,"gold_loss":0},{"cards_removed":["Strike_G"],"damage_healed":0,"gold_gain":0,"player_choice":"Gave Gold","damage_taken":0,"max_hp_gain":0,"max_hp_loss":0,"event_name":"Beggar","floor":22,"gold_loss":75},{"damage_healed":0,"gold_gain":0,"player_choice":"Ignored","damage_taken":0,"max_hp_gain":0,"max_hp_loss":0,"event_name":"Ghosts","floor":129,"gold_loss":0},{"damage_healed":0,"gold_gain":0,"player_choice":"Ignored","damage_taken":0,"max_hp_gain":0,"max_hp_loss":0,"event_name":"Beggar","floor":132,"gold_loss":0},{"damage_healed":0,"gold_gain":0,"player_choice":"Inject Mutagens","damage_taken":0,"relics_obtained":["MutagenicStrength"],"max_hp_gain":0,"max_hp_loss":0,"event_name":"Drug Dealer","floor":133,"gold_loss":0},{"damage_healed":0,"gold_gain":0,"player_choice":"Memory 1","damage_taken":0,"max_hp_gain":0,"max_hp_loss":0,"event_name":"SensoryStone","floor":140,"gold_loss":0},{"damage_healed":0,"gold_gain":0,"player_choice":"Max HP","damage_taken":0,"max_hp_gain":0,"max_hp_loss":5,"event_name":"Winding Halls","floor":143,"gold_loss":0},{"damage_healed":0,"gold_gain":0,"player_choice":"Fight","damage_taken":0,"max_hp_gain":0,"max_hp_loss":0,"event_name":"Mysterious Sphere","floor":151,"gold_loss":0}],"is_beta":false,"boss_relics":[{"not_picked":[]},{"not_picked":["Fusion Hammer","Pandora\u0027s Box","HoveringKite"]},{"not_picked":["Snecko Eye","infinitespire:Cupcake"],"picked":"Sozu"},{"not_picked":["Runic Pyramid","WristBlade"],"picked":"Black Star"},{"not_picked":["Coffee Dripper","Velvet Choker"],"picked":"Philosopher\u0027s Stone"},{"not_picked":["HoveringKite","Tiny House"],"picked":"Runic Dome"},{"not_picked":["Coffee Dripper","Cursed Key"],"picked":"SlaversCollar"},{"not_picked":["Fusion Hammer","Snecko Eye"],"picked":"infinitespire:Cupcake"},{"not_picked":["Pandora\u0027s Box","Tiny House","HoveringKite"]}],"items_purged_floors":[],"is_endless":true,"potions_floor_spawned":[1,7,11,12,16,18,21,23,28,30,35,46,48,52,53,63,65,69,71,72,73,75,78,79,80,82,84,86,87,89,90,91,97,98,99,101,103,104,105,106,108,110,112,113,114,115,116,118,120,121,124,130,135,137,138,142,144,146,149,149,150,151,153,157,158],"ascension_level":0}}