{"host":"yo9wwslrag05lh37","time":1607738665,"event":{"mods":["AchievementEnabler","BaseMod","Block Reminder","Colored Map","Colored Powertips","GifTheSpireLib","HexUI Lib","Highlight Path","Minty Spire (QoL Compilation)","Rare Cards Sparkle","Relic Stats","StSLib","everything is the same but u backflip on backflip"],"gold_per_floor":[113,136,152,172,187,187,214,239,264,264,276,288,288,305,305,377,377,395,45,45,320,136,136,168,179,205,215,247,274,286,318,330,419,431,453,423,433,453,1,34,52,79,79,7,7,32,82,102,102,102,102,102,102,52,78,78],"floor_reached":57,"playtime":2753,"items_purged":["Rebound","Regret","Zap"],"score":2768,"play_id":"d9bc85b5-a8ca-46a3-a0f7-e33af17c4131","local_time":"20201212030425","is_ascension_mode":true,"campfire_choices":[{"data":"Defragment","floor":6.0,"key":"SMITH"},{"floor":13.0,"key":"REST"},{"floor":15.0,"key":"REST"},{"data":"Defragment","floor":23.0,"key":"SMITH"},{"data":"Seek","floor":30.0,"key":"SMITH"},{"data":"Defragment","floor":32.0,"key":"SMITH"},{"floor":49.0,"key":"RECALL"},{"data":"Fission","floor":53.0,"key":"SMITH"}],"circlet_count":0,"master_deck":["AscendersBane","Dualcast","Electrodynamics","Defragment+1","Conserve Battery","Hello World","Echo Form","Storm","Defragment+1","Self Repair","Seek+1","Loop","Hyperbeam","Chaos","Melter","Blizzard","Lockon","Genetic Algorithm","Capacitor","Cold Snap","Ghostly","Ghostly","Ghostly","Defragment+1","Leap","Storm+1","Fission+1","Loop","Machine Learning","Heatsinks","Biased Cognition","Self Repair","Cold Snap"],"relics":["Cracked Core","Centennial Puzzle","StrikeDummy","Odd Mushroom","Smiling Mask","Pandora\u0027s Box","Bag of Preparation","Meat on the Bone","MawBank","Cursed Key","Bottled Tornado","Art of War","Lantern","Strawberry","Darkstone Periapt","Happy Flower"],"acts_visited":["Exordium","TheCity","TheBeyond","TheEnding"],"potions_floor_usage":[56],"damage_taken":[{"damage":1.0,"enemies":"Cultist","floor":1.0,"turns":3.0},{"damage":2.0,"enemies":"Jaw Worm","floor":3.0,"turns":3.0},{"damage":1.0,"enemies":"2 Louse","floor":4.0,"turns":2.0},{"damage":0.0,"enemies":"Lots of Slimes","floor":5.0,"turns":1.0},{"damage":25.0,"enemies":"3 Sentries","floor":7.0,"turns":5.0},{"damage":4.0,"enemies":"The Mushroom Lair","floor":8.0,"turns":2.0},{"damage":0.0,"enemies":"2 Fungi Beasts","floor":11.0,"turns":2.0},{"damage":6.0,"enemies":"Blue Slaver","floor":12.0,"turns":5.0},{"damage":5.0,"enemies":"Lots of Slimes","floor":14.0,"turns":2.0},{"damage":42.0,"enemies":"The Guardian","floor":16.0,"turns":6.0},{"damage":0.0,"enemies":"Spheric Guardian","floor":18.0,"turns":2.0},{"damage":0.0,"enemies":"Gremlin Leader","floor":24.0,"turns":4.0},{"damage":12.0,"enemies":"Chosen","floor":25.0,"turns":6.0},{"damage":3.0,"enemies":"Snake Plant","floor":27.0,"turns":4.0},{"damage":6.0,"enemies":"Slavers","floor":28.0,"turns":4.0},{"damage":18.0,"enemies":"Centurion and Healer","floor":29.0,"turns":4.0},{"damage":5.0,"enemies":"Snecko","floor":31.0,"turns":4.0},{"damage":8.0,"enemies":"Collector","floor":33.0,"turns":7.0},{"damage":1.0,"enemies":"3 Darklings","floor":35.0,"turns":3.0},{"damage":1.0,"enemies":"Orb Walker","floor":37.0,"turns":3.0},{"damage":0.0,"enemies":"3 Darklings","floor":38.0,"turns":2.0},{"damage":14.0,"enemies":"Giant Head","floor":40.0,"turns":5.0},{"damage":1.0,"enemies":"Maw","floor":41.0,"turns":4.0},{"damage":12.0,"enemies":"Nemesis","floor":42.0,"turns":7.0},{"damage":18.0,"enemies":"Reptomancer","floor":46.0,"turns":4.0},{"damage":10.0,"enemies":"Transient","floor":48.0,"turns":6.0},{"damage":7.0,"enemies":"Awakened One","floor":50.0,"turns":8.0},{"damage":28.0,"enemies":"Donu and Deca","floor":51.0,"turns":4.0},{"damage":13.0,"enemies":"Shield and Spear","floor":55.0,"turns":4.0},{"damage":55,"enemies":"The Heart","floor":56,"turns":10}],"seed_played":"7592794157833049772","potions_obtained":[{"floor":3.0,"key":"Explosive Potion"},{"floor":7.0,"key":"ColorlessPotion"},{"floor":11.0,"key":"AttackPotion"},{"floor":12.0,"key":"Strength Potion"},{"floor":14.0,"key":"Energy Potion"},{"floor":24.0,"key":"BlessingOfTheForge"},{"floor":29.0,"key":"ColorlessPotion"},{"floor":35.0,"key":"LiquidMemories"},{"floor":37.0,"key":"DuplicationPotion"},{"floor":48.0,"key":"Regen Potion"}],"is_trial":false,"path_per_floor":["M","T","M","M","M","R","E","?","T","?","M","M","R","M","R","B",null,"M","$","?","?","$","R","E","M","T","M","E","M","R","M","R","B",null,"M","$","M","M","$","E","M","E","T","?","$","E","?","M","R","B","B",null,"R","$","E","B",null],"character_chosen":"DEFECT","items_purchased":["Bag of Preparation","Capacitor","Cold Snap","Defragment","Leap","Loop","Biased Cognition","Bottled Tornado"],"campfire_rested":2,"item_purchase_floors":[19,19,19,22,22,36,39,39],"current_hp_per_floor":[45,45,43,42,42,42,17,13,13,13,13,14,35,30,51,16,57,57,57,35,35,35,35,35,30,30,34,28,29,29,24,24,28,33,35,35,35,35,35,35,35,30,30,37,37,42,42,39,39,42,42,42,42,42,42,28],"gold":78,"neow_bonus":"THREE_RARE_CARDS","is_daily":false,"chose_seed":false,"campfire_upgraded":5,"win_rate":0.0,"timestamp":1607738665,"path_taken":["M","?","M","M","M","R","E","?","T","?","?","M","R","M","R","BOSS","M","$","?","?","$","R","E","M","T","M","E","M","R","M","R","BOSS","M","?","?","M","$","E","M","E","T","?","?","E","?","M","R","BOSS","BOSS","R","$","E","BOSS"],"items_purchased_type":["Relic","Card","Card","Card","Card","Card","Card","Relic"],"build_version":"2020-11-30","purchased_purges":3,"victory":true,"max_hp_per_floor":[71,71,71,71,71,71,71,71,71,71,71,71,71,71,71,71,71,71,71,35,35,35,35,35,35,35,35,35,35,35,35,35,35,35,35,35,35,35,35,35,35,35,35,42,42,42,42,42,42,42,42,42,42,42,42,42],"relic_stats":{"Darkstone Periapt":0,"Centennial Puzzle":[72],"Happy Flower":[3],"counters":[30,126],"Pandora\u0027s Box":["Loop","Hyperbeam","Chaos","Melter","Rebound","Blizzard","Lockon"],"Bag of Preparation":[38],"Art of War":[18],"Smiling Mask":150,"MawBank":96,"Cursed Key":0,"obtain_stats":[{"Darkstone Periapt":46,"Lantern":42,"Happy Flower":55,"Bag of Preparation":19,"Odd Mushroom":8,"Bottled Tornado":39,"Smiling Mask":9,"MawBank":28,"Cursed Key":34,"Centennial Puzzle":2,"Strawberry":44,"Pandora\u0027s Box":17,"Art of War":40,"Cracked Core":0,"StrikeDummy":7,"Meat on the Bone":24},{"Darkstone Periapt":25,"Lantern":24,"Happy Flower":29,"Bag of Preparation":11,"Odd Mushroom":6,"Bottled Tornado":21,"Smiling Mask":6,"MawBank":15,"Cursed Key":18,"Centennial Puzzle":1,"Strawberry":24,"Pandora\u0027s Box":10,"Art of War":22,"Cracked Core":0,"StrikeDummy":5,"Meat on the Bone":12},{"Darkstone Periapt":94,"Lantern":90,"Happy Flower":116,"Bag of Preparation":33,"Odd Mushroom":16,"Bottled Tornado":74,"Smiling Mask":16,"MawBank":51,"Cursed Key":66,"Centennial Puzzle":3,"Strawberry":90,"Pandora\u0027s Box":31,"Art of War":79,"Cracked Core":0,"StrikeDummy":14,"Meat on the Bone":37}],"Meat on the Bone":60},"card_choices":[{"not_picked":["All For One","Amplify"],"picked":"Electrodynamics","floor":0.0},{"not_picked":["Ball Lightning","Cold Snap"],"picked":"Defragment","floor":1.0},{"not_picked":["Coolheaded","Static Discharge"],"picked":"Conserve Battery","floor":3.0},{"not_picked":["Darkness","Double Energy"],"picked":"Hello World","floor":4.0},{"not_picked":["Rip and Tear","Turbo"],"picked":"Echo Form","floor":5.0},{"not_picked":["Barrage","Compile Driver"],"picked":"Storm","floor":7.0},{"not_picked":["Streamline","Auto Shields"],"picked":"Defragment","floor":8.0},{"not_picked":["Steam","Conserve Battery"],"picked":"Self Repair","floor":11.0},{"not_picked":["Sweeping Beam","Barrage","Compile Driver"],"picked":"SKIP","floor":12.0},{"not_picked":["Beam Cell","Sweeping Beam","Gash"],"picked":"SKIP","floor":14.0},{"not_picked":["Hyperbeam","Reboot"],"picked":"Seek","floor":16.0},{"not_picked":["Streamline+1","Scrape"],"picked":"Genetic Algorithm","floor":18.0},{"not_picked":["BootSequence","Redo","Go for the Eyes"],"picked":"SKIP","floor":24.0},{"not_picked":["Fusion","Barrage","Conserve Battery"],"picked":"SKIP","floor":25.0},{"not_picked":["Rip and Tear","Doom and Gloom"],"picked":"Storm+1","floor":27.0},{"not_picked":["Cold Snap+1","Hologram","Hello World"],"picked":"SKIP","floor":28.0},{"not_picked":["Cold Snap","Gash","Beam Cell"],"picked":"SKIP","floor":29.0},{"not_picked":["Hologram","Sunder","Barrage"],"picked":"SKIP","floor":31.0},{"not_picked":["Electrodynamics","All For One"],"picked":"Fission","floor":33.0},{"not_picked":["Ball Lightning","Streamline","Sweeping Beam"],"picked":"SKIP","floor":35.0},{"not_picked":["Static Discharge+1","Barrage"],"picked":"Machine Learning","floor":37.0},{"not_picked":["Cold Snap","Leap"],"picked":"Heatsinks","floor":38.0},{"not_picked":["Leap+1","Sweeping Beam","Aggregate"],"picked":"SKIP","floor":40.0},{"not_picked":["Go for the Eyes+1","Turbo","Steam Power"],"picked":"SKIP","floor":41.0},{"not_picked":["FTL","Coolheaded","Steam Power+1"],"picked":"SKIP","floor":42.0},{"not_picked":["Coolheaded","Gash","Stack"],"picked":"SKIP","floor":46.0},{"not_picked":["Rebound","Leap"],"picked":"Self Repair","floor":48.0},{"not_picked":["Leap","Go for the Eyes+1"],"picked":"Cold Snap","floor":55.0}],"player_experience":1328885,"relics_obtained":[{"floor":2.0,"key":"Centennial Puzzle"},{"floor":7.0,"key":"StrikeDummy"},{"floor":8.0,"key":"Odd Mushroom"},{"floor":9.0,"key":"Smiling Mask"},{"floor":24.0,"key":"Meat on the Bone"},{"floor":28.0,"key":"MawBank"},{"floor":40.0,"key":"Art of War"},{"floor":42.0,"key":"Lantern"},{"floor":46.0,"key":"Darkstone Periapt"},{"floor":55.0,"key":"Happy Flower"}],"event_choices":[{"damage_healed":0.0,"max_hp_gain":0.0,"max_hp_loss":0.0,"gold_gain":0.0,"event_name":"Mushrooms","player_choice":"Fought Mushrooms","floor":8.0,"gold_loss":0.0,"damage_taken":0.0},{"cards_removed":["Strike_B"],"damage_healed":0.0,"max_hp_gain":0.0,"max_hp_loss":0.0,"gold_gain":0.0,"event_name":"Purifier","player_choice":"Purged","floor":10.0,"gold_loss":0.0,"damage_taken":0.0},{"damage_healed":0.0,"max_hp_gain":0.0,"max_hp_loss":36.0,"gold_gain":0.0,"event_name":"Ghosts","player_choice":"Became a Ghost","floor":20.0,"gold_loss":0.0,"damage_taken":0.0,"cards_obtained":["Ghostly","Ghostly","Ghostly"]},{"damage_healed":0.0,"max_hp_gain":0.0,"max_hp_loss":0.0,"gold_gain":275.0,"event_name":"Golden Shrine","player_choice":"Desecrate","floor":21.0,"gold_loss":0.0,"damage_taken":0.0,"cards_obtained":["Regret"]},{"damage_healed":0.0,"max_hp_gain":0.0,"max_hp_loss":0.0,"gold_gain":0.0,"event_name":"WeMeetAgain","player_choice":"Paid Gold","floor":44.0,"gold_loss":72.0,"damage_taken":0.0,"relics_obtained":["Strawberry"]},{"damage_healed":0.0,"max_hp_gain":0.0,"max_hp_loss":0.0,"gold_gain":50.0,"event_name":"Golden Shrine","player_choice":"Pray","floor":47.0,"gold_loss":0.0,"damage_taken":0.0}],"is_beta":false,"boss_relics":[{"not_picked":["SacredBark","Inserter"],"picked":"Pandora\u0027s Box"},{"not_picked":["Fusion Hammer","Runic Dome"],"picked":"Cursed Key"}],"items_purged_floors":[19,22,54],"is_endless":false,"potions_floor_spawned":[3,7,11,12,14,24,29,33,35,37,48],"ascension_level":20}}