{"host":"djfsqftupta9xgss","time":1607750101,"event":{"mods":["Act Like it!","BaseMod","Gensokyo","Minty Spire (QoL Compilation)","MostiFishMod","Replay The Spire","Spicy Shops","StSLib","TestMod"],"gold_per_floor":[111,130,144,155,170,202,202,252,278,292,305,335,350,382,382,456,456,467,482,493,174,174,202,202,202,273,308,319,50,63,83,83,162,162,186,207,221,221,245,277,277,277,323,389,13,79,125,125,125,190,247,247,247,114,201,298],"floor_reached":57,"playtime":2184,"items_purged":["Defend_P","Defend_P","testmod-Automaton","Strike_P"],"score":3687,"play_id":"5a639e47-7d42-422d-890a-371c2fc8e809","local_time":"20201212131501","is_ascension_mode":true,"campfire_choices":[{"floor":15.0,"key":"REST"},{"data":"RitualDagger","floor":32,"key":"SMITH"},{"floor":42,"key":"RECALL"},{"data":"Madness","floor":49,"key":"SMITH"},{"data":"Tantrum","floor":53,"key":"SMITH"}],"circlet_count":0,"master_deck":["AscendersBane","Strike_P","Strike_P","Strike_P","Defend_P","Defend_P","Eruption","Vigilance","CutThroughFate","MentalFortress","FlurryOfBlows","FearNoEvil","Tantrum+1","MostiFishMod:Disappear","CurseOfTheBell","BowlingBash","MostiFishMod:Disappear","RitualDagger+1","FlurryOfBlows","MostiFishMod:Speedup","MostiFishMod:DustFall+1","Madness+1","Madness+1","Vault+1","DevaForm+1"],"relics":["DaveBox","testmod-TestBox","ShadowXiaoBlade","testmod-PortableAltar","testmod-BloodSacrificeSpiritualization","Question Card","Replay:Bottled Eggs","ReplayTheSpireMod:TigerMarble","Gambling Chip","Simple Rune","ImportantClient","Calling Bell","Anchor","Quantum Egg","Torii","BrkXgEgg","testmod-CrystalShield","Orichalcum","MutagenicStrength","Sundial","Blood Vial","TungstenRod","testmod-DeterminationOfClimber","testmod-IntensifyImprint","Replay:Bandana","Mirror","Dodecahedron","testmod-CasingShield","ChiLing","Chi","Ling","ImprovedEquipment"],"acts_visited":["Exordium","TheCity","TheBeyond","TheEnding"],"potions_floor_usage":[],"damage_taken":[{"damage":7.0,"enemies":"2 Louse","floor":1.0,"turns":3.0},{"damage":5.0,"enemies":"Jaw Worm","floor":2.0,"turns":3.0},{"damage":2.0,"enemies":"Cultist","floor":3.0,"turns":2.0},{"damage":5.0,"enemies":"2 Fungi Beasts","floor":4.0,"turns":3.0},{"damage":2.0,"enemies":"Looter","floor":5.0,"turns":2.0},{"damage":3.0,"enemies":"Lagavulin","floor":6.0,"turns":4.0},{"damage":0.0,"enemies":"Blue Slaver","floor":10.0,"turns":2.0},{"damage":0.0,"enemies":"Large Slime","floor":11.0,"turns":2.0},{"damage":0.0,"enemies":"Gremlin Nob","floor":12.0,"turns":2.0},{"damage":12.0,"enemies":"3 Sentries","floor":14.0,"turns":5.0},{"damage":0.0,"enemies":"Hexaghost","floor":16.0,"turns":2.0},{"damage":0.0,"enemies":"Spheric Guardian","floor":18.0,"turns":3.0},{"damage":0.0,"enemies":"2 Thieves","floor":19.0,"turns":3.0},{"damage":0.0,"enemies":"3 Cultists","floor":20.0,"turns":2.0},{"damage":0.0,"enemies":"Book of Stabbing","floor":23.0,"turns":2.0},{"damage":0,"enemies":"Replay:Snechameleon","floor":27,"turns":5},{"damage":0,"enemies":"Centurion and Healer","floor":28,"turns":1},{"damage":0,"enemies":"Cultist and Chosen","floor":30,"turns":2},{"damage":0,"enemies":"Chosen and Byrds","floor":31,"turns":7},{"damage":0,"enemies":"Collector","floor":33,"turns":2},{"damage":0,"enemies":"Orb Walker","floor":35,"turns":3},{"damage":0,"enemies":"3 Shapes","floor":36,"turns":1},{"damage":0,"enemies":"3 Darklings","floor":37,"turns":1},{"damage":0,"enemies":"Writhing Mass","floor":39,"turns":1},{"damage":0,"enemies":"R_Hoarder","floor":40,"turns":1},{"damage":0,"enemies":"Reptomancer","floor":44,"turns":1},{"damage":0,"enemies":"Nemesis","floor":46,"turns":2},{"damage":0,"enemies":"Spire Growth","floor":47,"turns":1},{"damage":0,"enemies":"Donu and Deca","floor":50,"turns":2},{"damage":0,"enemies":"Time Eater","floor":51,"turns":1},{"damage":0,"enemies":"Shield and Spear","floor":55,"turns":1},{"damage":4,"enemies":"The Heart","floor":56,"turns":2}],"seed_played":"4360006125760760651","potions_obtained":[{"floor":1.0,"key":"SteroidPotion"},{"floor":2.0,"key":"AttackPotion"},{"floor":12.0,"key":"DistilledChaos"},{"floor":16.0,"key":"Explosive Potion"},{"floor":19.0,"key":"Block Potion"},{"floor":55,"key":"GamblersBrew"}],"is_trial":false,"path_per_floor":["M","M","M","M","M","E","?","?","T","M","M","E","?","E","R","B",null,"M","M","M","$","?","E","?","?","T","E","M","$","M","M","R","B",null,"M","M","M","?","M","E","?","R","T","E","$","E","M","?","R","B","B",null,"R","$","E","B",null],"character_chosen":"WATCHER","items_purchased":["BrkXgEgg","testmod-CrystalShield","TungstenRod","Dodecahedron","ChiLing"],"campfire_rested":1,"item_purchase_floors":[21,21,29,45,54],"current_hp_per_floor":[54,49,47,42,40,37,37,31,31,31,31,31,13,1,16,16,42,42,42,42,42,36,45,44,43,42,41,40,39,38,37,36,35,34,33,32,31,26,29,28,27,26,25,24,23,22,21,20,19,18,17,16,15,14,13,12],"gold":298,"neow_bonus":"BOSS_RELIC","is_daily":false,"chose_seed":false,"campfire_upgraded":3,"win_rate":0.0,"timestamp":1607750101,"path_taken":["M","M","M","M","M","E","?","?","T","?","M","E","?","E","R","BOSS","M","M","M","$","?","E","?","?","T","E","M","$","M","M","R","BOSS","M","M","M","?","M","E","?","R","T","E","$","E","?","?","R","BOSS","BOSS","R","$","E","BOSS"],"items_purchased_type":["Relic","Relic","Relic","Relic","Relic"],"build_version":"2020-11-30","purchased_purges":4,"victory":true,"max_hp_per_floor":[67,66,65,64,63,62,61,60,59,58,57,56,55,54,53,52,51,50,49,48,47,46,45,44,43,42,41,40,39,38,37,36,35,34,33,32,31,30,29,28,27,26,25,24,23,22,21,20,19,18,17,16,15,14,13,12],"card_choices":[{"not_picked":["WreathOfFlame","WaveOfTheHand","Evaluate"],"picked":"SKIP","floor":1.0},{"not_picked":["Indignation","Evaluate","CutThroughFate","Crescendo"],"picked":"SKIP","floor":2.0},{"not_picked":["Indignation","Evaluate","Crescendo"],"picked":"CutThroughFate","floor":2.0},{"not_picked":["Crescendo","WreathOfFlame","FlyingSleeves","Replay:AtTheReady"],"picked":"SKIP","floor":3.0},{"not_picked":["Evaluate","WindmillStrike","ForeignInfluence","Protect"],"picked":"SKIP","floor":4.0},{"not_picked":["Study","Prostrate","EmptyFist","CutThroughFate"],"picked":"SKIP","floor":5.0},{"not_picked":["CrushJoints","Replay:Battleflow","SashWhip"],"picked":"MentalFortress","floor":6.0},{"not_picked":["Replay:Anticipation","PathToVictory","Evaluate","Halt"],"picked":"SKIP","floor":10.0},{"not_picked":["Replay:ManipulateFuture","Replay:BluntJabs","ConjureBlade"],"picked":"FlurryOfBlows","floor":11.0},{"not_picked":["Replay:AtTheReady","FlyingSleeves","Replay:ManipulateFuture"],"picked":"FearNoEvil","floor":12.0},{"not_picked":["Collect","EmptyBody","WindmillStrike"],"picked":"Tantrum","floor":14.0},{"not_picked":["Replay:LoomingThreat","MostiFishMod:OutWit","Devotion"],"picked":"MostiFishMod:Disappear","floor":16.0},{"not_picked":["FollowUp+1","Replay:Vibes","Replay:ManipulateFuture"],"picked":"BowlingBash","floor":18.0},{"not_picked":["Replay:ManipulateFuture","Pray","Consecrate","ThirdEye"],"picked":"SKIP","floor":19.0},{"not_picked":["Sanctity+1","FlyingSleeves","FollowUp"],"picked":"MostiFishMod:Disappear","floor":20.0},{"not_picked":["BattleHymn","ClearTheMind","Vengeance"],"picked":"FlurryOfBlows","floor":23.0},{"not_picked":["Halt","ThirdEye","CrushJoints","InnerPeace"],"picked":"SKIP","floor":27},{"not_picked":["Crescendo","MostiFishMod:Nomercy+1","Consecrate","FollowUp"],"picked":"SKIP","floor":28},{"not_picked":["EmptyBody","Meditate+1","EmptyMind","Replay:Anticipation"],"picked":"SKIP","floor":30},{"not_picked":["Replay:Hum","MostiFishMod:Clarity","CutThroughFate"],"picked":"MostiFishMod:Speedup","floor":31},{"not_picked":["Replay:LoomingThreat+1","MostiFishMod:PathToVictory+1","MostiFishMod:Adaptation+1"],"picked":"MostiFishMod:DustFall+1","floor":33},{"not_picked":["JustLucky","Replay:AtTheReady","EmptyFist","WindmillStrike+1"],"picked":"SKIP","floor":35},{"not_picked":["Replay:BluntJabs","Crescendo","Replay:Anticipation","SignatureMove"],"picked":"SKIP","floor":36},{"not_picked":["Vengeance","Conclude","Replay:BluntJabs","Evaluate"],"picked":"SKIP","floor":37},{"not_picked":["Wireheading+1","CrushJoints","WindmillStrike"],"picked":"Vault+1","floor":39},{"not_picked":["Weave","FlyingSleeves","PathToVictory","Protect"],"picked":"SKIP","floor":40},{"not_picked":["Prostrate+1","EmptyFist","WaveOfTheHand","MostiFishMod:StarHerder+1"],"picked":"SKIP","floor":44},{"not_picked":["Protect","Evaluate","Replay:ManipulateFuture","EmptyBody"],"picked":"SKIP","floor":46},{"not_picked":["Tantrum","Consecrate","MostiFishMod:Clarity","BattleHymn+1"],"picked":"SKIP","floor":47},{"not_picked":["Evaluate","Replay:ManipulateFuture+1","PathToVictory"],"picked":"DevaForm+1","floor":55}],"player_experience":311293,"relics_obtained":[{"floor":1.0,"key":"Question Card"},{"floor":6.0,"key":"Replay:Bottled Eggs"},{"floor":12.0,"key":"ReplayTheSpireMod:TigerMarble"},{"floor":13.0,"key":"Gambling Chip"},{"floor":14.0,"key":"Simple Rune"},{"floor":16.0,"key":"ImportantClient"},{"floor":17.0,"key":"Anchor"},{"floor":17.0,"key":"Quantum Egg"},{"floor":17.0,"key":"Torii"},{"floor":23.0,"key":"Orichalcum"},{"floor":26,"key":"Sundial"},{"floor":27,"key":"Blood Vial"},{"floor":40,"key":"testmod-IntensifyImprint"},{"floor":43,"key":"Replay:Bandana"},{"floor":44,"key":"Mirror"},{"floor":46,"key":"testmod-CasingShield"},{"floor":55,"key":"ImprovedEquipment"}],"event_choices":[{"damage_healed":0.0,"max_hp_gain":0.0,"max_hp_loss":0.0,"gold_gain":0.0,"event_name":"Scrap Ooze","player_choice":"Fled","floor":7.0,"gold_loss":0.0,"damage_taken":0.0},{"damage_healed":0.0,"max_hp_gain":0.0,"max_hp_loss":0.0,"gold_gain":50.0,"event_name":"FaceTrader","player_choice":"Touch","floor":8.0,"gold_loss":0.0,"damage_taken":6.0},{"damage_healed":0.0,"max_hp_gain":0.0,"max_hp_loss":0.0,"gold_gain":0.0,"event_name":"Nest","player_choice":"Joined the Cult","floor":22.0,"gold_loss":0.0,"damage_taken":6.0,"cards_obtained":["RitualDagger"]},{"damage_healed":0.0,"max_hp_gain":0.0,"max_hp_loss":0.0,"gold_gain":0.0,"event_name":"Vampires","player_choice":"Ignored","floor":24.0,"gold_loss":0.0,"damage_taken":0.0},{"damage_healed":0,"gold_gain":0,"player_choice":"Inject Mutagens","damage_taken":0,"relics_obtained":["MutagenicStrength"],"max_hp_gain":0,"max_hp_loss":0,"event_name":"Drug Dealer","floor":25,"gold_loss":0},{"damage_healed":0,"gold_gain":0,"player_choice":"Embrace Madness","damage_taken":5,"max_hp_gain":0,"max_hp_loss":0,"event_name":"Winding Halls","floor":38,"gold_loss":0,"cards_obtained":["Madness","Madness"]},{"damage_healed":0,"gold_gain":0,"player_choice":"Upgraded","damage_taken":0,"max_hp_gain":0,"max_hp_loss":0,"event_name":"Upgrade Shrine","floor":41,"gold_loss":0,"cards_upgraded":["Madness"]},{"damage_healed":0,"gold_gain":0,"player_choice":"Ignored","damage_taken":0,"max_hp_gain":0,"max_hp_loss":0,"event_name":"SecretPortal","floor":48,"gold_loss":0}],"is_beta":false,"boss_relics":[{"not_picked":["Runic Pyramid","Snecko Eye"],"picked":"Calling Bell"},{"not_picked":["Replay:Bronze Core","MostiFishMod:Hod"],"picked":"testmod-DeterminationOfClimber"}],"items_purged_floors":[21,21,45,45],"is_endless":false,"potions_floor_spawned":[1,2,5,10,12,16,19,27,30,33,35,37,44,46,55],"ascension_level":20}}