{"host":"1hv1kueuvc4r3rdp","time":1607736870,"event":{"mods":["AchievementEnabler","BaseMod","DeckTracker","Highlight Path","Minty Spire (QoL Compilation)","Permanent Neow","StSLib"],"gold_per_floor":[115,130,149,167,178,178,206,224,224,241,241,254,34,34,34,139,139,157,157,174,174,188,188,202,202,228,271,283,283],"floor_reached":28,"playtime":1684,"items_purged":["Strike_G"],"score":305,"play_id":"54136e8d-2bc4-4d1b-971f-8bfbb0d8ed5b","local_time":"20201211193430","is_ascension_mode":true,"campfire_choices":[{"data":"Neutralize","floor":6,"key":"SMITH"},{"floor":15,"key":"REST"},{"floor":23,"key":"REST"},{"data":"After Image","floor":25,"key":"SMITH"}],"circlet_count":0,"master_deck":["Strike_G","Strike_G","Strike_G+1","Defend_G","Defend_G","Defend_G","Defend_G","Survivor","Neutralize+1","CurseOfTheBell","PiercingWail","All Out Attack","Dagger Throw","Poisoned Stab","Noxious Fumes","Dagger Spray+1","After Image+1","Footwork+1","Catalyst","Reflex","Blade Dance"],"relics":["Calling Bell","Nunchaku","Eternal Feather","Ice Cream","Kunai","Bronze Scales","Whetstone","WristBlade","MawBank","Blood Vial"],"acts_visited":["Exordium","TheCity"],"potions_floor_usage":[8,10,12,18,18,27,28],"damage_taken":[{"damage":0,"enemies":"Cultist","floor":1,"turns":4},{"damage":6,"enemies":"2 Louse","floor":2,"turns":5},{"damage":0,"enemies":"Small Slimes","floor":3,"turns":5},{"damage":16,"enemies":"Exordium Wildlife","floor":4,"turns":7},{"damage":9,"enemies":"3 Louse","floor":5,"turns":4},{"damage":32,"enemies":"Gremlin Nob","floor":7,"turns":5},{"damage":5,"enemies":"Gremlin Gang","floor":8,"turns":4},{"damage":9,"enemies":"Large Slime","floor":10,"turns":7},{"damage":0,"enemies":"Blue Slaver","floor":12,"turns":4},{"damage":4,"enemies":"Hexaghost","floor":16,"turns":9},{"damage":30,"enemies":"2 Thieves","floor":18,"turns":4},{"damage":9,"enemies":"Shell Parasite","floor":20,"turns":5},{"damage":15,"enemies":"Cultist and Chosen","floor":22,"turns":6},{"damage":8,"enemies":"Snake Plant","floor":24,"turns":4},{"damage":23,"enemies":"Slavers","floor":27,"turns":5},{"damage":33,"enemies":"Snecko","floor":28,"turns":4}],"seed_played":"2379820032668695439","potions_obtained":[{"floor":2,"key":"EntropicBrew"},{"floor":3,"key":"Weak Potion"},{"floor":7,"key":"Poison Potion"},{"floor":10,"key":"LiquidMemories"},{"floor":20,"key":"Block Potion"}],"is_trial":false,"path_per_floor":["M","M","M","M","M","R","E","M","T","M","?","M","$","?","R","B",null,"M","?","M","?","M","R","M","R","T","E","M"],"character_chosen":"THE_SILENT","items_purchased":["Whetstone"],"campfire_rested":2,"item_purchase_floors":[13],"current_hp_per_floor":[70,64,64,48,39,48,16,11,11,2,2,2,2,2,32,28,60,30,30,21,21,6,39,31,43,43,20,0,0],"gold":283,"neow_bonus":"BOSS_RELIC","is_daily":false,"chose_seed":false,"campfire_upgraded":2,"win_rate":0.0,"timestamp":1607736870,"path_taken":["M","M","M","M","M","R","E","M","T","M","?","M","$","?","R","BOSS","M","?","M","?","M","R","M","R","T","E","M"],"items_purchased_type":["Relic"],"build_version":"2020-11-30","purchased_purges":1,"victory":false,"max_hp_per_floor":[70,70,70,70,70,70,70,70,70,70,70,70,70,70,70,70,70,70,70,70,70,70,70,70,70,70,70,70,70],"card_choices":[{"not_picked":["Bane","Flechettes"],"picked":"PiercingWail","floor":1},{"not_picked":["Reflex","Masterful Stab","Dodge and Roll"],"picked":"SKIP","floor":2},{"not_picked":["Accuracy","Caltrops","Setup"],"picked":"SKIP","floor":3},{"not_picked":["Bane","Flying Knee"],"picked":"All Out Attack","floor":4},{"not_picked":["Blade Dance","Poisoned Stab"],"picked":"Dagger Throw","floor":5},{"not_picked":["Quick Slash","Deflect"],"picked":"Poisoned Stab","floor":7},{"not_picked":["Sucker Punch","Slice"],"picked":"Noxious Fumes","floor":8},{"not_picked":["Burst","Acrobatics","Underhanded Strike"],"picked":"SKIP","floor":10},{"not_picked":["Sucker Punch","Backstab"],"picked":"Dagger Spray","floor":12},{"not_picked":["Bullet Time","Grand Finale"],"picked":"After Image","floor":16},{"not_picked":["Eviscerate","Deflect"],"picked":"Footwork+1","floor":18},{"not_picked":["Riddle With Holes+1","Distraction+1"],"picked":"Blade Dance","floor":20},{"not_picked":["Sucker Punch","Concentrate+1","Dagger Spray"],"picked":"SKIP","floor":22},{"not_picked":["Dagger Spray","Calculated Gamble","All Out Attack+1"],"picked":"SKIP","floor":24},{"not_picked":["Wraith Form v2","Choke","Sucker Punch"],"picked":"SKIP","floor":27}],"player_experience":962186,"relics_obtained":[{"floor":0,"key":"Nunchaku"},{"floor":0,"key":"Eternal Feather"},{"floor":0,"key":"Ice Cream"},{"floor":7,"key":"Kunai"},{"floor":9,"key":"Bronze Scales"},{"floor":26,"key":"MawBank"},{"floor":27,"key":"Blood Vial"}],"event_choices":[{"damage_healed":0,"gold_gain":0,"player_choice":"Fled","damage_taken":0,"max_hp_gain":0,"max_hp_loss":0,"event_name":"Scrap Ooze","floor":11,"gold_loss":0},{"damage_healed":0,"gold_gain":0,"player_choice":"Ignored","damage_taken":0,"max_hp_gain":0,"max_hp_loss":0,"event_name":"Golden Idol","floor":14,"gold_loss":0},{"damage_healed":0,"gold_gain":0,"cards_transformed":["Strike_G","Defend_G"],"player_choice":"Became Test Subject","damage_taken":0,"max_hp_gain":0,"max_hp_loss":0,"event_name":"Drug Dealer","floor":19,"gold_loss":0,"cards_obtained":["Catalyst","Reflex"]},{"damage_healed":0,"gold_gain":0,"player_choice":"Ignored","damage_taken":0,"max_hp_gain":0,"max_hp_loss":0,"event_name":"Cursed Tome","floor":21,"gold_loss":0}],"is_beta":false,"boss_relics":[{"not_picked":["Busted Crown","Coffee Dripper"],"picked":"WristBlade"}],"items_purged_floors":[13],"is_endless":false,"potions_floor_spawned":[2,3,7,10,20,22],"killed_by":"Snecko","ascension_level":5}}