{"host":"1bqbj1s4pyvm9utn","time":1607758708,"event":{"mods":["AchievementEnabler","Aspiration","Bard","BaseMod","Beaked The Cultist","Better Altar","Better Match","Better Note","Better Sensory Stone","Better Skull","Better Third Choice","BetterRewards","CCEM","Clawfect","Colored Map","Conspire","Downfall","GifTheSpireLib","Halation","Hermit","Highlight Path","Hubris","Humility","Infinite Spire","Jedi Mod","Jorbs\u0027s Wanderer Trilogy","Mad Scientist","Marisa????????","Mimic Mod","Minty Spire (QoL Compilation)","Permanent Neow","Replay The Spire","Shade Mod","Shop Mod","Spicy Shops","StSLib","Stuff the Spire","The Bug Knight","The Construct","The Cursed","The Disciple","The Gatherer","The Hierophant","The Jungle","The Mystic","The Necromancer","The Runesmith","The Servant 0.9.4","The Spell Scribe","The Witch","Unceasing Turn Reminder","everything is the same but u backflip on backflip","slay the spire mod where everything is the same but ironclad has a cowboy hat","vexMod"],"gold_per_floor":[111,131,18,18,18,18,18,0,0,0,0,0,0,0,0,18,18,77,102,147,147],"floor_reached":20,"playtime":2883,"items_purged":["Regret"],"score":178,"play_id":"a7f1e906-1ed2-4aaa-888a-57d81ef07c9d","local_time":"20201211233828","is_ascension_mode":false,"campfire_choices":[],"circlet_count":0,"master_deck":["beaked:Strike_Y","beaked:Strike_Y+1","beaked:Strike_Y","beaked:Strike_Y","beaked:Strike_Y","beaked:Strike_Y","beaked:Defend_Y","beaked:Defend_Y","beaked:Defend_Y","beaked:Defend_Y","beaked:Ceremony+1","beaked:Ceremony+1","beaked:Ceremony","Strike_R+1","Defend_P","beaked:Windmill","ReplayTheSpireMod:Prepare the Ceremony","beaked:MachineEssence","beaked:DigDeep","beaked:Brace","beaked:MaddeningMurmurs","hexamod:Haunted","beaked:Cower"],"relics":["beaked:MendingPlumage","jedi:ominousloannote","aspiration:HiddenCompartment","Tiny Chest","vexMod:PaidLearning","beaked:ThroatLozenge","ReplayTheSpireMod:Ring of Challenge","ReplayTheSpireMod:Ring of Addiction","White Beast Statue","Chameleon Ring","infinitespire:Golems Mask","construct:FoamFinger","hubris:SlimyHat","Whetstone","Golden Idol","Blue Candle","StuffTheSpire:Kangaroo","hubris:MedicalManual"],"acts_visited":["Exordium","TheCity"],"potions_floor_usage":[6,7,7,8,8,10,13,16,16,18,19,20,20,20,20],"damage_taken":[{"damage":17,"enemies":"Cultist","floor":1,"turns":5},{"damage":5,"enemies":"Jaw Worm","floor":2,"turns":4},{"damage":2,"enemies":"Small Slimes","floor":4,"turns":4},{"damage":12,"enemies":"Exordium Thugs","floor":6,"turns":1},{"damage":58,"enemies":"3 Sentries","floor":7,"turns":10},{"damage":29,"enemies":"Gremlin Gang","floor":8,"turns":7},{"damage":2,"enemies":"2 Fungi Beasts","floor":10,"turns":8},{"damage":8,"enemies":"2 Fungi Beasts","floor":11,"turns":4},{"damage":19,"enemies":"Exordium Wildlife","floor":13,"turns":5},{"damage":47,"enemies":"Fading Forest","floor":16,"turns":11},{"damage":47,"enemies":"3 Byrds","floor":18,"turns":7},{"damage":26,"enemies":"Chosen","floor":19,"turns":5},{"damage":62,"enemies":"Sentry and Sphere","floor":20,"turns":5}],"seed_played":"6468225522656722706","potions_obtained":[{"floor":5,"key":"SkillPotion"},{"floor":5,"key":"EssenceOfSteel"},{"floor":5,"key":"Death Potion"},{"floor":6,"key":"jedi:tentaclejuice"},{"floor":7,"key":"Weak Potion"},{"floor":8,"key":"EssenceOfSteel"},{"floor":10,"key":"GamblersBrew"},{"floor":11,"key":"Swift Potion"},{"floor":13,"key":"hexamod:EctoCoolerPotion"},{"floor":16,"key":"Toxic Potion"},{"floor":18,"key":"Weak Potion"},{"floor":19,"key":"EntropicBrew"}],"is_trial":false,"path_per_floor":["M","M","$","M","?","M","E","M","T","MIM","M","T","M","?","R_BF","B",null,"M","M","M"],"character_chosen":"BEAKED_THE_CULTIST","items_purchased":["jedi:ominousloannote","aspiration:HiddenCompartment","Tiny Chest","vexMod:PaidLearning","beaked:ThroatLozenge"],"campfire_rested":0,"item_purchase_floors":[3,3,3,3,3],"current_hp_per_floor":[49,55,55,59,59,48,30,24,24,60,60,60,60,45,45,59,60,33,40,0,0],"gold":147,"neow_bonus":"TWENTY_PERCENT_HP_BONUS","is_daily":false,"chose_seed":false,"campfire_upgraded":0,"win_rate":0.0,"timestamp":1607758708,"path_taken":["M","?","$","M","?","M","E","M","T","?","?","?","M","?","R_BF","BOSS","M","M","M"],"items_purchased_type":["Relic","Relic","Relic","Relic","Relic"],"build_version":"2020-11-30","purchased_purges":1,"victory":false,"max_hp_per_floor":[60,60,60,60,60,60,60,60,60,60,60,60,60,60,60,60,60,60,60,60,60],"card_choices":[{"not_picked":["beaked:Tradeoff","beaked:WarriorEssence"],"picked":"beaked:Windmill","floor":1},{"not_picked":["beaked:WarriorEssence","beaked:Poke","beaked:Overexert"],"picked":"SKIP","floor":2},{"not_picked":["beaked:Flinch","beaked:Tweet"],"picked":"ReplayTheSpireMod:Prepare the Ceremony","floor":4},{"not_picked":["beaked:WarriorEssence","beaked:Tradeoff"],"picked":"beaked:MachineEssence","floor":6},{"not_picked":["beaked:Daydream","beaked:Devastation"],"picked":"beaked:DigDeep","floor":7},{"not_picked":["beaked:Windmill","beaked:BounceBack"],"picked":"beaked:Brace","floor":8},{"not_picked":["beaked:WarriorEssence","beaked:BarbedWire"],"picked":"beaked:MaddeningMurmurs","floor":10},{"not_picked":["ReplayTheSpireMod:Prepare the Ceremony","beaked:Tradeoff","beaked:Mantra"],"picked":"SKIP","floor":11},{"not_picked":["beaked:Redirect","beaked:SurvivalInstinct","beaked:DigDeep"],"picked":"SKIP","floor":13},{"not_picked":["beaked:Redirect+1","beaked:Tradeoff"],"picked":"beaked:Cower","floor":18},{"not_picked":["beaked:HuntressEssence","beaked:BraceForImpact","beaked:WarriorEssence"],"picked":"SKIP","floor":19}],"player_experience":785311,"relics_obtained":[{"floor":5,"key":"ReplayTheSpireMod:Ring of Challenge"},{"floor":5,"key":"ReplayTheSpireMod:Ring of Addiction"},{"floor":5,"key":"White Beast Statue"},{"floor":5,"key":"Chameleon Ring"},{"floor":7,"key":"infinitespire:Golems Mask"},{"floor":9,"key":"construct:FoamFinger"},{"floor":10,"key":"hubris:SlimyHat"},{"floor":12,"key":"Whetstone"},{"floor":18,"key":"hubris:MedicalManual"}],"event_choices":[{"damage_healed":0,"gold_gain":0,"player_choice":"Take Damage","damage_taken":15,"relics_obtained":["Golden Idol"],"max_hp_gain":0,"max_hp_loss":0,"event_name":"Golden Idol","floor":14,"gold_loss":0}],"is_beta":false,"boss_relics":[{"not_picked":["halation:Risk","Philosopher\u0027s Stone"],"picked":"StuffTheSpire:Kangaroo"}],"items_purged_floors":[3],"is_endless":false,"potions_floor_spawned":[6,7,8,10,11,13,16,18,19],"killed_by":"Sentry and Sphere","ascension_level":0}}