{"host":"ih7ofq2zpufcoifs","time":1607747576,"event":{"mods":["BaseMod","Colored Map","Minty Spire (QoL Compilation)"],"gold_per_floor":[119,133,152,152,30,65,65,108,108,121,121,154,173,187,187,315,315,315,315,315,315,90,90,90,90,90,90,90,90,90,90,90,90,90,90,90,90,90,90,90,90,90,90,90,90,90,90,90,90,90,90,90,28,28,28],"floor_reached":56,"playtime":4544,"items_purged":["Dualcast","Zap"],"score":1826,"play_id":"c430abfc-8942-4901-b4c6-dd2ca02dd99c","local_time":"20201212143256","is_ascension_mode":true,"campfire_choices":[{"data":"Hyperbeam","floor":7.0,"key":"SMITH"},{"data":"Rip and Tear","floor":11.0,"key":"SMITH"},{"data":"FTL","floor":15.0,"key":"SMITH"},{"data":"Reprogram","floor":27.0,"key":"SMITH"},{"data":"Reprogram","floor":29.0,"key":"SMITH"},{"data":"Undo","floor":32.0,"key":"SMITH"},{"floor":40.0,"key":"RECALL"},{"data":"Coolheaded","floor":47,"key":"SMITH"},{"data":"Steam","floor":49,"key":"SMITH"},{"data":"Reinforced Body","floor":52,"key":"SMITH"}],"circlet_count":0,"master_deck":["AscendersBane","Rip and Tear+1","Gash","Fission","Hyperbeam+1","Sweeping Beam","Doom and Gloom","Coolheaded+1","Rebound","Steam+1","Leap","Self Repair","FTL+1","Undo+1","FTL+1","Turbo","Core Surge+1","Hologram+1","Reprogram+1","Hologram+1","Reprogram+1","Beam Cell+1","Genetic Algorithm","Rebound+1","Reprogram+1","Hyperbeam+1","Steam Power+1","Hologram+1","Reinforced Body+1","Turbo+1","Scrape+1","Echo Form"],"relics":["Pandora\u0027s Box","Golden Idol","Toy Ornithopter","Molten Egg 2","Ectoplasm","Potion Belt","Red Mask","Bronze Scales","Nuclear Battery","Thread and Needle","The Courier","Vajra","Lantern","Sundial"],"acts_visited":["Exordium","TheCity","TheBeyond","TheEnding"],"potions_floor_usage":[42,54,55,55,55],"damage_taken":[{"damage":0.0,"enemies":"Small Slimes","floor":1.0,"turns":2.0},{"damage":12.0,"enemies":"Jaw Worm","floor":2.0,"turns":2.0},{"damage":0.0,"enemies":"2 Louse","floor":3.0,"turns":2.0},{"damage":11.0,"enemies":"Lagavulin","floor":6.0,"turns":5.0},{"damage":10.0,"enemies":"3 Sentries","floor":8.0,"turns":2.0},{"damage":4.0,"enemies":"Blue Slaver","floor":10.0,"turns":2.0},{"damage":0.0,"enemies":"Lagavulin","floor":12.0,"turns":4.0},{"damage":0.0,"enemies":"2 Fungi Beasts","floor":13.0,"turns":2.0},{"damage":6.0,"enemies":"Large Slime","floor":14.0,"turns":4.0},{"damage":8.0,"enemies":"Slime Boss","floor":16.0,"turns":7.0},{"damage":0.0,"enemies":"Chosen","floor":18.0,"turns":3.0},{"damage":12.0,"enemies":"Shell Parasite","floor":21.0,"turns":3.0},{"damage":22.0,"enemies":"Book of Stabbing","floor":23.0,"turns":3.0},{"damage":0.0,"enemies":"3 Cultists","floor":24.0,"turns":3.0},{"damage":6.0,"enemies":"Masked Bandits","floor":25.0,"turns":2.0},{"damage":0.0,"enemies":"Slavers","floor":28.0,"turns":5.0},{"damage":2.0,"enemies":"Centurion and Healer","floor":30.0,"turns":4.0},{"damage":1.0,"enemies":"Cultist and Chosen","floor":31.0,"turns":2.0},{"damage":56.0,"enemies":"Collector","floor":33.0,"turns":7.0},{"damage":0.0,"enemies":"3 Darklings","floor":35.0,"turns":1.0},{"damage":1.0,"enemies":"Orb Walker","floor":36.0,"turns":2.0},{"damage":0.0,"enemies":"3 Darklings","floor":37.0,"turns":2.0},{"damage":3.0,"enemies":"2 Orb Walkers","floor":38.0,"turns":2.0},{"damage":0.0,"enemies":"Jaw Worm Horde","floor":39.0,"turns":2.0},{"damage":2,"enemies":"Nemesis","floor":41,"turns":5},{"damage":0,"enemies":"Writhing Mass","floor":42,"turns":2},{"damage":0,"enemies":"Giant Head","floor":45,"turns":7},{"damage":26,"enemies":"Awakened One","floor":50,"turns":12},{"damage":16,"enemies":"Shield and Spear","floor":54,"turns":5},{"damage":74,"enemies":"The Heart","floor":55,"turns":10}],"seed_played":"-6695612714437998975","potions_obtained":[{"floor":1.0,"key":"Ancient Potion"},{"floor":2.0,"key":"SpeedPotion"},{"floor":8.0,"key":"Fire Potion"},{"floor":12.0,"key":"GamblersBrew"},{"floor":25.0,"key":"BlessingOfTheForge"},{"floor":28.0,"key":"Energy Potion"},{"floor":33.0,"key":"EssenceOfSteel"},{"floor":35.0,"key":"ColorlessPotion"},{"floor":36.0,"key":"Energy Potion"},{"floor":39.0,"key":"SpeedPotion"},{"floor":41,"key":"Swift Potion"}],"is_trial":false,"path_per_floor":["M","M","M","?","$","E","R","E","T","M","R","E","M","M","R","B",null,"M","?","?","M","$","E","M","?","T","R","E","R","M","M","R","B",null,"M","M","M","?","M","R","E","M","T","$","E","?","R","?","R","B",null,"R","$","E","B",null],"character_chosen":"DEFECT","items_purchased":["Leap","Reprogram","Beam Cell+1","LiquidBronze"],"campfire_rested":0,"item_purchase_floors":[5,22,22,53],"current_hp_per_floor":[68,56,56,56,56,45,45,35,35,31,31,38,45,46,46,45,63,63,63,63,58,58,41,48,42,42,42,49,49,54,60,60,9,54,54,53,53,60,60,60,65,69,69,69,69,69,69,69,69,50,64,64,64,60,1],"gold":28,"neow_bonus":"BOSS_RELIC","is_daily":false,"chose_seed":false,"campfire_upgraded":9,"win_rate":0.0,"timestamp":1607747576,"path_taken":["M","M","M","?","$","E","R","E","T","M","R","E","M","M","R","BOSS","M","?","?","M","$","E","?","?","T","R","E","R","M","M","R","BOSS","M","M","M","?","M","R","E","M","T","$","E","?","R","?","R","BOSS","R","$","E","BOSS"],"items_purchased_type":["Card","Card","Card","Potion"],"build_version":"2020-11-30","purchased_purges":2,"victory":true,"max_hp_per_floor":[75,75,75,69,69,69,69,69,69,69,69,69,69,69,69,69,69,69,69,69,69,69,69,69,69,69,69,69,69,69,69,69,69,69,69,69,69,69,69,69,69,69,69,69,69,69,69,69,69,69,69,69,69,69,69],"card_choices":[{"not_picked":["Sunder","Doom and Gloom","Skim"],"picked":"SKIP","floor":1.0},{"not_picked":["Sunder","Doom and Gloom","Skim"],"picked":"SKIP","floor":1.0},{"not_picked":["Sunder","Doom and Gloom","Skim"],"picked":"SKIP","floor":1.0},{"not_picked":["Skim","Streamline"],"picked":"Rebound","floor":2.0},{"not_picked":["Skim","Coolheaded"],"picked":"Steam","floor":3.0},{"not_picked":["Coolheaded","Go for the Eyes"],"picked":"Self Repair","floor":6.0},{"not_picked":["Tempest","Meteor Strike"],"picked":"FTL","floor":8.0},{"not_picked":["Cold Snap+1","Loop","Barrage+1"],"picked":"SKIP","floor":10.0},{"not_picked":["Cold Snap+1","Loop","Barrage+1"],"picked":"SKIP","floor":10.0},{"not_picked":["Gash+1","Beam Cell+1"],"picked":"Undo","floor":12.0},{"not_picked":["Rebound+1","White Noise"],"picked":"FTL+1","floor":13.0},{"not_picked":["Loop","Cold Snap+1"],"picked":"Turbo","floor":14.0},{"not_picked":["Amplify","Buffer"],"picked":"Core Surge+1","floor":16.0},{"not_picked":["Stack","Go for the Eyes+1"],"picked":"Hologram+1","floor":18.0},{"not_picked":["Double Energy","Glacier"],"picked":"Hologram+1","floor":21.0},{"not_picked":["Stack+1","Conserve Battery","Chill+1"],"picked":"SKIP","floor":23.0},{"not_picked":["FTL+1","Recycle","Coolheaded+1"],"picked":"SKIP","floor":24.0},{"not_picked":["Streamline+1","Gash+1"],"picked":"Genetic Algorithm","floor":25.0},{"not_picked":["Coolheaded+1","Sweeping Beam+1"],"picked":"Rebound+1","floor":28.0},{"not_picked":["Thunder Strike+1","Sweeping Beam+1"],"picked":"Reprogram+1","floor":30.0},{"not_picked":["Sunder+1","Coolheaded","Cold Snap+1"],"picked":"SKIP","floor":31.0},{"not_picked":["Fission","Amplify"],"picked":"Hyperbeam+1","floor":33.0},{"not_picked":["Blizzard+1","Gash+1","Barrage+1"],"picked":"SKIP","floor":35.0},{"not_picked":["Blizzard+1","Cold Snap+1","Lockon+1"],"picked":"SKIP","floor":36.0},{"not_picked":["BootSequence+1","Undo"],"picked":"Steam Power+1","floor":37.0},{"not_picked":["Darkness","Barrage+1"],"picked":"Hologram+1","floor":38.0},{"not_picked":["Coolheaded","Self Repair+1","Storm+1"],"picked":"SKIP","floor":39.0},{"not_picked":["Stack","Sweeping Beam+1"],"picked":"Reinforced Body","floor":41},{"not_picked":["Rebound+1","Electrodynamics"],"picked":"Turbo+1","floor":42},{"not_picked":["Conserve Battery+1","Sweeping Beam+1"],"picked":"Scrape+1","floor":45},{"not_picked":["Genetic Algorithm","Compile Driver+1"],"picked":"Echo Form","floor":54}],"player_experience":281870,"relics_obtained":[{"floor":8.0,"key":"Toy Ornithopter"},{"floor":9.0,"key":"Molten Egg 2"},{"floor":23.0,"key":"Potion Belt"},{"floor":25.0,"key":"Red Mask"},{"floor":28.0,"key":"Bronze Scales"},{"floor":38.0,"key":"Thread and Needle"},{"floor":41,"key":"The Courier"},{"floor":43,"key":"Vajra"},{"floor":45,"key":"Lantern"},{"floor":54,"key":"Sundial"}],"event_choices":[{"damage_healed":0.0,"max_hp_gain":0.0,"max_hp_loss":6.0,"gold_gain":0.0,"event_name":"Golden Idol","player_choice":"Lose Max HP","floor":4.0,"gold_loss":0.0,"damage_taken":0.0,"relics_obtained":["Golden Idol"]},{"damage_healed":0.0,"max_hp_gain":0.0,"max_hp_loss":0.0,"gold_gain":0.0,"event_name":"Vampires","player_choice":"Ignored","floor":19.0,"gold_loss":0.0,"damage_taken":0.0},{"damage_healed":0.0,"max_hp_gain":0.0,"max_hp_loss":0.0,"gold_gain":0.0,"event_name":"The Library","player_choice":"Read","floor":20.0,"gold_loss":0.0,"damage_taken":0.0,"cards_obtained":["Reprogram"]},{"damage_healed":0.0,"max_hp_gain":0.0,"max_hp_loss":0.0,"gold_gain":0.0,"event_name":"Masked Bandits","player_choice":"Fought Bandits","floor":25.0,"gold_loss":0.0,"damage_taken":0.0},{"damage_healed":0.0,"max_hp_gain":0.0,"max_hp_loss":0.0,"gold_gain":0.0,"event_name":"Mysterious Sphere","player_choice":"Fight","floor":38.0,"gold_loss":0.0,"damage_taken":0.0},{"cards_removed":["Hello World"],"damage_healed":0,"gold_gain":0,"player_choice":"Removed Power","damage_taken":0,"max_hp_gain":0,"max_hp_loss":0,"event_name":"Falling","floor":46,"gold_loss":0},{"damage_healed":0,"gold_gain":222,"player_choice":"Wore Mask","damage_taken":0,"max_hp_gain":0,"max_hp_loss":0,"event_name":"Tomb of Lord Red Mask","floor":48,"gold_loss":0}],"is_beta":false,"boss_relics":[{"not_picked":["Tiny House","Busted Crown"],"picked":"Ectoplasm"},{"not_picked":["Velvet Choker","Inserter"],"picked":"Nuclear Battery"}],"items_purged_floors":[5,22],"is_endless":false,"potions_floor_spawned":[1,2,8,12,16,21,25,28,33,35,36,39,41],"ascension_level":11}}