{"host":"3mdjmozz5rahgtdc","time":1607782627,"event":{"mods":["AchievementEnabler","BaseMod","Better Silent Start","Better-Laid Plans","Colored Map","Colored Powertips","Custom Start","DeckTracker","KOR Keyword Fix","Minty Spire (QoL Compilation)","Permanent Neow","StSLib","SuperFastMode"],"gold_per_floor":[110,125,125,136,155,155,184,33,60,60,60,80,95,111,111,212,212,230,243,253,112,62,62,82,32,32,32,32,32],"floor_reached":28,"playtime":768,"items_purged":["Strike_P","Strike_P"],"score":255,"play_id":"15f249ac-c4a5-4e00-a150-d1cc7cdd949b","local_time":"20201212231707","is_ascension_mode":true,"campfire_choices":[{"data":"Eruption","floor":6,"key":"SMITH"},{"data":"Protect","floor":11,"key":"SMITH"},{"data":"Evaluate","floor":15,"key":"SMITH"},{"data":"Scrawl","floor":23,"key":"SMITH"}],"circlet_count":0,"master_deck":["Strike_P+1","Strike_P","Defend_P","Defend_P","Defend_P","Eruption+1","Vigilance+1","ReachHeaven","Protect+1","FlurryOfBlows","SandsOfTime","Evaluate+1","Scrawl+1","InnerPeace","BattleHymn","Finesse","ForeignInfluence+1"],"relics":["PureWater","Strawberry","Anchor","Centennial Puzzle","Smiling Mask","VioletLotus","The Courier"],"acts_visited":["Exordium","TheCity"],"potions_floor_usage":[2,14,16,20],"damage_taken":[{"damage":1,"enemies":"Cultist","floor":1,"turns":3},{"damage":4,"enemies":"Jaw Worm","floor":2,"turns":2},{"damage":9,"enemies":"2 Louse","floor":4,"turns":3},{"damage":0,"enemies":"Looter","floor":5,"turns":3},{"damage":16,"enemies":"3 Sentries","floor":7,"turns":10},{"damage":0,"enemies":"Exordium Thugs","floor":12,"turns":3},{"damage":3,"enemies":"Large Slime","floor":13,"turns":2},{"damage":1,"enemies":"Lots of Slimes","floor":14,"turns":3},{"damage":4,"enemies":"Hexaghost","floor":16,"turns":6},{"damage":0,"enemies":"Chosen","floor":18,"turns":3},{"damage":0,"enemies":"2 Thieves","floor":19,"turns":4},{"damage":3,"enemies":"Cultist and Chosen","floor":20,"turns":4},{"damage":6,"enemies":"Shelled Parasite and Fungi","floor":24,"turns":4},{"damage":0,"enemies":"Snecko","floor":28,"turns":2}],"seed_played":"-9015225292845789088","potions_obtained":[{"floor":1,"key":"AttackPotion"},{"floor":2,"key":"Fruit Juice"},{"floor":5,"key":"LiquidBronze"},{"floor":14,"key":"Weak Potion"},{"floor":16,"key":"Strength Potion"},{"floor":19,"key":"SteroidPotion"}],"is_trial":false,"path_per_floor":["M","M","?","M","M","R","E","$","T","?","R","M","M","M","R","B",null,"M","M","M","$","?","R","M","$","T","$","M"],"character_chosen":"WATCHER","items_purchased":["Anchor","Finesse"],"campfire_rested":0,"item_purchase_floors":[8,21],"current_hp_per_floor":[71,72,57,48,48,48,39,39,39,39,39,39,36,35,35,31,84,84,84,81,81,81,81,75,75,75,75,75,75],"gold":32,"neow_bonus":"TRANSFORM_CARD","is_daily":false,"chose_seed":false,"campfire_upgraded":4,"win_rate":0.0,"timestamp":1607782627,"path_taken":["M","?","?","M","M","R","E","$","T","?","R","M","M","M","R","BOSS","M","M","M","$","?","R","M","?","T","$","M"],"items_purchased_type":["Relic","Card"],"build_version":"2020-11-30","purchased_purges":2,"victory":false,"max_hp_per_floor":[72,77,77,77,77,77,84,84,84,84,84,84,84,84,84,84,84,84,84,84,84,84,84,84,84,84,84,84,84],"card_choices":[{"not_picked":["SashWhip","Crescendo","JustLucky"],"picked":"SKIP","floor":1},{"not_picked":["ThirdEye","ClearTheMind"],"picked":"Protect","floor":2},{"not_picked":["EmptyBody","Crescendo"],"picked":"FlurryOfBlows","floor":4},{"not_picked":["Swivel","CrushJoints","Consecrate"],"picked":"SKIP","floor":5},{"not_picked":["Blasphemy","EmptyBody","Perseverance"],"picked":"SKIP","floor":7},{"not_picked":["Crescendo","CutThroughFate","FlyingSleeves"],"picked":"SKIP","floor":12},{"not_picked":["FlyingSleeves","BowlingBash"],"picked":"SandsOfTime","floor":13},{"not_picked":["SashWhip","EmptyFist"],"picked":"Evaluate","floor":14},{"not_picked":["Devotion","DevaForm"],"picked":"Scrawl","floor":16},{"not_picked":["Fasting2","PathToVictory"],"picked":"InnerPeace","floor":18},{"not_picked":["JustLucky+1","EmptyFist"],"picked":"BattleHymn","floor":19},{"not_picked":["WheelKick","Tantrum","FollowUp"],"picked":"SKIP","floor":20},{"not_picked":["ReachHeaven+1","Prostrate"],"picked":"ForeignInfluence+1","floor":24}],"player_experience":267752,"relics_obtained":[{"floor":7,"key":"Strawberry"},{"floor":9,"key":"Centennial Puzzle"},{"floor":26,"key":"The Courier"}],"event_choices":[{"damage_healed":0,"gold_gain":0,"player_choice":"Entered Light","damage_taken":15,"max_hp_gain":0,"max_hp_loss":0,"event_name":"Shining Light","floor":3,"gold_loss":0,"cards_upgraded":["Strike_P","Vigilance"]},{"damage_healed":0,"gold_gain":0,"player_choice":"Searched \u00272\u0027 times","damage_taken":0,"relics_obtained":["Smiling Mask"],"max_hp_gain":0,"max_hp_loss":0,"event_name":"Dead Adventurer","floor":10,"gold_loss":0},{"damage_healed":0,"gold_gain":0,"player_choice":"Bet on Owner","damage_taken":0,"max_hp_gain":0,"max_hp_loss":0,"event_name":"The Joust","floor":22,"gold_loss":50}],"is_beta":false,"boss_relics":[{"not_picked":["Busted Crown","Ectoplasm"],"picked":"VioletLotus"}],"items_purged_floors":[21,25],"is_endless":false,"potions_floor_spawned":[1,2,5,14,16,19],"killed_by":"Snecko","ascension_level":3}}