{"host":"fc287fjuu2jzsb1g","time":1607814549,"event":{"mods":["2.2 Compatiblity","BaseMod","Gremlin Mod","Hermit","Highlight Path","Minty Spire (QoL Compilation)","READ ME - Guardian Mod","StSLib","The Construct","The Disciple","The Hierophant","The Necromancer","The Servant 0.9.4"],"gold_per_floor":[119,119,44,58,19,51,51,126,149,149,164,181,181,211,211,311,311,329,353,97,107,125,125,0,0,0,0,13,13,54,67,67,174,174,184,34,34,54,71,99,99,143,169,186,199,24,24,24,24,24,24,24,24,64,64,64],"floor_reached":55,"playtime":2245,"items_purged":["Bash","Strike_R","Strike_R","Strike_R","Strike_R"],"score":778,"play_id":"e8cef728-5b29-45db-8553-df4c74db4fe1","local_time":"20201212150909","is_ascension_mode":false,"campfire_choices":[{"data":"Flame Barrier","floor":7.0,"key":"SMITH"},{"floor":10.0,"key":"REST"},{"data":"Body Slam","floor":15.0,"key":"SMITH"},{"data":"Juggernaut","floor":23.0,"key":"SMITH"},{"data":"Entrench","floor":25.0,"key":"SMITH"},{"floor":27.0,"key":"RECALL"},{"data":"Metallicize","floor":32.0,"key":"SMITH"},{"data":"Juggernaut","floor":47.0,"key":"SMITH"},{"data":"Defend_R","floor":49.0,"key":"SMITH"},{"data":"Defend_R","floor":52.0,"key":"SMITH"}],"circlet_count":0,"master_deck":["Strike_R","Defend_R","Defend_R","Defend_R+1","Defend_R+1","Juggernaut+1","Flame Barrier+1","Entrench+1","Body Slam+1","Juggernaut+1","Metallicize+1","Juggernaut+1","True Grit+1","Metallicize+1","Offering"],"relics":["Burning Blood","Art of War","construct:BoolHorns","Coffee Dripper","CeramicFish","Happy Flower","Sundial","PreservedInsect","Tiny Chest","Sozu","Strawberry","Red Skull","Dream Catcher","Meat on the Bone","Toy Ornithopter"],"acts_visited":["Exordium","TheCity","TheBeyond","TheEnding"],"potions_floor_usage":[],"damage_taken":[{"damage":5.0,"enemies":"2 Louse","floor":1.0,"turns":3.0},{"damage":0.0,"enemies":"Small Slimes","floor":4.0,"turns":4.0},{"damage":44.0,"enemies":"Gremlin Nob","floor":6.0,"turns":6.0},{"damage":0.0,"enemies":"Cultist","floor":11.0,"turns":6.0},{"damage":2.0,"enemies":"Exordium Wildlife","floor":12.0,"turns":4.0},{"damage":18.0,"enemies":"Lagavulin","floor":14.0,"turns":7.0},{"damage":8.0,"enemies":"Hexaghost","floor":16.0,"turns":9.0},{"damage":16.0,"enemies":"2 Thieves","floor":18.0,"turns":4.0},{"damage":0.0,"enemies":"Shell Parasite","floor":21.0,"turns":5.0},{"damage":4.0,"enemies":"Centurion and Healer","floor":22.0,"turns":6.0},{"damage":6.0,"enemies":"Shelled Parasite and Fungi","floor":28.0,"turns":2.0},{"damage":15.0,"enemies":"Slavers","floor":30.0,"turns":4.0},{"damage":3.0,"enemies":"Chosen and Byrds","floor":31.0,"turns":6.0},{"damage":12.0,"enemies":"Champ","floor":33.0,"turns":7.0},{"damage":0.0,"enemies":"Orb Walker","floor":35.0,"turns":3.0},{"damage":4.0,"enemies":"3 Darklings","floor":38.0,"turns":4.0},{"damage":0.0,"enemies":"Transient","floor":39.0,"turns":5.0},{"damage":7.0,"enemies":"Reptomancer","floor":40.0,"turns":4.0},{"damage":0.0,"enemies":"Giant Head","floor":42.0,"turns":5.0},{"damage":14.0,"enemies":"Spire Growth","floor":44.0,"turns":4.0},{"damage":19.0,"enemies":"Maw","floor":45.0,"turns":5.0},{"damage":0.0,"enemies":"Donu and Deca","floor":50.0,"turns":7.0},{"damage":18.0,"enemies":"Shield and Spear","floor":54.0,"turns":4.0},{"damage":71,"enemies":"The Heart","floor":55,"turns":3}],"seed_played":"-3249689359407341955","potions_obtained":[{"floor":4.0,"key":"ColorlessPotion"},{"floor":6.0,"key":"BloodPotion"},{"floor":12.0,"key":"Fire Potion"},{"floor":14.0,"key":"EssenceOfSteel"},{"floor":21.0,"key":"Dexterity Potion"},{"floor":33.0,"key":"ColorlessPotion"}],"is_trial":false,"path_per_floor":["M","?","$","M","$","E","R","?","T","R","M","M","?","E","R","B",null,"M","T","$","M","M","R","$","R","T","R","M","?","E","M","R","B",null,"M","$","?","M","M","E","?","E","T","M","M","$","R","T","R","B",null,"R","$","E","B"],"character_chosen":"IRONCLAD","items_purchased":["Flame Barrier","Happy Flower"],"campfire_rested":1,"item_purchase_floors":[5,20],"current_hp_per_floor":[57,57,57,63,63,25,25,14,14,38,44,48,48,36,36,34,80,70,70,70,76,78,78,78,78,78,78,78,78,69,72,72,66,80,80,80,76,76,76,82,82,83,83,75,62,62,62,62,62,68,83,83,83,71,0,0],"gold":64,"neow_bonus":"THREE_RARE_CARDS","is_daily":false,"chose_seed":false,"campfire_upgraded":8,"win_rate":0.0,"timestamp":1607814549,"path_taken":["M","?","$","M","$","E","R","?","T","R","M","M","?","E","R","BOSS","M","?","$","M","M","R","$","R","T","R","M","?","E","M","R","BOSS","M","$","?","M","M","E","?","E","T","?","M","$","R","?","R","BOSS","R","$","E","BOSS"],"items_purchased_type":["Card","Relic"],"build_version":"2020-11-30","purchased_purges":5,"victory":false,"max_hp_per_floor":[80,80,80,80,80,80,80,80,80,80,80,80,80,80,80,80,80,80,80,80,80,80,80,80,80,80,80,80,80,80,80,80,80,80,80,80,76,76,76,83,83,83,83,83,83,83,83,83,83,83,83,83,83,83,83,83],"card_choices":[{"not_picked":["Fiend Fire","Berserk"],"picked":"Juggernaut","floor":0.0},{"not_picked":["Warcry","Sword Boomerang","Hemokinesis"],"picked":"SKIP","floor":1.0},{"not_picked":["Rage","Wild Strike","Dual Wield"],"picked":"SKIP","floor":4.0},{"not_picked":["Rage","Shrug It Off"],"picked":"Entrench","floor":6.0},{"not_picked":["Dropkick","Thunderclap","Headbutt"],"picked":"SKIP","floor":11.0},{"not_picked":["Warcry","Anger","Inflame"],"picked":"SKIP","floor":12.0},{"not_picked":["Shrug It Off","Berserk"],"picked":"Body Slam","floor":14.0},{"not_picked":["Double Tap","Immolate"],"picked":"Juggernaut","floor":16.0},{"not_picked":["Sword Boomerang","Flex","Wild Strike+1"],"picked":"SKIP","floor":18.0},{"not_picked":["Perfected Strike","Blood for Blood+1","Heavy Blade"],"picked":"SKIP","floor":21.0},{"not_picked":["Double Tap","Inflame+1","Rage"],"picked":"SKIP","floor":22.0},{"not_picked":["Double Tap","Inflame+1","Rage"],"picked":"SKIP","floor":22.0},{"not_picked":["Cleave","Rampage+1","Entrench"],"picked":"SKIP","floor":28.0},{"not_picked":["Clothesline","Anger"],"picked":"Metallicize","floor":30.0},{"not_picked":["Power Through","Dropkick","Spot Weakness"],"picked":"SKIP","floor":31.0},{"not_picked":["Immolate","Fiend Fire"],"picked":"Juggernaut","floor":33.0},{"not_picked":["Clothesline+1","Headbutt","Twin Strike"],"picked":"SKIP","floor":35.0},{"not_picked":["Fire Breathing","Perfected Strike+1"],"picked":"True Grit+1","floor":38.0},{"not_picked":["Immolate","Anger+1","Body Slam+1"],"picked":"SKIP","floor":39.0},{"not_picked":["Whirlwind+1","Flex","Perfected Strike+1"],"picked":"SKIP","floor":40.0},{"not_picked":["Combust+1","Heavy Blade+1"],"picked":"Metallicize+1","floor":42.0},{"not_picked":["Burning Pact+1","Ghostly Armor+1","Havoc+1"],"picked":"SKIP","floor":44.0},{"not_picked":["Heavy Blade+1","Havoc+1","Spot Weakness"],"picked":"SKIP","floor":45.0},{"not_picked":["Inflame","Uppercut+1"],"picked":"Offering","floor":54.0}],"player_experience":482836,"relics_obtained":[{"floor":6.0,"key":"Art of War"},{"floor":14.0,"key":"construct:BoolHorns"},{"floor":19.0,"key":"CeramicFish"},{"floor":26.0,"key":"Sundial"},{"floor":30.0,"key":"Tiny Chest"},{"floor":40.0,"key":"Strawberry"},{"floor":42.0,"key":"Red Skull"},{"floor":43.0,"key":"Dream Catcher"},{"floor":48.0,"key":"Meat on the Bone"},{"floor":54.0,"key":"Toy Ornithopter"}],"event_choices":[{"damage_healed":0.0,"max_hp_gain":0.0,"max_hp_loss":0.0,"gold_gain":0.0,"event_name":"Liars Game","player_choice":"Ignored","floor":2.0,"gold_loss":0.0,"damage_taken":0.0},{"damage_healed":0.0,"max_hp_gain":0.0,"max_hp_loss":0.0,"gold_gain":75.0,"event_name":"World of Goop","player_choice":"Gather Gold","floor":8.0,"gold_loss":0.0,"damage_taken":11.0},{"damage_healed":0.0,"max_hp_gain":0.0,"max_hp_loss":0.0,"gold_gain":0.0,"event_name":"Upgrade Shrine","player_choice":"Upgraded","floor":13.0,"gold_loss":0.0,"damage_taken":0.0,"cards_upgraded":["Juggernaut"]},{"damage_healed":0.0,"max_hp_gain":0.0,"max_hp_loss":0.0,"gold_gain":0.0,"event_name":"WeMeetAgain","player_choice":"Gave Potion","floor":29.0,"gold_loss":0.0,"damage_taken":0.0,"relics_obtained":["PreservedInsect"]},{"damage_healed":0.0,"max_hp_gain":0.0,"max_hp_loss":4.0,"gold_gain":0.0,"event_name":"Winding Halls","player_choice":"Max HP","floor":37.0,"gold_loss":0.0,"damage_taken":0.0},{"damage_healed":0.0,"max_hp_gain":0.0,"max_hp_loss":0.0,"gold_gain":0.0,"event_name":"The Woman in Blue","player_choice":"Bought 0 Potions","floor":41.0,"gold_loss":0.0,"damage_taken":0.0}],"is_beta":false,"boss_relics":[{"not_picked":["Empty Cage","Calling Bell"],"picked":"Coffee Dripper"},{"not_picked":["SacredBark","Black Blood"],"picked":"Sozu"}],"items_purged_floors":[3,20,24,36,46],"is_endless":false,"potions_floor_spawned":[4,6,12,14,21,22,28,33,39,40,54],"killed_by":"The Heart","ascension_level":0}}