{"host":"9vk21r6l9dtkpvh9","time":1607759056,"event":{"mods":["2.2 Compatiblity","AchievementEnabler","Act Like it!","Astrologer","Bartender","BaseMod","Better Altar","Better Match","Better Note","Better Sensory Stone","Better Skull","Better Third Choice","CapriCore","CatGirl Mod","Colored Map","Colored Powertips","Conspire","DeckTracker","Downfall","Energized Spire","Fiend Mod","Gensokyo","GifTheSpireLib","Hermit","Hubris","Infinite Spire","Jorbs\u0027s Wanderer Trilogy","Koishi","Luminous","Mad Scientist","Marisa????????","Mimic Mod","Minty Spire (QoL Compilation)","Potionbrewer","Rare Cards Sparkle","Relic Stats","Replay The Spire","SOS???????","Shade Mod","Somnambulant","Spicy Shops","StSLib","SuperFastMode","Td1madao Mod","The Animator","The Construct","The Forsaken","The Gatherer","The Hierophant","The Immortal","The Jungle","The Mystic","The Necromancer","The Runesmith","The Senshi","The Servant 0.9.4","The Trickster","The Valiant","The Wild Card","TheBandit","TheSwordswoman","TheWitcher","vexMod","???Mod??????Boss"],"gold_per_floor":[116,84,84,97,97,126,126,141,165,15,41,56,56,66,66,169,169,181,181,26,38,56,79,95,5,5,19,19,19,19,36,36,134,134,145,155,203,213,213,213,245,245,245,260,275,286,286,296,296,296,296,296,14,14,14],"floor_reached":54,"playtime":3330,"items_purged":["Voices","Strike_C"],"score":681,"play_id":"bc77e41e-f8cd-4352-aff9-688e6af47886","local_time":"20201212024416","is_ascension_mode":false,"campfire_choices":[{"floor":7.0,"key":"REST"},{"floor":13.0,"key":"REST"},{"data":"Machining","floor":15.0,"key":"SMITH"},{"data":"Shockwave Tdmadao","floor":29,"key":"SMITH"},{"data":"Transfer Energy","floor":32,"key":"SMITH"},{"floor":40,"key":"REST"},{"floor":47,"key":"RECALL"},{"floor":49,"key":"REST"},{"data":"Furious","floor":52,"key":"SMITH"}],"circlet_count":0,"master_deck":["Defend_C+1","Defend_C","Defend_C","Defend_C","Knight Kick","Chip","Revenge","Perfect Defend","Fire Blade","De Ware Chip","Sudden Beat","Here Defend Chip","White Contract+1","Resistance","Black Hand","Floating Even","Retrieval Recycling","Shockwave Tdmadao+1","Machining+1","Fire Up","Overclocking","Lunge+1","Sub Weapons","Black Dance","E MP+1","Transfer Energy+1","Snap_Punch","Moon Tear+1","Twin Teeth+1","Recovery Mechanism+1","Furious+1","Provocative+1","Afterwards+1","Preloading+1","E MP"],"relics":["Apod","betterThird:SlimedRelic","ReplayTheSpireMod:Ring of Exchange","MealTicket","Anchor","potionbrewer:BoosterPack","Pear","hubris:RunicObelisk","Bronze Scales","ReplayTheSpireMod:TigerMarble","SlaversCollar","conspire:GiftBox","War Paint","Pocketwatch","Lantern"],"acts_visited":["Exordium","TheCity","TheBeyond","TheEnding"],"potions_floor_usage":[31,33,37,50],"damage_taken":[{"damage":0.0,"enemies":"Small Slimes","floor":1.0,"turns":4.0},{"damage":11.0,"enemies":"Jaw Worm","floor":4.0,"turns":7.0},{"damage":35.0,"enemies":"3 Sentries","floor":6.0,"turns":9.0},{"damage":0.0,"enemies":"conspire:RoseBush","floor":8.0,"turns":1.0},{"damage":27.0,"enemies":"Lagavulin","floor":11.0,"turns":6.0},{"damage":2.0,"enemies":"conspire:2 RoseBushes","floor":12.0,"turns":8.0},{"damage":3.0,"enemies":"Blue Slaver","floor":14.0,"turns":3.0},{"damage":42.0,"enemies":"The Guardian","floor":16.0,"turns":9.0},{"damage":2.0,"enemies":"Shell Parasite","floor":18.0,"turns":5.0},{"damage":0.0,"enemies":"2 Thieves","floor":21.0,"turns":3.0},{"damage":12.0,"enemies":"Centurion and Healer","floor":22.0,"turns":9.0},{"damage":0.0,"enemies":"Snake Plant","floor":24.0,"turns":3.0},{"damage":0.0,"enemies":"conspire:HollyBat","floor":27.0,"turns":7.0},{"damage":13,"enemies":"Centurion and Healer","floor":31,"turns":5},{"damage":28,"enemies":"conspire:MysteriousRune","floor":33,"turns":9},{"damage":15,"enemies":"3 Darklings","floor":35,"turns":6},{"damage":5,"enemies":"3 Shapes","floor":36,"turns":3},{"damage":25,"enemies":"2 Orb Walkers","floor":37,"turns":6},{"damage":6,"enemies":"Jaw Worm Horde","floor":38,"turns":4},{"damage":8,"enemies":"Reptomancer","floor":41,"turns":6},{"damage":13,"enemies":"Writhing Mass","floor":44,"turns":5},{"damage":0,"enemies":"Maw","floor":45,"turns":6},{"damage":5,"enemies":"4 Shapes","floor":46,"turns":2},{"damage":32,"enemies":"Transient","floor":48,"turns":5},{"damage":49,"enemies":"conspire:OrnateMirror","floor":50,"turns":8},{"damage":0,"enemies":"Shield and Spear","floor":54,"turns":1}],"seed_played":"-5751604501706974451","potions_obtained":[{"floor":1.0,"key":"Elixir"},{"floor":6.0,"key":"SteroidPotion"},{"floor":8.0,"key":"Dexterity Potion"},{"floor":14.0,"key":"SpeedPotion"},{"floor":21.0,"key":"PowerPotion"},{"floor":22.0,"key":"Adrenaline Potion"},{"floor":36,"key":"FairyPotion"},{"floor":41,"key":"LiquidBronze"},{"floor":45,"key":"AttackPotion"},{"floor":46,"key":"Regen Potion"}],"is_trial":false,"path_per_floor":["M","?","?","M","?","E","R","M","T","$","E","M","R","M","R","B",null,"M","?","$","M","M","T","M","?","T","M","AVR","R","?","M","R","B",null,"M","M","?","M","?","R","E","?","T","M","M","M","R","M","R_BF","B",null,"R","$","E"],"character_chosen":"TD1MADAO_CLASS","items_purchased":["potionbrewer:BoosterPack","Bronze Scales","Lantern","SpeedPotion","Dexterity Potion"],"campfire_rested":4,"item_purchase_floors":[10,20,53,53,53],"current_hp_per_floor":[70,59,59,48,48,13,34,34,34,49,32,30,54,51,51,9,80,78,78,80,80,68,68,68,68,68,68,68,68,68,55,55,27,80,65,60,35,29,29,53,45,45,45,32,32,27,27,24,48,14,80,80,80,80,80],"gold":14,"neow_bonus":"THREE_CARDS","is_daily":false,"chose_seed":false,"campfire_upgraded":4,"win_rate":0.0,"timestamp":1607759056,"path_taken":["M","?","?","M","?","E","R","M","T","$","E","M","R","M","R","BOSS","M","?","$","M","M","?","?","?","T","M","AVR","R","?","M","R","BOSS","M","M","?","M","?","R","E","?","T","M","M","?","R","M","R_BF","BOSS","R","$","E"],"items_purchased_type":["Relic","Relic","Relic","Potion","Potion"],"build_version":"2020-11-30","purchased_purges":2,"victory":false,"max_hp_per_floor":[70,70,70,70,70,70,70,70,70,70,80,80,80,80,80,80,80,80,80,80,80,80,80,80,80,80,80,80,80,80,80,80,80,80,80,80,80,80,80,80,80,80,80,80,80,80,80,80,80,80,80,80,80,80,80],"relic_stats":{"counters":[25,137],"Bronze Scales":[214],"MealTicket":17,"War Paint":["Defend_C","Moon Tear"],"obtain_stats":[{"ReplayTheSpireMod:Ring of Exchange":5,"Lantern":53,"Pear":11,"hubris:RunicObelisk":17,"War Paint":41,"SlaversCollar":34,"Anchor":9,"conspire:GiftBox":37,"potionbrewer:BoosterPack":10,"betterThird:SlimedRelic":2,"Bronze Scales":20,"MealTicket":6,"ReplayTheSpireMod:TigerMarble":23,"Apod":0,"Pocketwatch":43},{"ReplayTheSpireMod:Ring of Exchange":2,"Lantern":25,"Pear":5,"hubris:RunicObelisk":8,"War Paint":20,"SlaversCollar":15,"Anchor":4,"conspire:GiftBox":18,"potionbrewer:BoosterPack":4,"betterThird:SlimedRelic":1,"Bronze Scales":9,"MealTicket":3,"ReplayTheSpireMod:TigerMarble":11,"Apod":0,"Pocketwatch":20},{"ReplayTheSpireMod:Ring of Exchange":11,"Lantern":137,"Pear":27,"hubris:RunicObelisk":47,"War Paint":111,"SlaversCollar":87,"Anchor":21,"conspire:GiftBox":101,"potionbrewer:BoosterPack":21,"betterThird:SlimedRelic":4,"Bronze Scales":52,"MealTicket":20,"ReplayTheSpireMod:TigerMarble":64,"Apod":0,"Pocketwatch":111}],"Pocketwatch":[2]},"card_choices":[{"not_picked":["Oblique Hack","Cursed Blade"],"picked":"Revenge","floor":0.0},{"not_picked":["Thunder Jump","Load Balancing"],"picked":"Perfect Defend","floor":1.0},{"not_picked":["Light Attack","Floating Even"],"picked":"Fire Blade","floor":4.0},{"not_picked":["Three Hit","Money Cant Rescue"],"picked":"De Ware Chip","floor":6.0},{"not_picked":["De Ware Chip","Three Hit"],"picked":"Sudden Beat","floor":8.0},{"not_picked":["Coercion","Format All Data"],"picked":"Shockwave Tdmadao","floor":11.0},{"not_picked":["Coercion","Here Defend Chip"],"picked":"Machining","floor":12.0},{"not_picked":["Rupture","Floating Swing Kick"],"picked":"Fire Up","floor":14.0},{"not_picked":["Bursts","Shockwave Tdmadao"],"picked":"Overclocking","floor":16.0},{"not_picked":["Energy Supply","Floating Swing Kick"],"picked":"Lunge+1","floor":18.0},{"not_picked":["Cooling Song","Sub Weapons"],"picked":"Black Dance","floor":21.0},{"not_picked":["Thunder Jump","Lore+1"],"picked":"E MP+1","floor":22.0},{"not_picked":["Oblique Hack","Lunge","Preloading"],"picked":"SKIP","floor":24.0},{"not_picked":["Lunge","Paralysis"],"picked":"Transfer Energy","floor":27.0},{"not_picked":["Perfect Defend","Sudden Beat","Rupture"],"picked":"SKIP","floor":31},{"not_picked":["Black Warm Hole","Retrieval Recycling"],"picked":"Moon Tear","floor":33},{"not_picked":["Fire Up","Fire Blade+1"],"picked":"Twin Teeth+1","floor":35},{"not_picked":["Coercion+1","Sudden Beat"],"picked":"Recovery Mechanism+1","floor":36},{"not_picked":["Optimization","Shockwave Tdmadao"],"picked":"Furious","floor":37},{"not_picked":["Black Dance+1","Rupture"],"picked":"Provocative+1","floor":37},{"not_picked":["Cooling Song+1","Oblique Hack+1"],"picked":"Afterwards+1","floor":38},{"not_picked":["Reinforcement Parts","Twin Teeth"],"picked":"Preloading+1","floor":41},{"not_picked":["Twin Teeth+1","Black Dance","Oblique Hack+1"],"picked":"SKIP","floor":44},{"not_picked":["Weapon Shift","Lunge+1","Chip Synthesis"],"picked":"SKIP","floor":45},{"not_picked":["White Contract+1","Provocative+1","Oblique Hack"],"picked":"SKIP","floor":46},{"not_picked":["Here Defend Chip+1","Black Shadow+1","Rupture+1"],"picked":"SKIP","floor":48}],"player_experience":565958,"relics_obtained":[{"floor":5.0,"key":"ReplayTheSpireMod:Ring of Exchange"},{"floor":6.0,"key":"MealTicket"},{"floor":9.0,"key":"Anchor"},{"floor":11.0,"key":"Pear"},{"floor":23.0,"key":"ReplayTheSpireMod:TigerMarble"},{"floor":37,"key":"conspire:GiftBox"},{"floor":41,"key":"War Paint"},{"floor":43,"key":"Pocketwatch"}],"event_choices":[{"damage_healed":0.0,"max_hp_gain":0.0,"max_hp_loss":0.0,"gold_gain":0.0,"event_name":"betterThird:BetterGoop","player_choice":"Slimed","floor":2.0,"gold_loss":32.0,"damage_taken":11.0},{"damage_healed":0.0,"max_hp_gain":0.0,"max_hp_loss":0.0,"gold_gain":0.0,"event_name":"betterThird:BetterSerpent","player_choice":"Ignored","floor":3.0,"gold_loss":0.0,"damage_taken":84.0},{"damage_healed":0.0,"max_hp_gain":0.0,"max_hp_loss":0.0,"gold_gain":0.0,"cards_transformed":["Strike_C"],"event_name":"Transmorgrifier","player_choice":"Transformed","floor":19.0,"gold_loss":0.0,"damage_taken":0.0,"cards_obtained":["Sub Weapons"]},{"cards_removed":["Strike_C"],"damage_healed":0.0,"max_hp_gain":0.0,"max_hp_loss":0.0,"gold_gain":0.0,"event_name":"Designer","player_choice":"Upgrade and Remove","floor":25.0,"gold_loss":90.0,"damage_taken":0.0,"cards_upgraded":["White Contract"]},{"cards_removed":["Shockwave Tdmadao"],"damage_healed":0,"gold_gain":0,"player_choice":"Take \u0026 Give","damage_taken":0,"max_hp_gain":0,"max_hp_loss":0,"event_name":"betterNote:BetterNote","floor":30,"gold_loss":0,"cards_obtained":["Snap_Punch"]},{"damage_healed":0,"gold_gain":0,"player_choice":"Fight","damage_taken":0,"max_hp_gain":0,"max_hp_loss":0,"event_name":"Mysterious Sphere","floor":37,"gold_loss":0},{"damage_healed":0,"gold_gain":0,"cards_transformed":["Strike_C"],"player_choice":"Transformed","damage_taken":0,"max_hp_gain":0,"max_hp_loss":0,"event_name":"Transmorgrifier","floor":42,"gold_loss":0,"cards_obtained":["E MP"]}],"is_beta":false,"boss_relics":[{"not_picked":["Black Star","Calling Bell"],"picked":"hubris:RunicObelisk"},{"not_picked":["Silver_Glasses","vexMod:PaidLearning"],"picked":"SlaversCollar"}],"items_purged_floors":[10,28],"is_endless":false,"potions_floor_spawned":[1,6,8,14,21,22,24,36,41,45,46],"killed_by":"Shield and Spear","ascension_level":0}}