{"host":"4qkvkh7pd9qr2mca","time":1607784247,"event":{"mods":["AchievementEnabler","BaseMod","Colored Map","Colored Powertips","Highlight Path","Minty Spire (QoL Compilation)","Permanent Neow","Quick Restart","StSLib","SuperFastMode"],"gold_per_floor":[118,130,0,10,28,47,47,64,64,93,104,104,104,29,29,106,106,125,50,50,31,31,31],"floor_reached":22,"playtime":804,"items_purged":["Strike_G"],"score":376,"play_id":"39f23cbc-4f08-40b8-81c4-00b6a0f32fea","local_time":"20201212154407","is_ascension_mode":true,"campfire_choices":[{"data":"Well Laid Plans","floor":7,"key":"SMITH"},{"data":"Neutralize","floor":13,"key":"SMITH"},{"data":"Noxious Fumes","floor":15,"key":"SMITH"}],"circlet_count":0,"master_deck":["AscendersBane","Strike_G","Strike_G","Strike_G","Defend_G","Defend_G","Defend_G","Defend_G","Defend_G","Survivor","Neutralize+1","Noxious Fumes+1","Dagger Throw","Well Laid Plans+1","All Out Attack","Tactician","Deadly Poison","Noxious Fumes","Deflect","Malaise","Writhe","Catalyst"],"relics":["Ring of the Snake","Incense Burner","Boot","Darkstone Periapt","HoveringKite","Tiny Chest"],"acts_visited":["Exordium","TheCity"],"potions_floor_usage":[5,10,16,16],"damage_taken":[{"damage":0,"enemies":"2 Louse","floor":1,"turns":4},{"damage":4,"enemies":"Small Slimes","floor":2,"turns":5},{"damage":2,"enemies":"Jaw Worm","floor":4,"turns":5},{"damage":2,"enemies":"2 Fungi Beasts","floor":5,"turns":4},{"damage":13,"enemies":"Large Slime","floor":6,"turns":8},{"damage":13,"enemies":"Blue Slaver","floor":8,"turns":4},{"damage":6,"enemies":"Lagavulin","floor":10,"turns":8},{"damage":4,"enemies":"Looter","floor":11,"turns":4},{"damage":2,"enemies":"The Guardian","floor":16,"turns":9},{"damage":23,"enemies":"3 Byrds","floor":18,"turns":5},{"damage":22,"enemies":"2 Thieves","floor":21,"turns":4},{"damage":0,"enemies":"Centurion and Healer","floor":22,"turns":2}],"seed_played":"-1155545295037981233","potions_obtained":[{"floor":1,"key":"Ancient Potion"},{"floor":6,"key":"CunningPotion"},{"floor":8,"key":"Dexterity Potion"},{"floor":10,"key":"BlessingOfTheForge"},{"floor":21,"key":"DuplicationPotion"}],"is_trial":false,"path_per_floor":["M","M","$","M","M","M","R","M","T","E","M","?","R","$","R","B",null,"M","?","?","M","M"],"character_chosen":"THE_SILENT","items_purchased":["Well Laid Plans","All Out Attack"],"campfire_rested":0,"item_purchase_floors":[3,3],"current_hp_per_floor":[59,55,55,53,51,38,38,25,25,19,15,35,35,35,35,33,53,30,30,36,14,14,14],"gold":31,"neow_bonus":"ONE_RARE_RELIC","is_daily":false,"chose_seed":false,"campfire_upgraded":3,"win_rate":0.0,"timestamp":1607784247,"path_taken":["M","M","$","M","M","M","R","M","T","E","M","?","R","$","R","BOSS","M","?","?","M","M"],"items_purchased_type":["Card","Card"],"build_version":"2020-11-30","purchased_purges":1,"victory":false,"max_hp_per_floor":[60,60,60,60,60,60,60,60,60,60,60,60,60,60,60,60,60,60,60,66,66,66,66],"card_choices":[{"not_picked":["Catalyst","Setup"],"picked":"Noxious Fumes","floor":1},{"not_picked":["Reflex","Dodge and Roll"],"picked":"Dagger Throw","floor":2},{"not_picked":["Cloak And Dagger","Poisoned Stab"],"picked":"Tactician","floor":4},{"not_picked":["Prepared","Underhanded Strike"],"picked":"Deadly Poison","floor":5},{"not_picked":["Flying Knee","Outmaneuver","Masterful Stab"],"picked":"SKIP","floor":6},{"not_picked":["Skewer","Eviscerate","Cloak And Dagger"],"picked":"SKIP","floor":8},{"not_picked":["Dagger Spray","Concentrate"],"picked":"Noxious Fumes","floor":10},{"not_picked":["Slice","Riddle With Holes"],"picked":"Deflect","floor":11},{"not_picked":["Adrenaline","Bullet Time"],"picked":"Malaise","floor":16},{"not_picked":["Dagger Throw","Choke","Heel Hook"],"picked":"SKIP","floor":18},{"not_picked":["All Out Attack","Deadly Poison"],"picked":"Catalyst","floor":21}],"player_experience":301152,"relics_obtained":[{"floor":9,"key":"Boot"},{"floor":10,"key":"Darkstone Periapt"}],"event_choices":[{"damage_healed":20,"gold_gain":0,"player_choice":"Banana","damage_taken":0,"max_hp_gain":0,"max_hp_loss":0,"event_name":"Big Fish","floor":12,"gold_loss":0},{"cards_removed":["Strike_G"],"damage_healed":0,"gold_gain":0,"player_choice":"Gave Gold","damage_taken":0,"max_hp_gain":0,"max_hp_loss":0,"event_name":"Beggar","floor":19,"gold_loss":75},{"damage_healed":0,"gold_gain":0,"player_choice":"Opened","damage_taken":0,"relics_obtained":["Tiny Chest"],"max_hp_gain":0,"max_hp_loss":0,"event_name":"The Mausoleum","floor":20,"gold_loss":0,"cards_obtained":["Writhe"]}],"is_beta":false,"boss_relics":[{"not_picked":["Astrolabe","Fusion Hammer"],"picked":"HoveringKite"}],"items_purged_floors":[],"is_endless":false,"potions_floor_spawned":[],"killed_by":"Centurion and Healer","ascension_level":20}}