{"host":"ja297la2wpvv1dvv","time":1607759466,"event":{"mods":["AchievementEnabler","BaseMod","Colored Map","Minty Spire (QoL Compilation)"],"gold_per_floor":[117,136,153,171,15,15,40,60,83,98,98,108,108,183,183,280,280,300,300,310,326,326,326,337,337,337,18,36,66,3,26,38,148,160,187,199,211,240,271,316,328,352,364,403,415,439,0,17,17,17],"floor_reached":51,"playtime":7441,"items_purged":["Regret","Defend_G+1"],"score":708,"play_id":"44216924-5448-4bd1-8821-d7471f44032d","local_time":"20201212015105","is_ascension_mode":false,"campfire_choices":[{"floor":6,"key":"REST"},{"floor":15,"key":"REST"},{"floor":23,"key":"REST"},{"floor":32,"key":"REST"},{"data":"Venomology","floor":41,"key":"SMITH"},{"floor":45,"key":"REST"},{"data":"Phantasmal Killer","floor":49,"key":"SMITH"}],"circlet_count":0,"master_deck":["Strike_G+1","Strike_G+1","Defend_G+1","Defend_G+1","Defend_G+1","Survivor","Neutralize","Quick Slash","Prepared+1","Sucker Punch","Dagger Spray","Bouncing Flask","PiercingWail","Escape Plan","A Thousand Cuts+1","Venomology+1","Caltrops+1","Burning Pact","Heel Hook","Backflip","Noxious Fumes+1","Dagger Spray+1","Deflect+1","Quick Slash+1","After Image+1","Dodge and Roll+1","Phantasmal Killer+1","Blade Dance+1","Deflect+1","Flying Knee","All Out Attack","Deadly Poison+1","Eviscerate+1","Infinite Blades+1","Escape Plan","Deadly Poison"],"relics":["Ring of the Snake","TwistedFunnel","Frozen Egg 2","Toy Ornithopter","Regal Pillow","HoveringKite","Bottled Lightning","Mummified Hand","MawBank","SacredBark","PreservedInsect","Ornamental Fan","HornCleat","War Paint"],"acts_visited":["Exordium","TheCity","TheBeyond"],"potions_floor_usage":[7,18,20,24,29,29,33,33,33,38,40,42,44,44,46,48,50,50,50],"damage_taken":[{"damage":0,"enemies":"Cultist","floor":1,"turns":4},{"damage":0,"enemies":"Small Slimes","floor":2,"turns":3},{"damage":0,"enemies":"Jaw Worm","floor":3,"turns":3},{"damage":9,"enemies":"Lots of Slimes","floor":4,"turns":6},{"damage":2,"enemies":"Gremlin Nob","floor":7,"turns":4},{"damage":8,"enemies":"Exordium Thugs","floor":8,"turns":4},{"damage":4,"enemies":"Blue Slaver","floor":10,"turns":4},{"damage":5,"enemies":"Large Slime","floor":12,"turns":6},{"damage":52,"enemies":"Hexaghost","floor":16,"turns":8},{"damage":10,"enemies":"Chosen","floor":18,"turns":5},{"damage":22,"enemies":"2 Thieves","floor":20,"turns":4},{"damage":10,"enemies":"3 Cultists","floor":21,"turns":3},{"damage":28,"enemies":"Cultist and Chosen","floor":24,"turns":5},{"damage":9,"enemies":"Snake Plant","floor":28,"turns":4},{"damage":15,"enemies":"Slavers","floor":29,"turns":3},{"damage":0,"enemies":"3 Cultists","floor":31,"turns":3},{"damage":45,"enemies":"Collector","floor":33,"turns":7},{"damage":6,"enemies":"3 Shapes","floor":35,"turns":3},{"damage":0,"enemies":"Orb Walker","floor":38,"turns":3},{"damage":0,"enemies":"Writhing Mass","floor":39,"turns":6},{"damage":31,"enemies":"Giant Head","floor":40,"turns":8},{"damage":13,"enemies":"Sphere and 2 Shapes","floor":42,"turns":4},{"damage":7,"enemies":"Nemesis","floor":44,"turns":5},{"damage":2,"enemies":"Jaw Worm Horde","floor":46,"turns":3},{"damage":11,"enemies":"Transient","floor":48,"turns":5},{"damage":83,"enemies":"Time Eater","floor":50,"turns":10}],"seed_played":"-5458389876454473474","potions_obtained":[{"floor":2,"key":"Poison Potion"},{"floor":4,"key":"SteroidPotion"},{"floor":12,"key":"BlessingOfTheForge"},{"floor":16,"key":"BlessingOfTheForge"},{"floor":21,"key":"CultistPotion"},{"floor":22,"key":"FairyPotion"},{"floor":22,"key":"Fruit Juice"},{"floor":31,"key":"PowerPotion"},{"floor":33,"key":"Fire Potion"},{"floor":42,"key":"Poison Potion"},{"floor":48,"key":"Weak Potion"}],"is_trial":false,"path_per_floor":["M","M","M","M","$","R","E","M","T","M","?","M","?","?","R","B",null,"M","?","M","M","?","R","M","?","T","$","M","E","?","M","R","B",null,"M","?","?","M","M","E","R","M","T","E","R","M","$","M","R","B",null],"character_chosen":"THE_SILENT","items_purchased":["TwistedFunnel","Mummified Hand","Infinite Blades+1","War Paint","Escape Plan","Explosive Potion"],"campfire_rested":5,"item_purchase_floors":[5,27,47,47,47,47],"current_hp_per_floor":[49,49,49,40,40,61,59,51,51,47,47,42,59,48,70,18,70,60,60,43,33,33,69,47,47,47,47,38,33,33,33,69,36,72,66,66,66,71,71,41,41,33,33,36,72,72,72,61,61,43],"gold":17,"neow_bonus":"REMOVE_TWO","is_daily":false,"chose_seed":false,"campfire_upgraded":2,"win_rate":0.0,"timestamp":1607759465,"path_taken":["M","M","M","?","?","R","E","M","T","M","?","M","?","?","R","BOSS","M","?","?","M","?","R","?","?","T","$","M","E","?","M","R","BOSS","M","?","?","?","M","E","R","M","T","E","R","M","$","M","R","BOSS"],"items_purchased_type":["Relic","Relic","Card","Relic","Card","Potion"],"build_version":"2020-11-30","purchased_purges":2,"victory":true,"max_hp_per_floor":[70,70,70,70,70,70,70,70,70,70,70,70,70,70,70,70,70,70,70,70,70,70,70,75,75,75,75,75,75,72,72,72,72,72,72,72,72,72,72,72,72,72,72,72,72,72,72,72,72,72],"card_choices":[{"not_picked":["Acrobatics","Masterful Stab"],"picked":"Quick Slash","floor":1},{"not_picked":["Slice","Sucker Punch"],"picked":"Prepared","floor":2},{"not_picked":["Slice","Eviscerate"],"picked":"Sucker Punch","floor":3},{"not_picked":["Tactician","Well Laid Plans"],"picked":"Dagger Spray","floor":4},{"not_picked":["Backflip","Deflect"],"picked":"Bouncing Flask","floor":7},{"not_picked":["Skewer","Slice"],"picked":"PiercingWail","floor":8},{"not_picked":["Choke","Deflect"],"picked":"Escape Plan","floor":10},{"not_picked":["Flying Knee","Finisher"],"picked":"A Thousand Cuts+1","floor":12},{"not_picked":["Wraith Form v2+1","Unload"],"picked":"Venomology","floor":16},{"not_picked":["Deadly Poison","Poisoned Stab"],"picked":"Caltrops+1","floor":18},{"not_picked":["Sucker Punch","Poisoned Stab"],"picked":"Heel Hook","floor":20},{"not_picked":["Poisoned Stab","Calculated Gamble"],"picked":"Backflip","floor":21},{"not_picked":["Prepared","Underhanded Strike"],"picked":"Noxious Fumes+1","floor":24},{"not_picked":["Eviscerate+1","Outmaneuver+1"],"picked":"Dagger Spray+1","floor":28},{"not_picked":["Underhanded Strike","Blade Dance"],"picked":"Deflect+1","floor":29},{"not_picked":["Sucker Punch","Deflect"],"picked":"Quick Slash+1","floor":31},{"not_picked":["Doppelganger","Wraith Form v2+1"],"picked":"After Image+1","floor":33},{"not_picked":["Deflect+1","Leg Sweep+1"],"picked":"Dodge and Roll+1","floor":35},{"not_picked":["Quick Slash+1","Predator"],"picked":"Blade Dance+1","floor":38},{"not_picked":["Distraction","Bouncing Flask"],"picked":"Deflect+1","floor":39},{"not_picked":["Acrobatics+1","Expertise"],"picked":"Flying Knee","floor":40},{"not_picked":["Expertise","Glass Knife"],"picked":"All Out Attack","floor":42},{"not_picked":["Choke+1","Calculated Gamble"],"picked":"Deadly Poison","floor":44},{"not_picked":["Dagger Spray+1","Backflip"],"picked":"Eviscerate+1","floor":46},{"not_picked":["Sucker Punch+1","Bouncing Flask"],"picked":"Deadly Poison","floor":48}],"player_experience":129518,"relics_obtained":[{"floor":7,"key":"Frozen Egg 2"},{"floor":9,"key":"Toy Ornithopter"},{"floor":26,"key":"Bottled Lightning"},{"floor":29,"key":"MawBank"},{"floor":40,"key":"PreservedInsect"},{"floor":43,"key":"Ornamental Fan"},{"floor":44,"key":"HornCleat"}],"event_choices":[{"damage_healed":0,"gold_gain":0,"player_choice":"Box","damage_taken":0,"relics_obtained":["Regal Pillow"],"max_hp_gain":0,"max_hp_loss":0,"event_name":"Big Fish","floor":11,"gold_loss":0,"cards_obtained":["Regret"]},{"damage_healed":17,"gold_gain":0,"player_choice":"Healed and dodged fight","damage_taken":0,"max_hp_gain":0,"max_hp_loss":0,"event_name":"Mushrooms","floor":13,"gold_loss":0,"cards_obtained":["Parasite"]},{"damage_healed":0,"gold_gain":75,"player_choice":"Gather Gold","damage_taken":11,"max_hp_gain":0,"max_hp_loss":0,"event_name":"World of Goop","floor":14,"gold_loss":0},{"cards_removed":["Strike_G"],"damage_healed":0,"gold_gain":0,"player_choice":"Took Card","damage_taken":0,"max_hp_gain":0,"max_hp_loss":0,"event_name":"NoteForYourself","floor":19,"gold_loss":0,"cards_obtained":["Burning Pact"]},{"damage_healed":0,"gold_gain":0,"player_choice":"Got Potions","damage_taken":0,"max_hp_gain":0,"max_hp_loss":0,"event_name":"Lab","floor":22,"gold_loss":0},{"damage_healed":0,"gold_gain":0,"player_choice":"Simplicity","damage_taken":0,"max_hp_gain":0,"max_hp_loss":0,"event_name":"Back to Basics","floor":25,"gold_loss":0,"cards_upgraded":["Strike_G","Strike_G","Strike_G","Defend_G","Defend_G","Defend_G","Defend_G"]},{"cards_removed":["Parasite"],"damage_healed":0,"gold_gain":0,"player_choice":"Gave Gold","damage_taken":0,"max_hp_gain":0,"max_hp_loss":0,"event_name":"Beggar","floor":30,"gold_loss":75},{"damage_healed":0,"gold_gain":0,"player_choice":"Ignored","damage_taken":0,"max_hp_gain":0,"max_hp_loss":0,"event_name":"Tomb of Lord Red Mask","floor":36,"gold_loss":0},{"damage_healed":0,"gold_gain":0,"cards_transformed":["Strike_G"],"player_choice":"Transformed","damage_taken":0,"max_hp_gain":0,"max_hp_loss":0,"event_name":"Transmorgrifier","floor":37,"gold_loss":0,"cards_obtained":["Phantasmal Killer"]}],"is_beta":false,"boss_relics":[{"not_picked":["Philosopher\u0027s Stone","Empty Cage"],"picked":"HoveringKite"},{"not_picked":["Fusion Hammer","Busted Crown"],"picked":"SacredBark"}],"items_purged_floors":[27,47],"is_endless":false,"potions_floor_spawned":[2,4,12,16,21,28,31,33,38,42,48],"ascension_level":0}}