{"host":"h0xw20cia6ppa69g","time":1607766311,"event":{"mods":["AchievementEnabler","BaseMod","Colored Map","Googly Eyes","Minty Spire (QoL Compilation)","Relic Stats","StSLib","The Awakened One except there are too many feathers","everything is the same but u backflip on backflip"],"gold_per_floor":[112,131,147,147,161,161,173,173,199,199,199,243,262,187,187,300,300,326,251,251,268,65,65,108,108,133,48,48,48,48,48,48,157,157,181,181,197,197,208,248,248,291,291,327,327,349,391,413,413,413,413,413,17,54,54,54],"floor_reached":55,"playtime":1984,"items_purged":["Decay","Strike_R","Strike_R"],"score":841,"play_id":"54d73245-6a62-4081-869d-9bb6841e6b5f","local_time":"20201212034511","is_ascension_mode":true,"campfire_choices":[{"data":"Searing Blow","floor":6,"key":"SMITH"},{"data":"Searing Blow+1","floor":8,"key":"SMITH"},{"data":"Searing Blow+2","floor":10,"key":"SMITH"},{"data":"Searing Blow+3","floor":15,"key":"SMITH"},{"data":"Searing Blow+4","floor":23,"key":"SMITH"},{"data":"Searing Blow+5","floor":25,"key":"SMITH"},{"data":"Searing Blow+6","floor":29,"key":"SMITH"},{"data":"Searing Blow+7","floor":32,"key":"SMITH"},{"floor":41,"key":"RECALL"},{"data":"Searing Blow+8","floor":45,"key":"SMITH"},{"data":"Searing Blow+9","floor":49,"key":"SMITH"},{"data":"Searing Blow+10","floor":52,"key":"SMITH"}],"circlet_count":0,"master_deck":["Strike_R","Strike_R","Defend_R","Defend_R","Defend_R","Defend_R","Bash","Magnetism","Cleave","Searing Blow+11","Headbutt","Metallicize","Armaments","Immolate","Inflame","Shrug It Off","Disarm","Bludgeon","Bludgeon","Power Through+1","Impervious","Battle Trance","Armaments","Armaments","Second Wind","Flame Barrier+1","Burning Pact","Impervious","Evolve+1"],"relics":["Burning Blood","Akabeko","Meat on the Bone","CeramicFish","Snecko Eye","Kunai","MealTicket","Tiny Chest","Mummified Hand","Coffee Dripper","Self Forming Clay","Shovel","Eternal Feather","Letter Opener","The Courier","Anchor","TheAbacus","Blue Candle"],"acts_visited":["Exordium","TheCity","TheBeyond","TheEnding"],"potions_floor_usage":[12,24,40,55,55,55],"damage_taken":[{"damage":0.0,"enemies":"2 Louse","floor":1.0,"turns":3.0},{"damage":1.0,"enemies":"Cultist","floor":2.0,"turns":3.0},{"damage":6.0,"enemies":"Jaw Worm","floor":3.0,"turns":3.0},{"damage":14.0,"enemies":"Exordium Wildlife","floor":5.0,"turns":3.0},{"damage":16,"enemies":"Blue Slaver","floor":7,"turns":3},{"damage":15,"enemies":"Lagavulin","floor":12,"turns":7},{"damage":1,"enemies":"Large Slime","floor":13,"turns":5},{"damage":28,"enemies":"Slime Boss","floor":16,"turns":9},{"damage":9,"enemies":"Shell Parasite","floor":18,"turns":3},{"damage":0,"enemies":"2 Thieves","floor":21,"turns":2},{"damage":42,"enemies":"Slavers","floor":24,"turns":3},{"damage":21,"enemies":"Collector","floor":33,"turns":4},{"damage":0,"enemies":"Orb Walker","floor":35,"turns":1},{"damage":20,"enemies":"3 Darklings","floor":37,"turns":5},{"damage":23,"enemies":"Maw","floor":39,"turns":7},{"damage":19,"enemies":"Reptomancer","floor":40,"turns":5},{"damage":14,"enemies":"Nemesis","floor":42,"turns":5},{"damage":0,"enemies":"Reptomancer","floor":44,"turns":3},{"damage":0,"enemies":"Sphere and 2 Shapes","floor":46,"turns":2},{"damage":7,"enemies":"Giant Head","floor":47,"turns":6},{"damage":0,"enemies":"4 Shapes","floor":48,"turns":4},{"damage":20,"enemies":"Awakened One","floor":50,"turns":10},{"damage":42,"enemies":"Shield and Spear","floor":54,"turns":6},{"damage":60,"enemies":"The Heart","floor":55,"turns":5}],"seed_played":"-3164981052386761303","potions_obtained":[{"floor":1.0,"key":"HeartOfIron"},{"floor":3.0,"key":"Block Potion"},{"floor":12,"key":"Strength Potion"},{"floor":21,"key":"GamblersBrew"},{"floor":35,"key":"DistilledChaos"},{"floor":47,"key":"Regen Potion"},{"floor":48,"key":"Ancient Potion"}],"is_trial":false,"path_per_floor":["M","M","M","?","M","R","M","R","T","R","T","E","M","$","R","B",null,"M","?","T","M","$","R","E","R","T","?","?","R","$","T","R","B",null,"M","T","M","?","M","E","R","E","T","E","R","M","E","M","R","B",null,"R","$","E","B"],"character_chosen":"IRONCLAD","items_purchased":["Shrug It Off","Disarm","Burning Pact","Impervious","TheAbacus"],"campfire_rested":0,"item_purchase_floors":[22,22,53,53,53],"current_hp_per_floor":[72,72,72,72,64,64,54,54,54,54,54,45,50,50,50,40,72,69,69,69,72,72,72,48,48,48,48,48,48,63,63,63,48,72,72,72,58,58,53,52,52,44,44,50,62,68,67,72,72,58,72,72,72,48,0,0],"gold":54,"neow_bonus":"RANDOM_COLORLESS_2","is_daily":false,"chose_seed":false,"campfire_upgraded":11,"win_rate":0.0,"timestamp":1607766311,"path_taken":["M","M","M","?","?","R","M","R","T","R","?","E","M","$","R","BOSS","M","?","?","M","?","R","E","R","T","?","?","R","$","?","R","BOSS","M","?","M","?","M","E","R","E","T","E","R","?","E","M","R","BOSS","R","$","E","BOSS"],"items_purchased_type":["Card","Card","Card","Card","Relic"],"build_version":"2020-11-30","purchased_purges":3,"victory":false,"max_hp_per_floor":[72,72,72,72,72,72,72,72,72,72,72,72,72,72,72,72,72,72,72,72,72,72,72,72,72,72,72,72,72,72,72,72,72,72,72,72,72,72,72,72,72,72,72,72,72,72,72,72,72,72,72,72,72,72,72,72],"relic_stats":{"counters":[24,107],"Self Forming Clay":[72],"CeramicFish":162,"Blue Candle":[0],"Eternal Feather":12,"Letter Opener":[80],"Burning Blood":117,"Shovel":0,"TheAbacus":[12],"Mummified Hand":[68],"Snecko Eye":[124,126,125,146],"MealTicket":15,"Tiny Chest":1,"Kunai":[18],"obtain_stats":[{"Self Forming Clay":36,"CeramicFish":12,"Blue Candle":54,"Eternal Feather":42,"The Courier":44,"Letter Opener":43,"Burning Blood":0,"Akabeko":9,"Anchor":47,"Shovel":40,"TheAbacus":53,"Mummified Hand":27,"Snecko Eye":17,"MealTicket":24,"Tiny Chest":26,"Coffee Dripper":34,"Kunai":20,"Meat on the Bone":11},{"Self Forming Clay":13,"CeramicFish":6,"Blue Candle":23,"Eternal Feather":17,"The Courier":18,"Letter Opener":17,"Burning Blood":0,"Akabeko":5,"Anchor":20,"Shovel":16,"TheAbacus":22,"Mummified Hand":11,"Snecko Eye":8,"MealTicket":11,"Tiny Chest":11,"Coffee Dripper":12,"Kunai":9,"Meat on the Bone":5},{"Self Forming Clay":49,"CeramicFish":22,"Blue Candle":102,"Eternal Feather":71,"The Courier":74,"Letter Opener":71,"Burning Blood":0,"Akabeko":15,"Anchor":82,"Shovel":66,"TheAbacus":96,"Mummified Hand":44,"Snecko Eye":36,"MealTicket":44,"Tiny Chest":44,"Coffee Dripper":48,"Kunai":39,"Meat on the Bone":15}],"Meat on the Bone":60},"card_choices":[{"not_picked":["Violence","Secret Weapon"],"picked":"Magnetism","floor":0.0},{"not_picked":["Power Through","Flame Barrier"],"picked":"Cleave","floor":1.0},{"not_picked":["Reckless Charge","Wild Strike"],"picked":"Searing Blow","floor":2.0},{"not_picked":["Sword Boomerang","Sever Soul"],"picked":"Headbutt","floor":3.0},{"not_picked":["Clash","Clothesline","Cleave"],"picked":"SKIP","floor":5},{"not_picked":["Flex","Clothesline","Sever Soul"],"picked":"SKIP","floor":7},{"not_picked":["Carnage","Havoc"],"picked":"Metallicize","floor":12},{"not_picked":["Perfected Strike","Rampage"],"picked":"Armaments","floor":13},{"not_picked":["Fiend Fire","Demon Form"],"picked":"Immolate","floor":16},{"not_picked":["Havoc+1","Heavy Blade"],"picked":"Inflame","floor":18},{"not_picked":["Clash","Perfected Strike","Twin Strike"],"picked":"SKIP","floor":21},{"not_picked":["Evolve+1","Clothesline"],"picked":"Bludgeon","floor":24},{"not_picked":["Berserk","Juggernaut"],"picked":"Bludgeon","floor":33},{"not_picked":["Headbutt+1","Bloodletting+1"],"picked":"Power Through+1","floor":35},{"not_picked":["Twin Strike+1","Wild Strike+1","Clash"],"picked":"SKIP","floor":37},{"not_picked":["Blood for Blood+1","Clash+1","Headbutt"],"picked":"SKIP","floor":39},{"not_picked":["Clash+1","Disarm"],"picked":"Impervious","floor":40},{"not_picked":["Havoc","Carnage+1"],"picked":"Battle Trance","floor":42},{"not_picked":["Carnage+1","Rupture+1"],"picked":"Armaments","floor":44},{"not_picked":["Whirlwind","Clothesline"],"picked":"Armaments","floor":46},{"not_picked":["Anger","Fire Breathing+1"],"picked":"Second Wind","floor":47},{"not_picked":["Uppercut+1","Sever Soul+1"],"picked":"Flame Barrier+1","floor":48},{"not_picked":["Feel No Pain+1","Berserk"],"picked":"Evolve+1","floor":54}],"player_experience":3482884,"relics_obtained":[{"floor":9,"key":"Akabeko"},{"floor":11,"key":"Meat on the Bone"},{"floor":12,"key":"CeramicFish"},{"floor":20,"key":"Kunai"},{"floor":24,"key":"MealTicket"},{"floor":26,"key":"Tiny Chest"},{"floor":36,"key":"Self Forming Clay"},{"floor":40,"key":"Shovel"},{"floor":42,"key":"Eternal Feather"},{"floor":43,"key":"Letter Opener"},{"floor":44,"key":"The Courier"},{"floor":47,"key":"Anchor"},{"floor":54,"key":"Blue Candle"}],"event_choices":[{"damage_healed":0.0,"max_hp_gain":0.0,"max_hp_loss":0.0,"gold_gain":0.0,"event_name":"Wheel of Change","player_choice":"Cursed","floor":4.0,"gold_loss":0.0,"damage_taken":0.0,"cards_obtained":["Decay"]},{"cards_removed":["Strike_R"],"damage_healed":0,"gold_gain":0,"player_choice":"Gave Gold","damage_taken":0,"max_hp_gain":0,"max_hp_loss":0,"event_name":"Beggar","floor":19,"gold_loss":75},{"damage_healed":0,"gold_gain":0,"player_choice":"Obtained Relic","damage_taken":0,"relics_obtained":["Mummified Hand"],"max_hp_gain":0,"max_hp_loss":0,"event_name":"Addict","floor":27,"gold_loss":85},{"damage_healed":0,"gold_gain":0,"player_choice":"Ignored","damage_taken":0,"max_hp_gain":0,"max_hp_loss":0,"event_name":"Vampires","floor":28,"gold_loss":0},{"damage_healed":0,"gold_gain":0,"player_choice":"Ignored","damage_taken":0,"max_hp_gain":0,"max_hp_loss":0,"event_name":"Tomb of Lord Red Mask","floor":38,"gold_loss":0}],"is_beta":false,"boss_relics":[{"not_picked":["Empty Cage","Runic Dome"],"picked":"Snecko Eye"},{"not_picked":["Black Blood","SlaversCollar"],"picked":"Coffee Dripper"}],"items_purged_floors":[14,22,53],"is_endless":false,"potions_floor_spawned":[1,3,12,21,35,39,47,48],"killed_by":"The Heart","ascension_level":1}}