{"host":"9nzcajyrup44vdvf","time":1607779503,"event":{"mods":["2.2 Compatiblity","AchievementEnabler","AlwaysNeverKeys","Ascension Reborn","BaseMod","Become a monster ???","Better Altar","Better Note","Better Sensory Stone","Better Skull","Better Third Choice","Better Vampires","Curses Come First","Googly Eyes","Minty Spire (QoL Compilation)","Permanent Neow","Quick Restart","Relic Stats","Spicy Shops","StSLib","SuperFastMode","Unceasing Turn Reminder","everything is the same but u backflip on backflip","slay the spire mod where everything is the same but ironclad has a cowboy hat"],"gold_per_floor":[115,127,145,157,157,195,212,248,248,278,291,291,315,339,339,457,457,479,423,460,460,474,511,529,546,641,641,696,635,686,724,738,876,890,928,1003,838,898,898,930,967,997,997,475,27,50,83,83,83,83],"floor_reached":51,"playtime":1490,"items_purged":["Defend_P+1","Defend_P+1"],"score":1344,"play_id":"69be413e-8d2d-4370-84a0-d407b72e5f47","local_time":"20201212142503","is_ascension_mode":true,"campfire_choices":[{"data":"CrushJoints","floor":12,"key":"SMITH"},{"data":"CutThroughFate","floor":15,"key":"SMITH"},{"data":"Omniscience","floor":32,"key":"SMITH"},{"data":"Vault","floor":49,"key":"SMITH"}],"circlet_count":0,"master_deck":["Strike_P+1","Strike_P+1","Strike_P+1","Strike_P+1","Defend_P+1","Defend_P+1","Eruption+1","Vigilance+1","Crescendo+1","Conclude+1","Uppercut+1","CrushJoints+1","FlurryOfBlows+1","CrushJoints+1","Tantrum+1","DevaForm+1","FearNoEvil+1","BowlingBash+1","CutThroughFate+1","ClearTheMind+1","LessonLearned+1","ClearTheMind+1","FollowUp+1","Omniscience+1","InnerPeace+1","Scrawl","Vault+1","Vault+1","FollowUp+1","Melter+1"],"relics":["PureWater","Pen Nib","Happy Flower","InkBottle","Darkstone Periapt","Prayer Wheel","Bottled Flame","Mummified Hand","Ornamental Fan","Calipers","VioletLotus","Toolbox","Damaru","Potion Belt","Turnip","Shuriken","MawBank","WingedGreaves","Lantern","Lizard Tail","Runic Pyramid","Dead Branch","Question Card","Mango","Bag of Marbles","Yang","FossilizedHelix","CeramicFish","The Courier","Orichalcum","Art of War","Akabeko","Vajra","Strange Spoon","Gremlin Horn","PrismaticShard","ClockworkSouvenir","Bottled Lightning","Whetstone"],"acts_visited":["Exordium","TheCity","TheBeyond"],"potions_floor_usage":[8,50,50],"damage_taken":[{"damage":0,"enemies":"Cultist","floor":1,"turns":2},{"damage":0,"enemies":"Jaw Worm","floor":2,"turns":2},{"damage":0,"enemies":"2 Louse","floor":3,"turns":1},{"damage":0,"enemies":"Exordium Wildlife","floor":4,"turns":1},{"damage":0,"enemies":"Lagavulin","floor":6,"turns":3},{"damage":0,"enemies":"3 Louse","floor":7,"turns":1},{"damage":0,"enemies":"Gremlin Nob","floor":8,"turns":1},{"damage":0,"enemies":"3 Sentries","floor":10,"turns":2},{"damage":0,"enemies":"Blue Slaver","floor":11,"turns":2},{"damage":0,"enemies":"Exordium Wildlife","floor":13,"turns":1},{"damage":0,"enemies":"Large Slime","floor":14,"turns":1},{"damage":0,"enemies":"Slime Boss","floor":16,"turns":2},{"damage":0,"enemies":"Shell Parasite","floor":18,"turns":1},{"damage":0,"enemies":"3 Byrds","floor":20,"turns":2},{"damage":0,"enemies":"Centurion and Healer","floor":22,"turns":1},{"damage":0,"enemies":"Gremlin Leader","floor":23,"turns":2},{"damage":0,"enemies":"Snecko","floor":24,"turns":1},{"damage":0,"enemies":"Snake Plant","floor":25,"turns":1},{"damage":0,"enemies":"Slavers","floor":28,"turns":1},{"damage":4,"enemies":"Book of Stabbing","floor":30,"turns":2},{"damage":0,"enemies":"Centurion and Healer","floor":31,"turns":2},{"damage":0,"enemies":"Automaton","floor":33,"turns":2},{"damage":0,"enemies":"3 Shapes","floor":35,"turns":2},{"damage":0,"enemies":"2 Orb Walkers","floor":36,"turns":3},{"damage":0,"enemies":"Mind Bloom Boss Battle","floor":38,"turns":1},{"damage":0,"enemies":"Giant Head","floor":40,"turns":3},{"damage":0,"enemies":"Reptomancer","floor":41,"turns":4},{"damage":0,"enemies":"Giant Head","floor":42,"turns":3},{"damage":0,"enemies":"Orb Walker","floor":46,"turns":1},{"damage":0,"enemies":"Writhing Mass","floor":47,"turns":1},{"damage":0,"enemies":"Donu and Deca","floor":50,"turns":5}],"seed_played":"4610215373870690459","potions_obtained":[{"floor":1,"key":"AttackPotion"},{"floor":1,"key":"Strength Potion"},{"floor":2,"key":"PowerPotion"},{"floor":8,"key":"Fruit Juice"},{"floor":10,"key":"StancePotion"},{"floor":13,"key":"DistilledChaos"},{"floor":23,"key":"Dexterity Potion"},{"floor":23,"key":"FearPotion"},{"floor":25,"key":"Weak Potion"},{"floor":40,"key":"EntropicBrew"}],"is_trial":false,"path_per_floor":["M","M","M","M","?","E","M","E","T","E","M","R","M","M","R","B",null,"M","$","M","?","M","E","M","M","T","?","E","?","E","M","R","B",null,"M","?","$","?","T","E","E","E","T","$","$","M","M","?","R","B",null],"character_chosen":"WATCHER","items_purchased":["Toolbox","Question Card","Akabeko","Vajra","Strange Spoon","Gremlin Horn","PrismaticShard","ClockworkSouvenir","Bottled Lightning","Whetstone"],"campfire_rested":0,"item_purchase_floors":[19,37,44,44,44,44,45,45,45,45],"current_hp_per_floor":[76,76,76,76,64,64,64,71,71,71,71,71,71,71,71,77,85,85,85,85,85,85,85,85,85,85,91,91,91,87,87,87,93,95,95,95,95,109,109,109,109,109,109,109,109,109,109,109,109,113],"gold":83,"neow_bonus":"THREE_CARDS","is_daily":false,"chose_seed":false,"campfire_upgraded":4,"win_rate":0.0,"timestamp":1607779503,"path_taken":["M","?","M","?","?","E","M","E","T","E","M","R","M","M","R","BOSS","M","$","M","?","M","E","M","M","T","?","E","?","E","M","R","BOSS","M","?","$","?","?","E","E","E","T","?","$","M","?","?","R","BOSS"],"items_purchased_type":["Relic","Relic","Relic","Relic","Relic","Relic","Relic","Relic","Relic","Relic"],"build_version":"2020-11-30","purchased_purges":2,"victory":true,"max_hp_per_floor":[76,76,76,76,76,76,76,81,81,81,81,81,81,81,81,85,85,85,85,85,85,85,85,85,85,85,91,91,91,91,91,91,95,95,95,95,95,109,109,109,109,109,109,109,109,109,109,109,109,113],"relic_stats":{"Darkstone Periapt":6,"Happy Flower":[17],"Gremlin Horn":[1,1],"counters":[31,57],"Dead Branch":[25],"CeramicFish":11,"Yang":[55],"Pen Nib":[16],"Whetstone":["FlurryOfBlows","Conclude"],"Orichalcum":[6],"MawBank":140,"Question Card":8,"Strange Spoon":[10],"Lizard Tail":0,"Mummified Hand":[12],"Ornamental Fan":[144],"Shuriken":[24],"Prayer Wheel":12,"VioletLotus":[5],"Turnip":[0],"Art of War":[1],"obtain_stats":[{"Darkstone Periapt":6,"Lantern":30,"Calipers":16,"Gremlin Horn":44,"CeramicFish":41,"Vajra":44,"Mango":38,"Yang":39,"Whetstone":45,"PrismaticShard":45,"ClockworkSouvenir":45,"Lizard Tail":33,"Mummified Hand":9,"Toolbox":19,"Prayer Wheel":8,"VioletLotus":17,"WingedGreaves":28,"InkBottle":5,"Runic Pyramid":34,"Potion Belt":23,"Happy Flower":5,"Dead Branch":36,"Damaru":20,"Pen Nib":4,"The Courier":42,"Orichalcum":43,"MawBank":27,"Question Card":37,"Akabeko":44,"Strange Spoon":44,"Bottled Flame":9,"Ornamental Fan":10,"Shuriken":26,"Turnip":26,"Bag of Marbles":39,"Art of War":43,"Bottled Lightning":45,"PureWater":0,"FossilizedHelix":40},{"Darkstone Periapt":5,"Lantern":20,"Calipers":12,"Gremlin Horn":28,"CeramicFish":27,"Vajra":28,"Mango":25,"Yang":25,"Whetstone":28,"PrismaticShard":28,"ClockworkSouvenir":28,"Lizard Tail":22,"Mummified Hand":7,"Toolbox":13,"Prayer Wheel":7,"VioletLotus":12,"WingedGreaves":19,"InkBottle":4,"Runic Pyramid":22,"Potion Belt":16,"Happy Flower":4,"Dead Branch":24,"Damaru":14,"Pen Nib":4,"The Courier":28,"Orichalcum":28,"MawBank":18,"Question Card":24,"Akabeko":28,"Strange Spoon":28,"Bottled Flame":7,"Ornamental Fan":8,"Shuriken":18,"Turnip":18,"Bag of Marbles":25,"Art of War":28,"Bottled Lightning":28,"PureWater":0,"FossilizedHelix":26},{"Darkstone Periapt":9,"Lantern":30,"Calipers":19,"Gremlin Horn":50,"CeramicFish":47,"Vajra":50,"Mango":40,"Yang":40,"Whetstone":50,"PrismaticShard":50,"ClockworkSouvenir":50,"Lizard Tail":34,"Mummified Hand":11,"Toolbox":20,"Prayer Wheel":11,"VioletLotus":19,"WingedGreaves":28,"InkBottle":6,"Runic Pyramid":34,"Potion Belt":25,"Happy Flower":6,"Dead Branch":39,"Damaru":22,"Pen Nib":6,"The Courier":50,"Orichalcum":50,"MawBank":27,"Question Card":39,"Akabeko":50,"Strange Spoon":50,"Bottled Flame":11,"Ornamental Fan":13,"Shuriken":27,"Turnip":27,"Bag of Marbles":40,"Art of War":50,"Bottled Lightning":50,"PureWater":0,"FossilizedHelix":43}],"InkBottle":[21]},"card_choices":[{"not_picked":["PathToVictory","Study"],"picked":"Crescendo","floor":0},{"not_picked":["Consecrate","Halt"],"picked":"Conclude","floor":1},{"not_picked":["Crescendo","Consecrate","ThirdEye+1"],"picked":"SKIP","floor":2},{"not_picked":["Consecrate","Meditate+1"],"picked":"EmptyMind+1","floor":3},{"not_picked":["WreathOfFlame","WaveOfTheHand+1","Consecrate"],"picked":"SKIP","floor":4},{"not_picked":["Perseverance","Halt"],"picked":"CrushJoints","floor":6},{"not_picked":["LikeWater+1","Halt"],"picked":"FlurryOfBlows","floor":6},{"not_picked":["Brilliance","EmptyMind"],"picked":"CrushJoints+1","floor":7},{"not_picked":["ClearTheMind","EmptyBody"],"picked":"Tantrum","floor":8},{"not_picked":["SashWhip","CutThroughFate"],"picked":"DevaForm","floor":8},{"not_picked":["Collect","Prostrate+1"],"picked":"FearNoEvil","floor":10},{"not_picked":["CrushJoints+1","Meditate+1","Wireheading"],"picked":"SKIP","floor":10},{"not_picked":["ThirdEye+1","Halt"],"picked":"BowlingBash+1","floor":11},{"not_picked":["WindmillStrike","Worship","Weave+1"],"picked":"SKIP","floor":11},{"not_picked":["JustLucky","WindmillStrike","ThirdEye+1"],"picked":"SKIP","floor":13},{"not_picked":["DeceiveReality+1","ThirdEye","WaveOfTheHand"],"picked":"SKIP","floor":13},{"not_picked":["SashWhip","Evaluate+1"],"picked":"CutThroughFate","floor":14},{"not_picked":["Sanctity","MentalFortress+1"],"picked":"ClearTheMind","floor":14},{"not_picked":["Brilliance","DevaForm"],"picked":"LessonLearned","floor":16},{"not_picked":["PathToVictory+1","Perseverance+1"],"picked":"ClearTheMind+1","floor":18},{"not_picked":["Consecrate+1","JustLucky","Prostrate+1"],"picked":"SKIP","floor":18},{"not_picked":["JustLucky","Crescendo"],"picked":"FollowUp","floor":20},{"not_picked":["Prostrate+1","SignatureMove+1","Tantrum+1"],"picked":"SKIP","floor":20},{"not_picked":["Collect+1","Indignation+1"],"picked":"Omniscience","floor":22},{"not_picked":["PathToVictory+1","BattleHymn"],"picked":"InnerPeace+1","floor":22},{"not_picked":["Halt","BattleHymn+1","ThirdEye"],"picked":"SKIP","floor":23},{"not_picked":["FlurryOfBlows","Weave","JustLucky+1"],"picked":"SKIP","floor":24},{"not_picked":["EmptyBody+1","DeceiveReality","Weave"],"picked":"SKIP","floor":24},{"not_picked":["Weave","Crescendo"],"picked":"Scrawl","floor":25},{"not_picked":["ThirdEye+1","SandsOfTime","SashWhip"],"picked":"SKIP","floor":25},{"not_picked":["Judgement","Study+1"],"picked":"Vault","floor":28},{"not_picked":["SignatureMove","ThirdEye","Evaluate"],"picked":"SKIP","floor":30},{"not_picked":["Prostrate","EmptyMind","Crescendo+1"],"picked":"SKIP","floor":31},{"not_picked":["Protect+1","Fasting2+1","EmptyMind"],"picked":"SKIP","floor":31},{"not_picked":["Judgement","SpiritShield"],"picked":"Vault","floor":33},{"not_picked":["Fasting2+1","Study"],"picked":"FollowUp+1","floor":35},{"not_picked":["SashWhip+1","Prostrate+1","CrushJoints"],"picked":"SKIP","floor":35},{"not_picked":["Consecrate+1","Study+1","ClearTheMind","CutThroughFate+1"],"picked":"SKIP","floor":40},{"not_picked":["BowlingBash","Protect+1","WindmillStrike+1","Alpha"],"picked":"SKIP","floor":41},{"not_picked":["Consecrate","MentalFortress","EmptyMind+1","Fasting2+1"],"picked":"SKIP","floor":42},{"not_picked":["Rebound+1","Intimidate+1","EmptyBody+1","Redo+1"],"picked":"SKIP","floor":46},{"not_picked":["Armaments+1","PathToVictory+1","Amplify","PanicButton+1"],"picked":"SKIP","floor":46},{"not_picked":["Wild Strike+1","Slice+1","Quick Slash+1"],"picked":"Melter+1","floor":47},{"not_picked":["Clothesline+1","Pommel Strike+1","Wild Strike","Iron Wave+1"],"picked":"SKIP","floor":47}],"player_experience":435046,"relics_obtained":[{"floor":4,"key":"Pen Nib"},{"floor":6,"key":"Darkstone Periapt"},{"floor":8,"key":"Prayer Wheel"},{"floor":9,"key":"Bottled Flame"},{"floor":9,"key":"Mummified Hand"},{"floor":10,"key":"Ornamental Fan"},{"floor":16,"key":"Calipers"},{"floor":20,"key":"Damaru"},{"floor":23,"key":"Potion Belt"},{"floor":26,"key":"Turnip"},{"floor":26,"key":"Shuriken"},{"floor":28,"key":"WingedGreaves"},{"floor":30,"key":"Lantern"},{"floor":33,"key":"Lizard Tail"},{"floor":36,"key":"Dead Branch"},{"floor":38,"key":"Mango"},{"floor":39,"key":"Bag of Marbles"},{"floor":39,"key":"Yang"},{"floor":40,"key":"FossilizedHelix"},{"floor":41,"key":"CeramicFish"},{"floor":42,"key":"The Courier"},{"floor":43,"key":"Orichalcum"},{"floor":43,"key":"Art of War"}],"event_choices":[{"damage_healed":0,"gold_gain":1,"player_choice":"Relic Relic Card ","damage_taken":12,"max_hp_gain":0,"max_hp_loss":0,"event_name":"betterThird:BetterScrap","floor":5,"gold_loss":0,"cards_obtained":["Uppercut","Juggernaut"]},{"damage_healed":0,"gold_gain":0,"player_choice":"Ignored","damage_taken":0,"max_hp_gain":0,"max_hp_loss":0,"event_name":"betterNote:BetterNote","floor":21,"gold_loss":0,"cards_obtained":["Searing Blow"]},{"damage_healed":0,"gold_gain":0,"player_choice":"Opened","damage_taken":0,"relics_obtained":["MawBank"],"max_hp_gain":0,"max_hp_loss":0,"event_name":"The Mausoleum","floor":27,"gold_loss":0,"cards_obtained":["Writhe"]},{"cards_removed":["Writhe"],"damage_healed":0,"gold_gain":0,"player_choice":"Gave Gold","damage_taken":0,"max_hp_gain":0,"max_hp_loss":0,"event_name":"Beggar","floor":29,"gold_loss":75},{"damage_healed":0,"gold_gain":0,"player_choice":"Fight","damage_taken":0,"max_hp_gain":0,"max_hp_loss":0,"event_name":"Mysterious Sphere","floor":36,"gold_loss":0},{"damage_healed":0,"gold_gain":0,"player_choice":"Fight","damage_taken":0,"max_hp_gain":0,"max_hp_loss":0,"event_name":"MindBloom","floor":38,"gold_loss":0},{"cards_removed":["EmptyMind"],"damage_healed":0,"gold_gain":0,"player_choice":"Removed Skill","damage_taken":0,"max_hp_gain":0,"max_hp_loss":0,"event_name":"Falling","floor":48,"gold_loss":0}],"is_beta":false,"boss_relics":[{"not_picked":["Philosopher\u0027s Stone","Black Star"],"picked":"VioletLotus"},{"not_picked":["Cursed Key","Empty Cage"],"picked":"Runic Pyramid"}],"items_purged_floors":[44,45],"is_endless":false,"potions_floor_spawned":[1,3,13,16,20,22,23,25,33,36,42],"ascension_level":0}}