{"host":"27hat5v0dffgaxzm","time":1607799476,"event":{"mods":["BaseMod","Colored Map","Colored Powertips","Highlight Path","Minty Spire (QoL Compilation)","Permanent Neow","Quick Restart"],"gold_per_floor":[115,190,204,38,58,58,70,70,70,70,98,119,134,34,34,105,105,118,118,143,153,153,153],"floor_reached":22,"playtime":752,"items_purged":["Defend_G"],"score":368,"play_id":"acf5f48d-6106-4253-87f3-2b49c2cca389","local_time":"20201213035756","is_ascension_mode":true,"campfire_choices":[{"data":"Unload","floor":6,"key":"SMITH"},{"data":"Neutralize","floor":8,"key":"SMITH"},{"data":"Blade Dance","floor":10,"key":"SMITH"},{"data":"Backflip","floor":15,"key":"SMITH"}],"circlet_count":0,"master_deck":["AscendersBane","Strike_G","Strike_G","Strike_G","Strike_G","Strike_G","Defend_G","Defend_G","Defend_G","Defend_G","Survivor","Neutralize+1","Unload+1","Quick Slash","Blur","Outmaneuver","Blade Dance+1","Die Die Die","Calculated Gamble","Backflip+1","Tools of the Trade","Cloak And Dagger","Reflex","Backflip"],"relics":["Ring of the Snake","Toy Ornithopter","Question Card","Letter Opener","Odd Mushroom","WristBlade","Orichalcum"],"acts_visited":["Exordium","TheCity"],"potions_floor_usage":[16,22,22],"damage_taken":[{"damage":0,"enemies":"2 Louse","floor":1,"turns":2},{"damage":0,"enemies":"Jaw Worm","floor":3,"turns":3},{"damage":0,"enemies":"Small Slimes","floor":5,"turns":3},{"damage":3,"enemies":"Blue Slaver","floor":7,"turns":4},{"damage":14,"enemies":"3 Sentries","floor":11,"turns":9},{"damage":6,"enemies":"The Mushroom Lair","floor":12,"turns":4},{"damage":10,"enemies":"Gremlin Gang","floor":13,"turns":2},{"damage":14,"enemies":"The Guardian","floor":16,"turns":14},{"damage":28,"enemies":"Chosen","floor":18,"turns":5},{"damage":20,"enemies":"2 Thieves","floor":21,"turns":4},{"damage":16,"enemies":"Shelled Parasite and Fungi","floor":22,"turns":3}],"seed_played":"3988999887513081406","potions_obtained":[{"floor":3,"key":"Ancient Potion"},{"floor":11,"key":"LiquidMemories"},{"floor":18,"key":"SpeedPotion"}],"is_trial":false,"path_per_floor":["M","?","M","$","M","R","M","R","T","R","E","?","M","$","R","B",null,"M","?","T","M","M"],"character_chosen":"THE_SILENT","items_purchased":["Toy Ornithopter","Backflip"],"campfire_rested":0,"item_purchase_floors":[4,14],"current_hp_per_floor":[59,48,48,48,48,48,45,45,45,45,31,25,15,15,15,6,51,23,23,23,3,0,0],"gold":153,"neow_bonus":"ONE_RANDOM_RARE_CARD","is_daily":false,"chose_seed":false,"campfire_upgraded":4,"win_rate":0.0,"timestamp":1607799476,"path_taken":["M","?","M","$","M","R","M","R","T","R","E","?","M","$","R","BOSS","M","?","?","M","M"],"items_purchased_type":["Relic","Card"],"build_version":"2020-11-30","purchased_purges":1,"victory":false,"max_hp_per_floor":[66,66,66,66,66,66,66,66,66,66,66,66,66,66,66,66,66,66,66,66,66,66,66],"card_choices":[{"not_picked":["Poisoned Stab","Deflect"],"picked":"Quick Slash","floor":1},{"not_picked":["Heel Hook","Crippling Poison"],"picked":"Blur","floor":3},{"not_picked":["Endless Agony","Dodge and Roll"],"picked":"Outmaneuver","floor":5},{"not_picked":["Heel Hook","PiercingWail"],"picked":"Blade Dance","floor":7},{"not_picked":["Poisoned Stab","Flechettes","Dagger Spray","Heel Hook"],"picked":"SKIP","floor":11},{"not_picked":["Dash","Poisoned Stab","Heel Hook"],"picked":"Die Die Die","floor":12},{"not_picked":["Quick Slash","Catalyst","Slice"],"picked":"Calculated Gamble","floor":13},{"not_picked":["Burst","Doppelganger","Die Die Die"],"picked":"Tools of the Trade","floor":16},{"not_picked":["Acrobatics","Backflip","Expertise"],"picked":"Cloak And Dagger","floor":18},{"not_picked":["Dagger Throw","Bouncing Flask","Calculated Gamble"],"picked":"Backflip","floor":21}],"player_experience":311439,"relics_obtained":[{"floor":9,"key":"Question Card"},{"floor":11,"key":"Letter Opener"},{"floor":12,"key":"Odd Mushroom"},{"floor":20,"key":"Orichalcum"}],"event_choices":[{"damage_healed":0,"gold_gain":75,"player_choice":"Gather Gold","damage_taken":11,"max_hp_gain":0,"max_hp_loss":0,"event_name":"World of Goop","floor":2,"gold_loss":0},{"damage_healed":0,"gold_gain":0,"player_choice":"Fought Mushrooms","damage_taken":0,"max_hp_gain":0,"max_hp_loss":0,"event_name":"Mushrooms","floor":12,"gold_loss":0},{"damage_healed":0,"gold_gain":0,"player_choice":"Read","damage_taken":0,"max_hp_gain":0,"max_hp_loss":0,"event_name":"The Library","floor":19,"gold_loss":0,"cards_obtained":["Reflex"]}],"is_beta":false,"boss_relics":[{"not_picked":["SacredBark","Astrolabe"],"picked":"WristBlade"}],"items_purged_floors":[14],"is_endless":false,"potions_floor_spawned":[3,11,13,18],"killed_by":"Shelled Parasite and Fungi","ascension_level":20}}