{"host":"91n1pc4te07j54gv","time":1607750813,"event":{"mods":["BaseMod","BetterRewards","Colored Powertips","Downfall","Highlight Path","Infinite Spire","Minty Spire (QoL Compilation)","Quick Restart","Relic Filter","Relic Stats","Replay The Spire","Spicy Shops","StSLib"],"gold_per_floor":[113,113,288,44,54,54,67,96,120,145,160,160,174,24,24,125,125,137,157,157,8,25,60,60,60,60,60,84,114,114,114],"floor_reached":30,"playtime":1367,"items_purged":[],"score":602,"play_id":"8193af65-59de-4061-bd5b-4bdc1477cb5c","local_time":"20201212132653","is_ascension_mode":true,"campfire_choices":[{"data":"Redo","floor":12.0,"key":"SMITH"},{"data":"Doubt","floor":15.0,"key":"PURGE"},{"floor":24,"key":"RECALL"},{"data":"Seek","floor":27,"key":"SMITH"}],"circlet_count":0,"master_deck":["AscendersBane","Strike_B","Strike_B","Strike_B","Strike_B","Defend_B","Defend_B","Defend_B","Defend_B","Zap","Dualcast","Loop+1","Cold Snap+1","Hologram","Ball Lightning","ReplayTheSpireMod:Calculation Training","Coolheaded","Redo+1","Glacier","Coolheaded","Electrodynamics","Electrodynamics","Self Repair","Capacitor","Defragment+1","Seek+1","Hologram"],"relics":["Cracked Core","infinitespire:Joker Card","Orrery","Molten Egg 2","Strange Spoon","Garlic","infinitespire:Beetle Shell","Lee\u0027s Waffle","Sozu","Tiny Chest","Potion Belt","Replay:Baseball","DataDisk"],"acts_visited":["Exordium","TheCity"],"potions_floor_usage":[],"damage_taken":[{"damage":7.0,"enemies":"Jaw Worm","floor":1.0,"turns":3.0},{"damage":8.0,"enemies":"2 Louse","floor":5.0,"turns":3.0},{"damage":0.0,"enemies":"Cultist","floor":7.0,"turns":3.0},{"damage":12.0,"enemies":"Lagavulin","floor":8.0,"turns":2.0},{"damage":9.0,"enemies":"3 Sentries","floor":10.0,"turns":6.0},{"damage":3.0,"enemies":"Gremlin Gang","floor":11.0,"turns":6.0},{"damage":0.0,"enemies":"Exordium Wildlife","floor":13.0,"turns":4.0},{"damage":15.0,"enemies":"The Guardian","floor":16.0,"turns":11.0},{"damage":3,"enemies":"2 Thieves","floor":18,"turns":3},{"damage":0,"enemies":"Chosen","floor":19,"turns":3},{"damage":7,"enemies":"Snecko","floor":22,"turns":5},{"damage":9,"enemies":"Gremlin Leader","floor":23,"turns":5},{"damage":52,"enemies":"Nightmare","floor":29,"turns":12},{"damage":17,"enemies":"Centurion and Healer","floor":30,"turns":1}],"seed_played":"4232003906944906770","potions_obtained":[{"floor":5.0,"key":"Death Potion"},{"floor":10.0,"key":"Adrenaline Potion"},{"floor":13.0,"key":"FocusPotion"},{"floor":16.0,"key":"LifebloodPotion"}],"is_trial":false,"path_per_floor":["M","?","?","$","M","AVR","M","E","T","E","M","R","M","$","R","B",null,"M","M","?","$","M","E","R","PTL","PTL","R","T","NM","M"],"character_chosen":"DEFECT","items_purchased":["Loop+1","infinitespire:Joker Card","Orrery","Molten Egg 2","Lee\u0027s Waffle","Tiny Chest"],"campfire_rested":0,"item_purchase_floors":[0,0,0,4,14,21],"current_hp_per_floor":[42,42,42,42,34,34,34,22,22,13,10,10,10,82,82,67,78,75,75,59,59,59,57,57,57,57,57,57,12,0,0],"gold":114,"neow_bonus":"","is_daily":false,"chose_seed":false,"campfire_upgraded":2,"win_rate":0.0,"timestamp":1607750813,"path_taken":["M","?","?","$","?","AVR","M","E","T","E","?","R","M","$","R","BOSS","M","?","?","?","?","E","R","PTL","PTL","R","T","NM","M"],"items_purchased_type":["Card","Relic","Relic","Relic","Relic","Relic"],"build_version":"2020-11-30","purchased_purges":0,"victory":false,"max_hp_per_floor":[75,75,75,75,75,75,75,75,75,75,75,75,75,82,82,82,82,82,82,87,87,87,87,87,87,87,87,87,87,87,87],"relic_stats":{"Sozu":3,"Strange Spoon":[5],"Lee\u0027s Waffle":72,"counters":[29,137],"Tiny Chest":0,"obtain_stats":[{"Ice Cream":21,"Lantern":11,"Regal Pillow":14,"SacredBark":17,"Vajra":10,"infinitespire:Cubic Diamond":2,"Sozu":17,"MealTicket":26,"Tiny Chest":21,"Cracked Core":0,"InkBottle":23,"Potion Belt":23,"Lee\u0027s Waffle":14,"Quantum Egg":4,"infinitespire:Joker Card":0,"infinitespire:Beetle Shell":10,"Geode":7,"Strange Spoon":6,"Replay:Baseball":28,"DataDisk":29,"infinitespire:Lychee Nut":21,"Orrery":0,"Pandora\u0027s Box":0,"Molten Egg 2":4,"Garlic":8},{"Ice Cream":12,"Lantern":6,"Regal Pillow":9,"SacredBark":10,"Vajra":4,"infinitespire:Cubic Diamond":1,"Sozu":23,"MealTicket":14,"Tiny Chest":25,"Cracked Core":0,"InkBottle":13,"Potion Belt":27,"Lee\u0027s Waffle":22,"Quantum Egg":2,"infinitespire:Joker Card":15,"infinitespire:Beetle Shell":20,"Geode":4,"Strange Spoon":17,"Replay:Baseball":27,"DataDisk":28,"infinitespire:Lychee Nut":12,"Orrery":15,"Pandora\u0027s Box":0,"Molten Egg 2":16,"Garlic":19},{"Ice Cream":50,"Lantern":23,"Regal Pillow":32,"SacredBark":41,"Vajra":14,"infinitespire:Cubic Diamond":2,"Sozu":108,"MealTicket":63,"Tiny Chest":114,"Cracked Core":0,"InkBottle":56,"Potion Belt":124,"Lee\u0027s Waffle":97,"Quantum Egg":4,"infinitespire:Joker Card":70,"infinitespire:Beetle Shell":87,"Geode":14,"Strange Spoon":76,"Replay:Baseball":124,"DataDisk":136,"infinitespire:Lychee Nut":50,"Orrery":70,"Pandora\u0027s Box":0,"Molten Egg 2":73,"Garlic":81}]},"card_choices":[{"not_picked":["Aggregate","Double Energy"],"picked":"Cold Snap","floor":0.0},{"not_picked":["BasicCrystalCard","Streamline"],"picked":"Hologram","floor":0.0},{"not_picked":["Beam Cell","Steam"],"picked":"Ball Lightning","floor":0.0},{"not_picked":["Fusion","Scrape"],"picked":"ReplayTheSpireMod:Calculation Training","floor":1.0},{"not_picked":["Redo","Go for the Eyes+1"],"picked":"Coolheaded","floor":5.0},{"not_picked":["BasicCrystalCard","Multi-Cast"],"picked":"Redo","floor":7.0},{"not_picked":["Darkness","ReplaySolidLightProjector","Conserve Battery"],"picked":"SKIP","floor":8.0},{"not_picked":["Ball Lightning+1","Stack"],"picked":"Glacier","floor":10.0},{"not_picked":["Auto Shields","Darkness"],"picked":"Coolheaded","floor":11.0},{"not_picked":["Compile Driver+1","Chaos"],"picked":"Electrodynamics","floor":13.0},{"not_picked":["Core Surge+1","Rainbow"],"picked":"Electrodynamics","floor":16.0},{"not_picked":["Conserve Battery","Compile Driver+1"],"picked":"Self Repair","floor":18},{"not_picked":["Scrape+1","Crystallizer"],"picked":"Capacitor","floor":19},{"not_picked":["Genetic Algorithm","Ball Lightning+1"],"picked":"Defragment+1","floor":22},{"not_picked":["Rebound+1","Stack"],"picked":"Seek","floor":23},{"not_picked":["Compile Driver+1","Fusion"],"picked":"Hologram","floor":29}],"player_experience":942925,"relics_obtained":[{"floor":8.0,"key":"Garlic"},{"floor":10.0,"key":"infinitespire:Beetle Shell"},{"floor":23,"key":"Potion Belt"},{"floor":28,"key":"Replay:Baseball"},{"floor":29,"key":"DataDisk"}],"event_choices":[{"damage_healed":0.0,"max_hp_gain":0.0,"max_hp_loss":0.0,"gold_gain":175.0,"event_name":"Liars Game","player_choice":"AGREE","floor":3.0,"gold_loss":0.0,"damage_taken":0.0,"cards_obtained":["Doubt"]},{"damage_healed":0,"gold_gain":0,"player_choice":"Shed Blood","damage_taken":21,"max_hp_gain":5,"max_hp_loss":0,"event_name":"Forgotten Altar","floor":20,"gold_loss":0}],"is_beta":false,"boss_relics":[{"not_picked":["Runic Pyramid","Empty Cage"],"picked":"Sozu"}],"items_purged_floors":[],"is_endless":false,"potions_floor_spawned":[5,10,13,16,19,23,29],"killed_by":"Centurion and Healer","ascension_level":10}}