{"host":"se2kry7a7ac49ar7","time":1607766194,"event":{"mods":["BaseMod","Bestiary","Minty Spire (QoL Compilation)","StSLib"],"gold_per_floor":[117,134,148,70,87,116,174,205,254,254,254],"floor_reached":10,"playtime":468,"items_purged":[],"score":140,"play_id":"0671bb35-d098-435d-ae7a-fac1b3fe82b0","local_time":"20201212014314","is_ascension_mode":true,"campfire_choices":[],"circlet_count":0,"master_deck":["AscendersBane","Strike_R","Strike_R","Strike_R","Strike_R","Strike_R","Defend_R","Defend_R","Defend_R","Defend_R","Bash","True Grit","Pommel Strike","Wild Strike","Offering","Clothesline","Ghostly Armor","Seeing Red+1"],"relics":["Burning Blood","NeowsBlessing","Molten Egg 2","Toxic Egg 2","Potion Belt"],"acts_visited":["Exordium"],"potions_floor_usage":[5,6],"damage_taken":[{"damage":0,"enemies":"Jaw Worm","floor":1,"turns":1},{"damage":0,"enemies":"2 Louse","floor":2,"turns":1},{"damage":0,"enemies":"Small Slimes","floor":3,"turns":1},{"damage":6,"enemies":"Exordium Thugs","floor":5,"turns":3},{"damage":32,"enemies":"3 Sentries","floor":6,"turns":9},{"damage":25,"enemies":"Gremlin Nob","floor":8,"turns":5},{"damage":36,"enemies":"3 Sentries","floor":10,"turns":6}],"seed_played":"4329868265381911560","potions_obtained":[{"floor":3,"key":"Explosive Potion"},{"floor":5,"key":"EssenceOfSteel"}],"is_trial":false,"path_per_floor":["M","M","M","$","M","E","?","E","T","E"],"character_chosen":"IRONCLAD","items_purchased":["Offering"],"campfire_rested":0,"item_purchase_floors":[4],"current_hp_per_floor":[74,75,75,75,75,49,49,30,30,0,0],"gold":254,"neow_bonus":"THREE_ENEMY_KILL","is_daily":false,"chose_seed":false,"campfire_upgraded":0,"win_rate":0.0,"timestamp":1607766194,"path_taken":["M","M","M","$","M","E","?","E","T","E"],"items_purchased_type":["Card"],"build_version":"2020-11-30","purchased_purges":0,"victory":false,"max_hp_per_floor":[75,75,75,75,75,75,75,75,75,75,75],"card_choices":[{"not_picked":["Wild Strike","Thunderclap"],"picked":"True Grit","floor":1},{"not_picked":["Reckless Charge","Sword Boomerang"],"picked":"Pommel Strike","floor":2},{"not_picked":["Sword Boomerang","Cleave"],"picked":"Wild Strike","floor":3},{"not_picked":["Bloodletting","Clash"],"picked":"Clothesline","floor":5},{"not_picked":["Shockwave","Clash+1"],"picked":"Ghostly Armor","floor":6},{"not_picked":["Infernal Blade+1","Pummel+1"],"picked":"Seeing Red+1","floor":8}],"player_experience":632434,"relics_obtained":[{"floor":6,"key":"Molten Egg 2"},{"floor":8,"key":"Toxic Egg 2"},{"floor":9,"key":"Potion Belt"}],"event_choices":[{"damage_healed":0,"gold_gain":58,"player_choice":"Gained Gold","damage_taken":0,"max_hp_gain":0,"max_hp_loss":0,"event_name":"Golden Wing","floor":7,"gold_loss":0}],"is_beta":false,"boss_relics":[],"items_purged_floors":[],"is_endless":false,"potions_floor_spawned":[3,5],"killed_by":"3 Sentries","ascension_level":16}}