{"host":"6jcxerjfmuawfds2","time":1607764932,"event":{"mods":["BaseMod","Minty Spire (QoL Compilation)","StSLib"],"gold_per_floor":[115,127,4,17,17,17,34,51,99,111,11,22,22,56,56,160,160,173,173,248,123,138,138,172,185,210,210,241,241,241],"floor_reached":29,"playtime":808,"items_purged":["Strike_P","Strike_P","Strike_P"],"score":278,"play_id":"9ba28618-83cc-4c15-a7a8-f55d7e58ba3f","local_time":"20201212182212","is_ascension_mode":true,"campfire_choices":[{"data":"PathToVictory","floor":6,"key":"SMITH"},{"data":"DevaForm","floor":15,"key":"SMITH"},{"data":"CrushJoints","floor":23,"key":"SMITH"},{"floor":27,"key":"REST"}],"circlet_count":0,"master_deck":["Strike_P","Defend_P","Defend_P","Defend_P","Eruption","Vigilance","PathToVictory+1","PathToVictory","CrushJoints+1","DevaForm+1","Alpha","PathToVictory","Consecrate+1"],"relics":["PureWater","Oddly Smooth Stone","Strawberry","White Beast Statue","Juzu Bracelet","MutagenicStrength","Bottled Lightning","Lantern","Blue Candle"],"acts_visited":["Exordium","TheCity"],"potions_floor_usage":[8,14,14,24,24,24,25,28,29],"damage_taken":[{"damage":0,"enemies":"2 Louse","floor":1,"turns":2},{"damage":0,"enemies":"Cultist","floor":2,"turns":2},{"damage":0,"enemies":"Small Slimes","floor":4,"turns":3},{"damage":1,"enemies":"Blue Slaver","floor":7,"turns":3},{"damage":0,"enemies":"2 Fungi Beasts","floor":8,"turns":3},{"damage":4,"enemies":"Lots of Slimes","floor":10,"turns":6},{"damage":4,"enemies":"3 Louse","floor":12,"turns":3},{"damage":2,"enemies":"Lagavulin","floor":14,"turns":3},{"damage":16,"enemies":"Hexaghost","floor":16,"turns":5},{"damage":14,"enemies":"Shell Parasite","floor":18,"turns":4},{"damage":1,"enemies":"Spheric Guardian","floor":22,"turns":3},{"damage":35,"enemies":"Gremlin Leader","floor":24,"turns":6},{"damage":11,"enemies":"Shelled Parasite and Fungi","floor":25,"turns":4},{"damage":15,"enemies":"Book of Stabbing","floor":28,"turns":4},{"damage":35,"enemies":"Cultist and Chosen","floor":29,"turns":6}],"seed_played":"3572938233457441087","potions_obtained":[{"floor":1,"key":"Block Potion"},{"floor":7,"key":"SteroidPotion"},{"floor":8,"key":"Swift Potion"},{"floor":12,"key":"Dexterity Potion"},{"floor":14,"key":"SteroidPotion"},{"floor":16,"key":"FearPotion"},{"floor":18,"key":"Regen Potion"},{"floor":24,"key":"DistilledChaos"},{"floor":25,"key":"Weak Potion"},{"floor":28,"key":"Weak Potion"}],"is_trial":false,"path_per_floor":["M","M","$","M","?","R","M","M","T","M","$","M","?","E","R","B",null,"M","?","?","$","M","R","E","M","T","R","E","M"],"character_chosen":"WATCHER","items_purchased":["PathToVictory"],"campfire_rested":1,"item_purchase_floors":[3],"current_hp_per_floor":[72,72,72,72,72,72,71,71,78,74,74,70,45,43,43,27,79,65,65,58,58,57,57,37,26,26,49,34,0,0],"gold":241,"neow_bonus":"RANDOM_COMMON_RELIC","is_daily":false,"chose_seed":false,"campfire_upgraded":3,"win_rate":0.0,"timestamp":1607764932,"path_taken":["M","M","$","M","?","R","M","M","T","?","$","M","?","E","R","BOSS","M","?","?","$","M","R","E","M","T","R","E","M"],"items_purchased_type":["Card"],"build_version":"2020-11-30","purchased_purges":3,"victory":false,"max_hp_per_floor":[72,72,72,72,72,72,72,72,79,79,79,79,79,79,79,79,79,79,79,79,79,79,79,79,79,79,79,79,79,79],"card_choices":[{"not_picked":["SandsOfTime","EmptyBody"],"picked":"PathToVictory","floor":1},{"not_picked":["TalkToTheHand","FlurryOfBlows","FlyingSleeves"],"picked":"SKIP","floor":2},{"not_picked":["ThirdEye","Crescendo","BattleHymn"],"picked":"SKIP","floor":4},{"not_picked":["EmptyFist","Consecrate","Ragnarok"],"picked":"SKIP","floor":7},{"not_picked":["CrushJoints","DeceiveReality","WreathOfFlame"],"picked":"SKIP","floor":8},{"not_picked":["DeceiveReality","WreathOfFlame"],"picked":"CrushJoints","floor":8},{"not_picked":["Conclude","Halt","BowlingBash"],"picked":"SKIP","floor":10},{"not_picked":["FollowUp","EmptyFist","WheelKick"],"picked":"SKIP","floor":12},{"not_picked":["LikeWater","CarveReality"],"picked":"DevaForm","floor":14},{"not_picked":["BowlingBash+1","Wireheading","FlyingSleeves"],"picked":"SKIP","floor":18},{"not_picked":["ClearTheMind","Halt","BowlingBash"],"picked":"SKIP","floor":22},{"not_picked":["CutThroughFate","WreathOfFlame"],"picked":"Alpha","floor":24},{"not_picked":["Prostrate","FlyingSleeves"],"picked":"PathToVictory","floor":25},{"not_picked":["LikeWater","Protect+1"],"picked":"Consecrate+1","floor":28}],"player_experience":122251,"relics_obtained":[{"floor":9,"key":"Strawberry"},{"floor":14,"key":"Juzu Bracelet"},{"floor":24,"key":"Bottled Lightning"},{"floor":26,"key":"Lantern"},{"floor":28,"key":"Blue Candle"}],"event_choices":[{"cards_removed":["Defend_P"],"damage_healed":0,"gold_gain":0,"player_choice":"Purged","damage_taken":0,"max_hp_gain":0,"max_hp_loss":0,"event_name":"Purifier","floor":5,"gold_loss":0},{"damage_healed":0,"gold_gain":0,"player_choice":"Success","damage_taken":25,"relics_obtained":["White Beast Statue"],"max_hp_gain":0,"max_hp_loss":0,"event_name":"Scrap Ooze","floor":13,"gold_loss":0},{"damage_healed":0,"gold_gain":0,"player_choice":"Inject Mutagens","damage_taken":0,"relics_obtained":["MutagenicStrength"],"max_hp_gain":0,"max_hp_loss":0,"event_name":"Drug Dealer","floor":19,"gold_loss":0},{"damage_healed":0,"gold_gain":75,"player_choice":"Touch","damage_taken":7,"max_hp_gain":0,"max_hp_loss":0,"event_name":"FaceTrader","floor":20,"gold_loss":0}],"is_beta":false,"boss_relics":[{"not_picked":["Cursed Key","Velvet Choker","Astrolabe"]}],"items_purged_floors":[3,11,21],"is_endless":false,"potions_floor_spawned":[1,7,8,12,14,16,18,22,24,25,28],"killed_by":"Cultist and Chosen","ascension_level":1}}