{"host":"6ko66ogg91i6g7xq","time":1607739827,"event":{"mods":["AchievementEnabler","Act Like it!","BaseMod","Colored Map","Colored Powertips","Downfall","Hermit","Minty Spire (QoL Compilation)","Quick Restart","Relic Stats","StSLib","The Jungle","everything is the same but u backflip on backflip"],"gold_per_floor":[110,110,133,133,154,189,111,111,111,132,146,169,169,169],"floor_reached":13,"playtime":451,"items_purged":[],"score":110,"play_id":"b9268853-3149-46e8-8934-145cc81884e4","local_time":"20201211212347","is_ascension_mode":false,"campfire_choices":[{"floor":8,"key":"RECALL"}],"circlet_count":0,"master_deck":["Strike_G","Strike_G","Strike_G","Strike_G","Strike_G","Defend_G","Defend_G","Defend_G","Defend_G","Defend_G","Survivor","Neutralize","Accuracy","Sucker Punch","Infinite Blades","Backstab","Leg Sweep","Cloak And Dagger"],"relics":["Ring of the Snake","NeowsBlessing","Golden Idol","White Beast Statue","Bag of Preparation"],"acts_visited":["Exordium"],"potions_floor_usage":[13,13],"damage_taken":[{"damage":0,"enemies":"Cultist","floor":1,"turns":1},{"damage":0,"enemies":"Jaw Worm","floor":5,"turns":1},{"damage":0,"enemies":"Lagavulin","floor":6,"turns":1},{"damage":3,"enemies":"2 Louse","floor":10,"turns":3},{"damage":0,"enemies":"Blue Slaver","floor":11,"turns":5},{"damage":0,"enemies":"Large Slime","floor":12,"turns":4},{"damage":4,"enemies":"Gremlin Nob","floor":13,"turns":3}],"seed_played":"-2218995522773101277","potions_obtained":[{"floor":1,"key":"sneckomod:MuddlingPotion"},{"floor":5,"key":"Regen Potion"},{"floor":10,"key":"Strength Potion"},{"floor":11,"key":"DistilledChaos"}],"is_trial":false,"path_per_floor":["M","?","T","$","M","E","$","R","T","M","M","M","E"],"character_chosen":"THE_SILENT","items_purchased":["Infinite Blades"],"campfire_rested":0,"item_purchase_floors":[7],"current_hp_per_floor":[70,53,53,53,53,53,53,53,53,50,50,50,55,55],"gold":169,"neow_bonus":"THREE_ENEMY_KILL","is_daily":false,"chose_seed":false,"campfire_upgraded":0,"win_rate":0.0,"timestamp":1607739827,"path_taken":["M","?","?","$","M","E","?","R","T","M","?","M","E"],"items_purchased_type":["Card"],"build_version":"2020-11-30","purchased_purges":0,"victory":false,"max_hp_per_floor":[70,70,70,70,70,70,70,70,70,70,70,70,70,70],"relic_stats":{"counters":[7,18],"Golden Idol":23,"Bag of Preparation":[8],"obtain_stats":[{"NeowsBlessing":0,"Golden Idol":2,"Bag of Preparation":9,"White Beast Statue":6,"Ring of the Snake":0},{"NeowsBlessing":0,"Golden Idol":1,"Bag of Preparation":3,"White Beast Statue":3,"Ring of the Snake":0},{"NeowsBlessing":0,"Golden Idol":1,"Bag of Preparation":3,"White Beast Statue":3,"Ring of the Snake":0}],"Ring of the Snake":[14]},"card_choices":[{"not_picked":["Tactician","Quick Slash","Expertise"],"picked":"SKIP","floor":1},{"not_picked":["Dodge and Roll","Underhanded Strike"],"picked":"Accuracy","floor":5},{"not_picked":["Dagger Throw","Heel Hook"],"picked":"Sucker Punch","floor":6},{"not_picked":["Poisoned Stab","Slice"],"picked":"Backstab","floor":10},{"not_picked":["Catalyst","Slice"],"picked":"Leg Sweep","floor":11},{"not_picked":["Bane","Quick Slash"],"picked":"Cloak And Dagger","floor":12}],"player_experience":252044,"relics_obtained":[{"floor":6,"key":"White Beast Statue"},{"floor":9,"key":"Bag of Preparation"}],"event_choices":[{"damage_healed":0,"gold_gain":0,"player_choice":"Take Damage","damage_taken":17,"relics_obtained":["Golden Idol"],"max_hp_gain":0,"max_hp_loss":0,"event_name":"Golden Idol","floor":2,"gold_loss":0}],"is_beta":false,"boss_relics":[],"items_purged_floors":[],"is_endless":false,"potions_floor_spawned":[1,5,10,11,12],"killed_by":"Gremlin Nob","ascension_level":0}}