{"host":"y89x8uui45kcjy42","time":1607756100,"event":{"mods":["2.2 Compatiblity","BaseMod","Colored Map","Colored Powertips","Friendly Minions","Highlight Path","Keyboard Shortcuts","Minty Spire (QoL Compilation)","StSLib","SuperFastMode","The Bug Knight","Waifu the Spire"],"gold_per_floor":[116,126,140,215,238,266,266,266,266,297,297,297,359,359,359,455,455,475,475,164,864,789,789,789,704,704,704,732,445,480,182,182,285,285,296,0,0,0,733,767,426,426,451,377,418,418,475,503,503,503,503,503,23,64,64],"floor_reached":56,"playtime":1853,"items_purged":["HollowMod:NailStrikeStart","HollowMod:NailStrikeStart","HollowMod:QuickDashStart","HollowMod:NailStrikeStart","HollowMod:QuickDashStart+1","HollowMod:PogoStrike","HollowMod:LuriensSpire+1"],"score":1795,"play_id":"7fb88c9f-49a5-4dc5-9f47-285f0035e415","local_time":"20201212155500","is_ascension_mode":true,"campfire_choices":[{"data":"HollowMod:MawleksShell","floor":7,"key":"SMITH"},{"data":"HollowMod:NewGlowingWomb","floor":8,"key":"SMITH"},{"data":"HollowMod:LuriensSpire","floor":11,"key":"SMITH"},{"data":"HollowMod:TaintedHusks","floor":15,"key":"SMITH"},{"data":"HollowMod:NewLastStag","floor":23,"key":"SMITH"},{"data":"HollowMod:MothsMistake","floor":24,"key":"SMITH"},{"data":"HollowMod:InfectedAttack","floor":27,"key":"SMITH"},{"data":"HollowMod:InfectedCysts","floor":32,"key":"SMITH"},{"data":"HollowMod:InfectionAssault","floor":42,"key":"SMITH"},{"floor":46,"key":"RECALL"},{"data":"HollowMod:PaleKingsBlessing","floor":49,"key":"SMITH"}],"circlet_count":0,"master_deck":["HollowMod:NewJinnsSoul+1","HollowMod:TaintedHusks+1","HollowMod:NewGlowingWomb+1","HollowMod:MawleksShell+1","HollowMod:CloakDash+1","HollowMod:InfectedAttack+1","HollowMod:MothsMistake+1","HollowMod:NewLastStag+1","HollowMod:InfectedCysts+1","HollowMod:MothsMistake+1","HollowMod:HuntersJournal+1","HollowMod:PaleKingsBlessing+1","HollowMod:InfectedCysts+1","HollowMod:InfectionAssault+1","HollowMod:MothsMistake+1","HollowMod:PerfectDash+1","HollowMod:Weaversong+1"],"relics":["HollowMod:VesselMask","Coffee Dripper","Vajra","Oddly Smooth Stone","Membership Card","CaptainsWheel","Juzu Bracelet","Sling","Gremlin Horn","HollowMod:LumaflyLanternRelic","Centennial Puzzle","Lizard Tail","Calipers","Empty Cage","Necronomicon","Lee\u0027s Waffle","HollowMod:LifeEnderRelic","Pocketwatch","HornCleat","Bronze Scales","DollysMirror","Omamori","Dream Catcher","PreservedInsect","War Paint","Orrery","Coffee Dripper","Red Mask","Meat on the Bone","OrangePellets","HollowMod:MillibellesNoteRelic","Blood Vial","HollowMod:MantisClawRelic","Toy Ornithopter","CeramicFish","ClockworkSouvenir","Frozen Egg 2","WingedGreaves","TungstenRod","Bag of Preparation","Potion Belt","Turnip","HollowMod:QueensCombRelic","Art of War"],"acts_visited":["Exordium","TheCity","TheBeyond","TheEnding"],"potions_floor_usage":[5,6,10,13,55,55,55,55,55],"damage_taken":[{"damage":1,"enemies":"Cultist","floor":1,"turns":3},{"damage":0,"enemies":"2 Louse","floor":2,"turns":2},{"damage":3,"enemies":"Jaw Worm","floor":3,"turns":3},{"damage":13,"enemies":"HollowMod:MossKnight","floor":6,"turns":3},{"damage":20,"enemies":"3 Sentries","floor":10,"turns":9},{"damage":4,"enemies":"3 Sentries","floor":13,"turns":8},{"damage":26,"enemies":"The Guardian","floor":16,"turns":10},{"damage":30,"enemies":"3 Byrds","floor":18,"turns":6},{"damage":12,"enemies":"Book of Stabbing","floor":28,"turns":5},{"damage":8,"enemies":"Gremlin Leader","floor":30,"turns":3},{"damage":17,"enemies":"Champ","floor":33,"turns":8},{"damage":9,"enemies":"3 Shapes","floor":35,"turns":2},{"damage":0,"enemies":"HollowMod:StalkingDevout","floor":40,"turns":2},{"damage":41,"enemies":"Nemesis","floor":45,"turns":3},{"damage":17,"enemies":"2 Orb Walkers","floor":47,"turns":3},{"damage":0,"enemies":"Reptomancer","floor":48,"turns":2},{"damage":92,"enemies":"Time Eater","floor":50,"turns":7},{"damage":20,"enemies":"Shield and Spear","floor":54,"turns":2},{"damage":77,"enemies":"The Heart","floor":55,"turns":7}],"seed_played":"173390737551771997","potions_obtained":[{"floor":3,"key":"FearPotion"},{"floor":6,"key":"Explosive Potion"},{"floor":10,"key":"BlessingOfTheForge"},{"floor":30,"key":"SkillPotion"}],"is_trial":false,"path_per_floor":["M","M","M","?","$","E","R","R","T","E","R","?","?","?","R","B",null,"M","?","$","?","?","R","R","?","T","R","E","$","E","$","R","B",null,"M","?","?","?","$","E","$","R","T","$","E","R","?","E","R","B",null,"R","$","E","B",null],"character_chosen":"THE_BUGKNIGHT","items_purchased":["HollowMod:NewGlowingWomb","CaptainsWheel","Juzu Bracelet","Sling","Fruit Juice","Dexterity Potion","Ancient Potion","Lee\u0027s Waffle","HollowMod:LifeEnderRelic","HollowMod:InfectedAttack","HollowMod:MothsMistake","Bronze Scales","DollysMirror","Omamori","PreservedInsect","War Paint","Orrery","OrangePellets","HollowMod:MillibellesNoteRelic","PowerPotion","HollowMod:MantisClawRelic","HollowMod:InfectionAssault","Toy Ornithopter","ClockworkSouvenir","CultistPotion","Turnip","HollowMod:QueensCombRelic","PowerPotion"],"campfire_rested":0,"item_purchase_floors":[5,5,5,5,5,5,5,20,20,20,20,29,29,29,31,31,31,39,39,39,41,41,41,44,53,53,53,53],"current_hp_per_floor":[67,67,64,53,58,45,45,45,45,37,37,37,33,17,17,54,74,80,64,87,87,87,87,87,87,87,87,75,75,67,67,67,50,78,72,72,72,72,72,87,87,87,87,87,72,72,57,59,59,52,78,78,58,68,52],"gold":64,"neow_bonus":"THREE_CARDS","is_daily":false,"chose_seed":false,"campfire_upgraded":10,"win_rate":0.0,"timestamp":1607756100,"path_taken":["M","M","M","?","$","E","R","R","T","E","R","?","?","?","R","BOSS","M","?","$","?","?","R","R","?","T","R","E","$","E","$","R","BOSS","M","?","?","?","$","E","$","R","T","$","E","R","?","E","R","BOSS","R","$","E","BOSS"],"items_purchased_type":["Card","Relic","Relic","Relic","Potion","Potion","Potion","Relic","Relic","Card","Card","Relic","Relic","Relic","Relic","Relic","Relic","Relic","Relic","Potion","Relic","Card","Relic","Relic","Potion","Relic","Relic","Potion"],"build_version":"2020-11-30","purchased_purges":7,"victory":true,"max_hp_per_floor":[75,75,75,75,80,80,80,80,80,80,80,80,80,80,80,80,80,80,80,87,87,87,87,87,87,87,87,87,87,87,87,87,87,87,87,87,87,87,87,87,87,87,87,87,87,87,87,87,87,87,87,87,58,88,88],"card_choices":[{"not_picked":["HollowMod:CornifersMapStart","HollowMod:NewLittleFool"],"picked":"HollowMod:NewJinnsSoul","floor":0},{"not_picked":["HollowMod:SiblingsSouls","HollowMod:DreamGate","HollowMod:GoodIntentions"],"picked":"SKIP","floor":1},{"not_picked":["HollowMod:NewLittleFool","HollowMod:HowlingWraiths"],"picked":"HollowMod:TaintedHusks","floor":2},{"not_picked":["HollowMod:SoulShaman","HollowMod:ShadowDash"],"picked":"HollowMod:LuriensSpire","floor":3},{"not_picked":["HollowMod:MothsMistake","HollowMod:BaldurShell"],"picked":"HollowMod:MawleksShell","floor":6},{"not_picked":["HollowMod:HowlingWraiths","HollowMod:VengefulSpirit"],"picked":"HollowMod:CloakDash","floor":10},{"not_picked":["HollowMod:CornifersMapStart","HollowMod:SoulSplash","HollowMod:GoodIntentions"],"picked":"SKIP","floor":18},{"not_picked":["HollowMod:VoidDash","HollowMod:InfectedAttack+1"],"picked":"HollowMod:InfectedCysts","floor":28},{"not_picked":["HollowMod:DashSlash","HollowMod:DesolateDive+1"],"picked":"HollowMod:HuntersJournal","floor":30},{"not_picked":["HollowMod:WhiteLadysBlessing","HollowMod:LifebloodCore"],"picked":"HollowMod:PaleKingsBlessing","floor":33},{"not_picked":["HollowMod:HeavyBlow","HollowMod:GreatSlash"],"picked":"HollowMod:InfectedCysts+1","floor":35},{"not_picked":["HollowMod:SiblingsShadow","HollowMod:GoodIntentions+1","HollowMod:NewJinnsSoul"],"picked":"SKIP","floor":40},{"not_picked":["HollowMod:GoodIntentions","HollowMod:VengefulSpirit"],"picked":"HollowMod:MothsMistake+1","floor":45},{"not_picked":["HollowMod:WraithStrike+1","HollowMod:DescendingDark+1"],"picked":"HollowMod:PerfectDash+1","floor":47},{"not_picked":["HollowMod:ZotesMagnificence","HollowMod:NewJinnsSoul","HollowMod:HowlingWraiths+1"],"picked":"SKIP","floor":48},{"not_picked":["HollowMod:MawleksShell+1","HollowMod:NewJinnsSoul+1"],"picked":"HollowMod:Weaversong+1","floor":54}],"player_experience":505271,"relics_obtained":[{"floor":6,"key":"Gremlin Horn"},{"floor":9,"key":"HollowMod:LumaflyLanternRelic"},{"floor":10,"key":"Centennial Puzzle"},{"floor":19,"key":"Necronomicon"},{"floor":28,"key":"HornCleat"},{"floor":30,"key":"Dream Catcher"},{"floor":40,"key":"Blood Vial"},{"floor":43,"key":"CeramicFish"},{"floor":45,"key":"Frozen Egg 2"},{"floor":47,"key":"TungstenRod"},{"floor":48,"key":"Bag of Preparation"},{"floor":54,"key":"Art of War"}],"event_choices":[{"damage_healed":0,"gold_gain":75,"player_choice":"Gather Gold","damage_taken":11,"max_hp_gain":0,"max_hp_loss":0,"event_name":"World of Goop","floor":4,"gold_loss":0},{"cards_removed":["HollowMod:FocusHealStart"],"damage_healed":0,"gold_gain":0,"player_choice":"Offered Basic","damage_taken":0,"max_hp_gain":0,"max_hp_loss":0,"event_name":"Bonfire Elementals","floor":12,"gold_loss":0},{"damage_healed":0,"gold_gain":0,"player_choice":"Searched \u00272\u0027 times","damage_taken":0,"relics_obtained":["Lizard Tail"],"max_hp_gain":0,"max_hp_loss":0,"event_name":"Dead Adventurer","floor":13,"gold_loss":0},{"damage_healed":0,"gold_gain":0,"player_choice":"Entered Light","damage_taken":16,"max_hp_gain":0,"max_hp_loss":0,"event_name":"Shining Light","floor":14,"gold_loss":0,"cards_upgraded":["HollowMod:NewJinnsSoul","HollowMod:QuickDashStart"]},{"damage_healed":0,"gold_gain":0,"player_choice":"Obtained Book","damage_taken":16,"max_hp_gain":0,"max_hp_loss":0,"event_name":"Cursed Tome","floor":19,"gold_loss":0},{"cards_removed":["HollowMod:QuickDashStart"],"damage_healed":0,"gold_gain":0,"player_choice":"Gave Gold","damage_taken":0,"max_hp_gain":0,"max_hp_loss":0,"event_name":"Beggar","floor":22,"gold_loss":75},{"damage_healed":0,"gold_gain":0,"player_choice":"Obtained Relic","damage_taken":0,"relics_obtained":["Pocketwatch"],"max_hp_gain":0,"max_hp_loss":0,"event_name":"Addict","floor":25,"gold_loss":85},{"damage_healed":0,"gold_gain":0,"player_choice":"Paid","damage_taken":0,"relics_obtained":["Red Mask"],"max_hp_gain":0,"max_hp_loss":0,"event_name":"Tomb of Lord Red Mask","floor":36,"gold_loss":296},{"damage_healed":0,"gold_gain":0,"player_choice":"Gave Potion","damage_taken":0,"relics_obtained":["Meat on the Bone"],"max_hp_gain":0,"max_hp_loss":0,"event_name":"WeMeetAgain","floor":37,"gold_loss":0},{"damage_healed":0,"gold_gain":0,"player_choice":"Memory 1","damage_taken":0,"max_hp_gain":0,"max_hp_loss":0,"event_name":"SensoryStone","floor":38,"gold_loss":0},{"damage_healed":0,"gold_gain":0,"player_choice":"Fight","damage_taken":0,"max_hp_gain":0,"max_hp_loss":0,"event_name":"Mysterious Sphere","floor":47,"gold_loss":0}],"is_beta":false,"boss_relics":[{"not_picked":["Pandora\u0027s Box","Sozu"],"picked":"Empty Cage"},{"not_picked":["Runic Dome","Tiny House"],"picked":"Coffee Dripper"}],"items_purged_floors":[5,20,29,31,39,41,53],"is_endless":false,"potions_floor_spawned":[3,6,10,30,45,48],"ascension_level":7}}