{"host":"acw864156wjp8gcv","time":1607789609,"event":{"mods":["2.2 Compatiblity","AchievementEnabler","Ascension Reborn","Aspiration","BaseMod","Beaked The Cultist","Better Altar","Better Match","Better Note","Better Sensory Stone","Better Silent Start","Better Skull","Better Third Choice","Better Vampires","Challenge The Spire","Colored Map","Colored Powertips","Conspire","Downfall","Energized Spire","Halation","Hubris","Infinite Spire","Ironclad Rager","Jedi Mod","Mimic Mod","Minty Spire (QoL Compilation)","Relic Sorter","Replay The Spire","Shade Mod","Shop Mod","Spicy Shops","Spikes Relics","StSLib","The Construct","The Jungle","UnlockEverythingMod","Wandering Minibosses","everything is the same but u backflip on backflip","vexMod"],"gold_per_floor":[116,140,86,106,106,141,155,197,197,197,197,238,257,339,353,489,563,600,626,584,597,597,638,652,689,732,751,764,764,764,778,778,1258,1258,1277,1277,1300,1300,1323,1323,1357,1379,1379,1379,1379,1396,1420,1420,1420,1420,1420,1420,782,823,823],"floor_reached":56,"playtime":2259,"items_purged":["Defend_G+1"],"score":475,"play_id":"36af97ee-645a-4e88-a3fe-018cb39ff662","local_time":"20201212101329","is_ascension_mode":true,"campfire_choices":[{"data":"jedi:pocketpoison","floor":11,"key":"SMITH"},{"data":"Footwork","floor":15,"key":"SMITH"},{"data":"Accuracy","floor":30,"key":"SMITH"},{"data":"Adrenaline","floor":32,"key":"SMITH"},{"floor":40,"key":"RECALL"},{"data":"jedi:pocketpoison","floor":44,"key":"SMITH"},{"data":"jedi:poisonivy","floor":49,"key":"SMITH"},{"data":"Expertise","floor":52,"key":"SMITH"}],"circlet_count":0,"master_deck":["Survivor+1","Neutralize+1","Quick Slash","Cloak And Dagger","Footwork+1","jedi:pocketpoison+1","Backstab+1","jedi:pocketpoison+1","Poisoned Stab+1","conspire:PoisonWeapons+1","Slimebound:Tackle+1","Slimebound:Tackle+1","Slimebound:Tackle+1","Deflect","Blade Dance"],"relics":["halation:SimulatedSpire","hubris:Icosahedron","halation:PinkSoulGem","Strawberry","Replay:Wax Seal","Ninja Scroll","hubris:PeanutButter","CaptainsWheel","MawBank","infinitespire:Joker Card","Tiny House","vexMod:MemoryStick","aspiration:Lifesprig","Quantum Egg","Old Coin","hubris:VirtuousBlindfold","jedi:ashlotus","Ginger","aspiration:HatOfInfinitePower","infinitespire:ShieldingShard","hubris:Metronome","infinitespire:FocusingShard","Pantograph","Frozen Eye","infinitespire:Beetle Shell"],"acts_visited":["Exordium","TheCity","TheBeyond","TheEnding"],"potions_floor_usage":[55,55,55],"damage_taken":[{"damage":0,"enemies":"2 Louse","floor":1,"turns":2},{"damage":0,"enemies":"Small Slimes","floor":2,"turns":2},{"damage":0,"enemies":"infinitespire:Voidling","floor":4,"turns":2},{"damage":0,"enemies":"Lagavulin","floor":6,"turns":4},{"damage":0,"enemies":"Exordium Wildlife","floor":7,"turns":3},{"damage":0,"enemies":"Replay:BlueRogue","floor":8,"turns":4},{"damage":0,"enemies":"Gremlin Nob","floor":12,"turns":3},{"damage":0,"enemies":"conspire:2 RoseBushes","floor":13,"turns":3},{"damage":16,"enemies":"Hexaghost","floor":16,"turns":8},{"damage":5,"enemies":"conspire:FuzzyDice","floor":18,"turns":3},{"damage":0,"enemies":"Shell Parasite","floor":19,"turns":2},{"damage":0,"enemies":"Snecko","floor":21,"turns":4},{"damage":0,"enemies":"Gremlin Leader","floor":23,"turns":4},{"damage":0,"enemies":"Snake Plant","floor":24,"turns":3},{"damage":7,"enemies":"conspire:SneckoGhost","floor":25,"turns":5},{"damage":0,"enemies":"Cultist and Chosen","floor":26,"turns":4},{"damage":0,"enemies":"Cultist and Chosen","floor":27,"turns":3},{"damage":0,"enemies":"Shelled Parasite and Fungi","floor":28,"turns":2},{"damage":0,"enemies":"Centurion and Healer","floor":31,"turns":3},{"damage":0,"enemies":"hubris:MusketHawk","floor":33,"turns":4},{"damage":0,"enemies":"Orb Walker","floor":35,"turns":2},{"damage":19,"enemies":"3 Darklings","floor":37,"turns":2},{"damage":0,"enemies":"Maw","floor":39,"turns":4},{"damage":0,"enemies":"Reptomancer","floor":41,"turns":3},{"damage":2,"enemies":"Spire Growth","floor":42,"turns":3},{"damage":11,"enemies":"4 Shapes","floor":46,"turns":2},{"damage":0,"enemies":"Maw","floor":47,"turns":2},{"damage":74,"enemies":"conspire:OrnateMirror","floor":50,"turns":5},{"damage":0,"enemies":"Shield and Spear","floor":54,"turns":3},{"damage":66,"enemies":"The Heart","floor":55,"turns":5}],"seed_played":"-2910757534879367586","potions_obtained":[{"floor":1,"key":"LiquidMemories"},{"floor":1,"key":"Elixir"},{"floor":2,"key":"FearPotion"},{"floor":4,"key":"DistilledChaos"},{"floor":7,"key":"DuplicationPotion"},{"floor":14,"key":"Slimebound:ThreeZeroPotion"},{"floor":38,"key":"FairyPotion"},{"floor":54,"key":"Adrenaline Potion"}],"is_trial":false,"path_per_floor":["M","M","$","M","?","E","M","E","T","?","R","E","M","?","R","B",null,"M","M","$","M","?","E","M","E","MIM","M","M","?","R","M","R","B",null,"M","AVR","M","?","M","R","E","M","T","R","?","M","M","?","R","B",null,"R","$","E","B",null],"character_chosen":"THE_SILENT","items_purchased":["Footwork","infinitespire:FocusingShard","Pantograph","Frozen Eye","infinitespire:Beetle Shell","Blade Dance"],"campfire_rested":0,"item_purchase_floors":[3,53,53,53,53,53],"current_hp_per_floor":[74,74,74,74,74,81,81,81,81,81,81,81,81,81,81,71,90,85,85,85,85,85,85,85,78,78,78,78,78,78,78,78,84,94,94,94,75,75,75,75,75,73,73,73,73,62,62,62,62,33,98,98,98,98,38],"gold":823,"neow_bonus":"SIMULATED_SPIRE","is_daily":false,"chose_seed":false,"campfire_upgraded":7,"win_rate":0.0,"timestamp":1607789609,"path_taken":["M","M","$","M","?","E","M","E","T","?","R","E","M","?","R","BOSS","M","M","$","?","?","E","M","E","MIM","M","M","?","R","M","R","BOSS","M","AVR","M","?","?","R","E","M","T","R","?","M","M","?","R","BOSS","R","$","E","BOSS"],"items_purchased_type":["Card","Relic","Relic","Relic","Relic","Card"],"build_version":"2020-11-30","purchased_purges":1,"victory":true,"max_hp_per_floor":[74,74,74,74,74,81,81,81,81,81,81,81,81,81,81,85,90,90,90,90,90,90,90,90,90,90,90,90,90,90,90,90,94,94,94,94,94,94,94,94,94,94,94,94,94,94,94,94,94,98,98,98,98,98,102],"card_choices":[{"not_picked":["Underhanded Strike","Poisoned Stab"],"picked":"Quick Slash","floor":1},{"not_picked":["Backflip","Prepared"],"picked":"Cloak And Dagger","floor":2},{"not_picked":["Acrobatics","Underhanded Strike+1","Backflip"],"picked":"SKIP","floor":4},{"not_picked":["Acrobatics","Underhanded Strike+1","Backflip"],"picked":"SKIP","floor":4},{"not_picked":["Flying Knee","Hidden Blade","Sneak Up"],"picked":"SKIP","floor":6},{"not_picked":["Eviscerate","Quick Slash","ReplayTheSpireMod:From All Sides"],"picked":"SKIP","floor":6},{"not_picked":["Unload","Setup+1","ReplayTheSpireMod:The Works"],"picked":"SKIP","floor":6},{"not_picked":["Flying Knee","Hidden Blade","Sneak Up"],"picked":"SKIP","floor":6},{"not_picked":["Eviscerate","Quick Slash","ReplayTheSpireMod:From All Sides"],"picked":"SKIP","floor":6},{"not_picked":["Accuracy","Backflip+1"],"picked":"jedi:pocketpoison","floor":7},{"not_picked":["PiercingWail","Die Die Die","Deadly Poison"],"picked":"SKIP","floor":8},{"not_picked":["Deflect","Quick Slash","ReplayTheSpireMod:Tripwire"],"picked":"SKIP","floor":8},{"not_picked":["Poisoned Stab","hubris:TrickCloak","Backflip+1"],"picked":"SKIP","floor":8},{"not_picked":["hubris:SlightOfHand","Dash","Doppelganger"],"picked":"SKIP","floor":12},{"not_picked":["Riddle With Holes","Storm of Steel","Acrobatics"],"picked":"SKIP","floor":12},{"not_picked":["Dagger Spray+1","Replay:Poison Smokescreen","Acrobatics+1"],"picked":"SKIP","floor":13},{"not_picked":["Underhanded Strike+1","Concentrate"],"picked":"Backstab","floor":14},{"not_picked":["Caltrops","Cloak And Dagger+1"],"picked":"jedi:pocketpoison+1","floor":18},{"not_picked":["Flying Knee+1","jedi:pocketpoison","Underhanded Strike+1"],"picked":"SKIP","floor":18},{"not_picked":["Flying Knee+1","jedi:pocketpoison","Underhanded Strike+1"],"picked":"SKIP","floor":18},{"not_picked":["Riddle With Holes+1","Quick Slash+1"],"picked":"ReplayTheSpireMod:Shiv Toss+1","floor":19},{"not_picked":["Caltrops+1","Deadly Poison+1","Sucker Punch+1"],"picked":"SKIP","floor":19},{"not_picked":["jedi:pocketpoison","PiercingWail"],"picked":"Poisoned Stab+1","floor":21},{"not_picked":["Flying Knee","Distraction+1","Setup+1"],"picked":"SKIP","floor":21},{"not_picked":["Flying Knee","Distraction+1","Setup+1"],"picked":"SKIP","floor":21},{"not_picked":["Atom Bomb","Dodge and Roll","jedi:poisonivy"],"picked":"SKIP","floor":23},{"not_picked":["hubris:SlightOfHand+1","Poisoned Stab","Underhanded Strike"],"picked":"SKIP","floor":24},{"not_picked":["hubris:SlightOfHand+1","PiercingWail+1","Poisoned Stab+1"],"picked":"SKIP","floor":24},{"not_picked":["Prepared","Hidden Blade+1","jedi:brewingpoison"],"picked":"SKIP","floor":25},{"not_picked":["Concentrate","Dagger Spray+1","jedi:acidrain"],"picked":"SKIP","floor":25},{"not_picked":["Pace","Malaise"],"picked":"conspire:PoisonWeapons+1","floor":27},{"not_picked":["Calculated Gamble","Deflect+1","Dodge and Roll+1"],"picked":"SKIP","floor":27},{"not_picked":["Deflect","Outmaneuver","Noxious Fumes+1"],"picked":"SKIP","floor":28},{"not_picked":["Setup+1","ShadowRift","Caltrops+1"],"picked":"SKIP","floor":31},{"not_picked":["Deflect","Backflip","Dagger Throw"],"picked":"SKIP","floor":31},{"not_picked":["Heel Hook","Toxin Wave+1","Outmaneuver+1"],"picked":"SKIP","floor":35},{"not_picked":["Slice+1","Bane+1","Deadly Poison+1"],"picked":"SKIP","floor":35},{"not_picked":["Deflect+1","ReplayTheSpireMod:Exploit Weakness+1","Tactician+1"],"picked":"SKIP","floor":37},{"not_picked":["Dagger Spray+1","hubris:SlightOfHand+1","Sucker Punch+1"],"picked":"SKIP","floor":37},{"not_picked":["jedi:unstablefumes+1","Hidden Blade+1","Tools of the Trade"],"picked":"SKIP","floor":39},{"not_picked":["Flying Knee+1","Cloak And Dagger+1","ReplayTheSpireMod:The Works+1"],"picked":"SKIP","floor":39},{"not_picked":["Backflip+1","Tactician+1","Replay:Poison Smokescreen+1"],"picked":"SKIP","floor":41},{"not_picked":["Dagger Throw+1","Cloak And Dagger","Reflex+1"],"picked":"SKIP","floor":42},{"not_picked":["Unload","Sucker Punch+1","Fluid Movement+1"],"picked":"SKIP","floor":42},{"not_picked":["Dagger Throw+1","Cloak And Dagger","Reflex+1"],"picked":"SKIP","floor":42},{"not_picked":["Unload","Sucker Punch+1","Fluid Movement+1"],"picked":"SKIP","floor":42},{"not_picked":["Flying Knee+1","Tactician+1"],"picked":"Deflect","floor":46},{"not_picked":["Sucker Punch+1","jedi:studypoison","Toxin Wave+1"],"picked":"SKIP","floor":47},{"not_picked":["Poisoned Stab+1","Dagger Throw+1","Hidden Blade"],"picked":"SKIP","floor":47},{"not_picked":["Backflip","PiercingWail+1","Deflect+1"],"picked":"SKIP","floor":54}],"player_experience":97016,"relics_obtained":[{"floor":6,"key":"Strawberry"},{"floor":8,"key":"Replay:Wax Seal"},{"floor":9,"key":"Ninja Scroll"},{"floor":12,"key":"hubris:PeanutButter"},{"floor":13,"key":"CaptainsWheel"},{"floor":14,"key":"MawBank"},{"floor":16,"key":"infinitespire:Joker Card"},{"floor":23,"key":"vexMod:MemoryStick"},{"floor":25,"key":"aspiration:Lifesprig"},{"floor":26,"key":"Quantum Egg"},{"floor":33,"key":"Old Coin"},{"floor":41,"key":"Ginger"},{"floor":43,"key":"aspiration:HatOfInfinitePower"},{"floor":43,"key":"infinitespire:ShieldingShard"},{"floor":46,"key":"hubris:Metronome"}],"event_choices":[{"cards_removed":["Strike_G"],"damage_healed":0,"gold_gain":0,"player_choice":"Give","damage_taken":0,"max_hp_gain":0,"max_hp_loss":0,"event_name":"betterNote:BetterNote","floor":22,"gold_loss":0,"cards_obtained":["ICR:RageStrike"]},{"damage_healed":0,"gold_gain":0,"player_choice":"Got Potions","damage_taken":0,"max_hp_gain":0,"max_hp_loss":0,"event_name":"Lab","floor":38,"gold_loss":0},{"damage_healed":0,"gold_gain":0,"player_choice":"Leave","damage_taken":0,"max_hp_gain":0,"max_hp_loss":0,"event_name":"conspire:Investor","floor":45,"gold_loss":0}],"is_beta":false,"boss_relics":[{"not_picked":["ReplayTheSpireMod:DimensionalGlitch","halation:Risk"],"picked":"Tiny House"},{"not_picked":["hubris:CrackedHourglass","vexMod:TanglingVine"],"picked":"hubris:VirtuousBlindfold"}],"items_purged_floors":[20],"is_endless":false,"potions_floor_spawned":[1,4,13,19,23,25,28,39,41,42,54],"ascension_level":-20}}