{"host":"ockbw1vufmgsua6p","time":1607810421,"event":{"mods":["BaseMod","Better Third Choice","Minty Spire (QoL Compilation)","StSLib","SuperFastMode","The Bladedancer","The Servant 0.9.4"],"gold_per_floor":[110,124,49,49,49,82,82,92,119,130,130,156,172,202,202,302,302,322,338,338,338],"floor_reached":20,"playtime":1163,"items_purged":["blademaster:Strike"],"score":219,"play_id":"1b33eef4-a661-40ab-95d3-338e23cb1e6b","local_time":"20201212160021","is_ascension_mode":false,"campfire_choices":[{"data":"blademaster:Empower","floor":7,"key":"SMITH"},{"data":"blademaster:Quickstep","floor":11,"key":"SMITH"},{"floor":15,"key":"DIG"}],"circlet_count":0,"master_deck":["blademaster:Strike","blademaster:Strike","blademaster:Strike","blademaster:Defend","blademaster:Defend","blademaster:Defend","blademaster:Defend","blademaster:RagingBlow","blademaster:HighVoltage","blademaster:Quickstep+1","blademaster:Empower+1","Seeing Red+1","blademaster:BrainBloom","blademaster:Thrust","blademaster:AwakeningStrike","blademaster:Thrust","blademaster:FlockOfBlades","blademaster:Flurry","blademaster:Sharpen"],"relics":["blademaster:DancersAmulet","NeowsBlessing","Orichalcum","Potion Belt","Blood Vial","PreservedInsect","Shovel","Smiling Mask","SlaversCollar"],"acts_visited":["Exordium","TheCity"],"potions_floor_usage":[14],"damage_taken":[{"damage":0,"enemies":"2 Louse","floor":1,"turns":2},{"damage":0,"enemies":"Jaw Worm","floor":2,"turns":1},{"damage":0,"enemies":"Gremlin Nob","floor":6,"turns":1},{"damage":0,"enemies":"Cultist","floor":8,"turns":4},{"damage":0,"enemies":"Blue Slaver","floor":10,"turns":2},{"damage":13,"enemies":"Lagavulin","floor":12,"turns":3},{"damage":0,"enemies":"2 Fungi Beasts","floor":13,"turns":1},{"damage":2,"enemies":"Gremlin Nob","floor":14,"turns":4},{"damage":29,"enemies":"The Guardian","floor":16,"turns":8},{"damage":6,"enemies":"3 Byrds","floor":18,"turns":7},{"damage":12,"enemies":"Shell Parasite","floor":19,"turns":5},{"damage":30,"enemies":"3 Cultists","floor":20,"turns":6}],"seed_played":"4818964780423833612","potions_obtained":[{"floor":8,"key":"Regen Potion"},{"floor":10,"key":"Dexterity Potion"},{"floor":12,"key":"FairyPotion"},{"floor":13,"key":"CultistPotion"},{"floor":14,"key":"Weak Potion"},{"floor":19,"key":"Dexterity Potion"}],"is_trial":false,"path_per_floor":["M","M","$","?","?","E","R","M","T","M","R","E","M","E","R","B",null,"M","M","M"],"character_chosen":"THE_BLADEMASTER","items_purchased":[],"campfire_rested":0,"item_purchase_floors":[],"current_hp_per_floor":[75,75,75,70,70,70,70,70,70,72,72,61,63,72,72,45,75,69,59,31,31],"gold":338,"neow_bonus":"THREE_ENEMY_KILL","is_daily":false,"chose_seed":false,"campfire_upgraded":2,"win_rate":0.0,"timestamp":1607810421,"path_taken":["M","M","$","?","?","E","R","M","T","M","R","E","M","E","R","BOSS","M","M","M"],"items_purchased_type":[],"build_version":"2020-11-30","purchased_purges":1,"victory":false,"max_hp_per_floor":[75,75,75,75,75,75,75,75,75,75,75,75,75,75,75,75,75,75,75,75,75],"card_choices":[{"not_picked":["blademaster:AwakeningStrike","blademaster:Thrust"],"picked":"blademaster:Quickstep","floor":1},{"not_picked":["blademaster:SlyStabs","blademaster:AspectOfLightning"],"picked":"blademaster:Empower","floor":2},{"not_picked":["blademaster:CloudOfSteel","blademaster:Cut"],"picked":"blademaster:BrainBloom","floor":6},{"not_picked":["blademaster:ThunderSlash","blademaster:Cut"],"picked":"blademaster:Thrust","floor":8},{"not_picked":["blademaster:Safeguard","blademaster:Cut"],"picked":"blademaster:AwakeningStrike","floor":10},{"not_picked":["blademaster:AspectOfWind","blademaster:AncestralHealing","blademaster:DeadlyDance"],"picked":"SKIP","floor":12},{"not_picked":["blademaster:KiBarrier","blademaster:AwakeningDefend","blademaster:EyeOfTheStorm"],"picked":"SKIP","floor":13},{"not_picked":["blademaster:DancingEdge","blademaster:CombatPrep"],"picked":"blademaster:Thrust","floor":14},{"not_picked":["blademaster:ThreePointStrike","blademaster:Empower"],"picked":"blademaster:FlockOfBlades","floor":16},{"not_picked":["blademaster:DeadlyDance","blademaster:BloodyBlow+1"],"picked":"blademaster:Flurry","floor":18},{"not_picked":["blademaster:SharpBlades","blademaster:ParryingStrike"],"picked":"blademaster:Sharpen","floor":19}],"player_experience":118115,"relics_obtained":[{"floor":6,"key":"Potion Belt"},{"floor":6,"key":"blademaster:RandomBladePerk"},{"floor":9,"key":"Blood Vial"},{"floor":12,"key":"PreservedInsect"},{"floor":12,"key":"blademaster:LightningChargePerk"},{"floor":14,"key":"Shovel"},{"floor":14,"key":"blademaster:WindChargePerk"},{"floor":15,"key":"Smiling Mask"}],"event_choices":[{"damage_healed":0,"gold_gain":0,"player_choice":"Ignored","damage_taken":0,"max_hp_gain":0,"max_hp_loss":0,"event_name":"NoteForYourself","floor":5,"gold_loss":0}],"is_beta":false,"boss_relics":[{"not_picked":["Black Star","Runic Dome"],"picked":"SlaversCollar"}],"items_purged_floors":[3],"is_endless":false,"potions_floor_spawned":[8,10,12,13,14,19],"killed_by":"3 Cultists","ascension_level":0}}