{"host":"ow9msrs9p2ctkx99","time":1607803691,"event":{"mods":["AchievementEnabler","BaseMod","Colored Map","Colored Powertips","Minty Spire (QoL Compilation)","Permanent Neow","Quick Restart","SuperFastMode"],"gold_per_floor":[216,229,0,0,18,18,33,33,59,85,85,102,119,148,160,272,284,307,339,351,381,308,349,361,361],"floor_reached":24,"playtime":513,"items_purged":["Strike_B"],"score":319,"play_id":"c8d5c1a2-34da-41d3-bc8b-5f0a13c617c5","local_time":"20201212210811","is_ascension_mode":true,"campfire_choices":[{"data":"Reprogram","floor":6.0,"key":"SMITH"},{"data":"Beam Cell","floor":8.0,"key":"SMITH"},{"floor":15.0,"key":"REST"}],"circlet_count":0,"master_deck":["Strike_B","Strike_B+1","Defend_B","Defend_B","Defend_B","Defend_B+1","Zap","Dualcast","Steam","FTL","Reprogram+1","Beam Cell+1","Rebound","Double Energy","Ball Lightning","Core Surge","Biased Cognition","CurseOfTheBell","Cold Snap+1","Redo+1","Coolheaded+1","Sunder+1"],"relics":["Cracked Core","ClockworkSouvenir","Toy Ornithopter","Odd Mushroom","MawBank","Calling Bell","Dream Catcher","Matryoshka","Mango","Bag of Preparation","Centennial Puzzle"],"acts_visited":["Exordium","TheCity"],"potions_floor_usage":[23,23],"damage_taken":[{"damage":2.0,"enemies":"Jaw Worm","floor":1.0,"turns":3.0},{"damage":3.0,"enemies":"2 Louse","floor":2.0,"turns":3.0},{"damage":0.0,"enemies":"Small Slimes","floor":5.0,"turns":3.0},{"damage":3.0,"enemies":"Red Slaver","floor":7.0,"turns":3.0},{"damage":8.0,"enemies":"The Mushroom Lair","floor":10.0,"turns":5.0},{"damage":1.0,"enemies":"Gremlin Gang","floor":12.0,"turns":2.0},{"damage":6.0,"enemies":"Blue Slaver","floor":13.0,"turns":4.0},{"damage":4.0,"enemies":"Gremlin Nob","floor":14.0,"turns":3.0},{"damage":19.0,"enemies":"The Guardian","floor":16.0,"turns":9.0},{"damage":24.0,"enemies":"3 Byrds","floor":18.0,"turns":4.0},{"damage":10.0,"enemies":"Chosen","floor":19.0,"turns":4.0},{"damage":0.0,"enemies":"Shelled Parasite and Fungi","floor":20.0,"turns":1.0},{"damage":13.0,"enemies":"3 Cultists","floor":21.0,"turns":5.0},{"damage":43,"enemies":"Slavers","floor":23,"turns":7},{"damage":16,"enemies":"Snecko","floor":24,"turns":2}],"seed_played":"-745635743989290792","potions_obtained":[{"floor":5.0,"key":"AttackPotion"},{"floor":7.0,"key":"Strength Potion"},{"floor":10.0,"key":"FearPotion"},{"floor":12.0,"key":"Dexterity Potion"},{"floor":18.0,"key":"SmokeBomb"},{"floor":23,"key":"Fire Potion"}],"is_trial":false,"path_per_floor":["M","M","$","?","M","R","M","R","T","?","?","M","M","E","R","B",null,"M","M","M","M","?","E","M"],"character_chosen":"DEFECT","items_purchased":["ClockworkSouvenir"],"campfire_rested":1,"item_purchase_floors":[3],"current_hp_per_floor":[66,63,63,56,56,56,53,53,53,45,30,34,28,24,46,32,78,54,44,49,36,36,3,0,0],"gold":361,"neow_bonus":"HUNDRED_GOLD","is_daily":false,"chose_seed":false,"campfire_upgraded":2,"win_rate":0.0,"timestamp":1607803691,"path_taken":["M","M","$","?","M","R","M","R","T","?","?","M","M","E","R","BOSS","M","M","M","M","?","E","M"],"items_purchased_type":["Relic"],"build_version":"2020-11-30","purchased_purges":1,"victory":false,"max_hp_per_floor":[75,75,75,75,75,75,75,75,75,75,75,75,75,75,75,75,89,89,89,89,89,89,89,89,89],"card_choices":[{"not_picked":["Leap","Go for the Eyes"],"picked":"Steam","floor":1.0},{"not_picked":["Self Repair","Gash"],"picked":"FTL","floor":2.0},{"not_picked":["Ball Lightning","Coolheaded"],"picked":"Reprogram","floor":5.0},{"not_picked":["Rebound","Streamline"],"picked":"Beam Cell","floor":7.0},{"not_picked":["Conserve Battery","Barrage"],"picked":"Rebound","floor":10.0},{"not_picked":["Hologram","Conserve Battery"],"picked":"Double Energy","floor":12.0},{"not_picked":["Steam","Darkness"],"picked":"Ball Lightning","floor":13.0},{"not_picked":["Melter","Steam"],"picked":"Core Surge","floor":14.0},{"not_picked":["Fission","Reboot"],"picked":"Biased Cognition","floor":16.0},{"not_picked":["Self Repair","BootSequence"],"picked":"Cold Snap+1","floor":18.0},{"not_picked":["Ball Lightning","Melter+1"],"picked":"Redo+1","floor":19.0},{"not_picked":["Force Field+1","Auto Shields"],"picked":"Coolheaded+1","floor":21.0},{"not_picked":["Aggregate","Beam Cell"],"picked":"Sunder+1","floor":23}],"player_experience":952202,"relics_obtained":[{"floor":9.0,"key":"Toy Ornithopter"},{"floor":10.0,"key":"Odd Mushroom"},{"floor":14.0,"key":"MawBank"},{"floor":17.0,"key":"Dream Catcher"},{"floor":17.0,"key":"Matryoshka"},{"floor":17.0,"key":"Mango"},{"floor":23,"key":"Centennial Puzzle"}],"event_choices":[{"cards_removed":["Strike_B"],"damage_healed":0.0,"max_hp_gain":0.0,"max_hp_loss":0.0,"gold_gain":0.0,"event_name":"Golden Wing","player_choice":"Card Removal","floor":4.0,"gold_loss":0.0,"damage_taken":7.0},{"damage_healed":0.0,"max_hp_gain":0.0,"max_hp_loss":0.0,"gold_gain":0.0,"event_name":"Mushrooms","player_choice":"Fought Mushrooms","floor":10.0,"gold_loss":0.0,"damage_taken":0.0},{"damage_healed":0.0,"max_hp_gain":0.0,"max_hp_loss":0.0,"gold_gain":0.0,"event_name":"Shining Light","player_choice":"Entered Light","floor":11.0,"gold_loss":0.0,"damage_taken":15.0,"cards_upgraded":["Strike_B","Defend_B"]},{"damage_healed":0.0,"max_hp_gain":0.0,"max_hp_loss":0.0,"gold_gain":0.0,"event_name":"Addict","player_choice":"Obtained Relic","floor":22.0,"gold_loss":85.0,"damage_taken":0.0,"relics_obtained":["Bag of Preparation"]}],"is_beta":false,"boss_relics":[{"not_picked":["Fusion Hammer","Velvet Choker"],"picked":"Calling Bell"}],"items_purged_floors":[3],"is_endless":false,"potions_floor_spawned":[5,7,10,12,14,18,23],"killed_by":"Snecko","ascension_level":9}}