{"host":"m6aaltr68g9tvoay","time":1607804728,"event":{"mods":["AchievementEnabler","BaseMod","Colored Map","Minty Spire (QoL Compilation)","StSLib"],"gold_per_floor":[114,114,132,145,156,156,170,170,170,170,270,283,295,9,9,9,9],"floor_reached":16,"playtime":395,"items_purged":[],"score":183,"play_id":"09cec99f-3bf7-4986-ad43-46cdefd839d7","local_time":"20201212122528","is_ascension_mode":true,"campfire_choices":[{"data":"Finisher","floor":6.0,"key":"SMITH"},{"data":"Dagger Spray","floor":8.0,"key":"SMITH"},{"data":"Masterful Stab","floor":10.0,"key":"SMITH"},{"floor":15.0,"key":"REST"}],"circlet_count":0,"master_deck":["AscendersBane","Strike_G","Strike_G","Strike_G","Strike_G","Strike_G","Defend_G","Defend_G","Defend_G","Defend_G","Defend_G","Survivor","Neutralize+1","Bullet Time","Masterful Stab+1","Dagger Spray+1","Finisher+1","Dodge and Roll","Slice","Cloak And Dagger","Caltrops","All Out Attack"],"relics":["Ring of the Snake","Anchor","Medical Kit"],"acts_visited":["Exordium"],"potions_floor_usage":[16,16],"damage_taken":[{"damage":10.0,"enemies":"Jaw Worm","floor":1.0,"turns":4.0},{"damage":0.0,"enemies":"Cultist","floor":3.0,"turns":3.0},{"damage":3.0,"enemies":"2 Louse","floor":4.0,"turns":2.0},{"damage":0.0,"enemies":"Exordium Wildlife","floor":5.0,"turns":1.0},{"damage":12.0,"enemies":"Large Slime","floor":7.0,"turns":3.0},{"damage":3.0,"enemies":"Blue Slaver","floor":12.0,"turns":3.0},{"damage":4.0,"enemies":"Exordium Wildlife","floor":13.0,"turns":4.0},{"damage":46,"enemies":"Slime Boss","floor":16,"turns":6}],"seed_played":"1105502694118865427","potions_obtained":[{"floor":4.0,"key":"ColorlessPotion"},{"floor":5.0,"key":"DuplicationPotion"},{"floor":12.0,"key":"Weak Potion"}],"is_trial":false,"path_per_floor":["M","?","M","M","M","R","M","R","T","R","?","M","M","$","R","B"],"character_chosen":"THE_SILENT","items_purchased":["Caltrops","Medical Kit","All Out Attack"],"campfire_rested":1,"item_purchase_floors":[14,14,14],"current_hp_per_floor":[49,49,49,46,46,46,34,34,34,34,34,31,27,27,46,0,0],"gold":9,"neow_bonus":"ONE_RANDOM_RARE_CARD","is_daily":false,"chose_seed":false,"campfire_upgraded":3,"win_rate":0.0,"timestamp":1607804728,"path_taken":["M","?","M","M","?","R","?","R","T","R","?","M","M","$","R","BOSS"],"items_purchased_type":["Card","Relic","Card"],"build_version":"2020-11-30","purchased_purges":0,"victory":false,"max_hp_per_floor":[66,66,66,66,66,66,66,66,66,66,66,66,66,66,66,66,66],"card_choices":[{"not_picked":["Prepared","Quick Slash"],"picked":"Masterful Stab","floor":1.0},{"not_picked":["Slice","Sucker Punch"],"picked":"Dagger Spray","floor":3.0},{"not_picked":["Unload","Predator"],"picked":"Finisher","floor":4.0},{"not_picked":["Dagger Spray","Acrobatics"],"picked":"Dodge and Roll","floor":5.0},{"not_picked":["Underhanded Strike","Sucker Punch"],"picked":"Slice","floor":7.0},{"not_picked":["Sucker Punch","Dodge and Roll"],"picked":"Cloak And Dagger","floor":12.0},{"not_picked":["Dagger Spray","Flying Knee","Cloak And Dagger"],"picked":"SKIP","floor":13.0}],"player_experience":1225358,"relics_obtained":[{"floor":9.0,"key":"Anchor"}],"event_choices":[{"damage_healed":0.0,"max_hp_gain":0.0,"max_hp_loss":0.0,"gold_gain":0.0,"event_name":"Accursed Blacksmith","player_choice":"Forge","floor":2.0,"gold_loss":0.0,"damage_taken":0.0,"cards_upgraded":["Neutralize"]},{"damage_healed":0.0,"max_hp_gain":0.0,"max_hp_loss":0.0,"gold_gain":100.0,"event_name":"Wheel of Change","player_choice":"Gold","floor":11.0,"gold_loss":0.0,"damage_taken":0.0}],"is_beta":false,"boss_relics":[],"items_purged_floors":[],"is_endless":false,"potions_floor_spawned":[4,5,12],"killed_by":"Slime Boss","ascension_level":19}}