{"host":"w6oy2nru13p3os12","time":1607799541,"event":{"mods":["BaseMod","BetterRewards","Colored Powertips","Conspire","Energized Spire","GungeonMod","Halation","Hubris","Mimic Mod","Minty Spire (QoL Compilation)","Permanent Neow","Quick Restart","Replay The Spire","Reworked Bosses","Spikes Relics","StSLib","The Jungle","Wandering Minibosses"],"gold_per_floor":[113,113,127,127,127,161,161,161,188,201,211,245,245,256,256,359,359,374,389,405,330,330,330,342,370,370,402,402,402,413,363,363,468,518,536,552,572,589,589,589,622,622,649,649,649,469,481,496,496,496],"floor_reached":51,"playtime":2404,"items_purged":["Strike_G","Strike_G"],"score":984,"play_id":"c4eaddba-1d0c-4c8a-9f1b-73b7b6102a0c","local_time":"20201212135901","is_ascension_mode":true,"campfire_choices":[{"data":"Crippling Poison","floor":7,"key":"SMITH"},{"data":"Poisoned Stab","floor":13,"key":"SMITH"},{"data":"PiercingWail","floor":23,"key":"SMITH"},{"data":"Noxious Fumes","floor":29,"key":"SMITH"},{"floor":32,"key":"REST"},{"data":"Burst","floor":40,"key":"SMITH"},{"floor":42,"key":"REST"},{"data":"Corpse Explosion","floor":45,"key":"SMITH"},{"data":"Strike_G","floor":49,"key":"PURGE"}],"circlet_count":0,"master_deck":["Strike_G","Defend_G+2","Defend_G+2","Defend_G+1","Defend_G+2","Defend_G+1","Survivor","Neutralize","Corpse Explosion+1","Acrobatics+1","Poisoned Stab+1","Crippling Poison+1","Deflect","PiercingWail+1","Poisoned Stab","Burst+1","Catalyst+1","Escape Plan","Endless Agony","Dodge and Roll+1","Noxious Fumes+1","Necronomicurse","Deadly Poison+1","ReplayTheSpireMod:Speed Training","Noxious Fumes","Dash"],"relics":["Ring of the Snake","halation:PinkSoulGem","Mango","hubris:Towel","RollingBoulder","hubris:Zylophone","Replay:Fungal Core","Replay:Bottled Eggs","Rawhide","Simple Rune","Necronomicon","Tiny House","wanderingMiniBosses:Inkheart","DemoMod:GlassGuonStoneRelic","Onion Ring","Happy Flower","halation:StarCompass"],"acts_visited":["Exordium","TheCity","TheBeyond"],"potions_floor_usage":[12,24,25,36,50],"damage_taken":[{"damage":0,"enemies":"2 Louse","floor":1,"turns":2},{"damage":1,"enemies":"Small Slimes","floor":3,"turns":3},{"damage":13,"enemies":"Replay:BlueRogue","floor":6,"turns":11},{"damage":0,"enemies":"Jaw Worm","floor":10,"turns":5},{"damage":12,"enemies":"Exordium Thugs","floor":11,"turns":3},{"damage":9,"enemies":"3 Sentries","floor":12,"turns":3},{"damage":0,"enemies":"Red Slaver","floor":14,"turns":5},{"damage":11,"enemies":"Fading Forest","floor":16,"turns":11},{"damage":0,"enemies":"3 Byrds","floor":18,"turns":2},{"damage":0,"enemies":"Shell Parasite","floor":19,"turns":4},{"damage":17,"enemies":"Snake Plant","floor":20,"turns":6},{"damage":6,"enemies":"Sentry and Sphere","floor":24,"turns":7},{"damage":8,"enemies":"Replay:Snechameleon","floor":25,"turns":8},{"damage":0,"enemies":"conspire:SneckoGhost","floor":27,"turns":7},{"damage":2,"enemies":"Centurion and Healer","floor":30,"turns":6},{"damage":1,"enemies":"bossMod:newCollector","floor":33,"turns":5},{"damage":0,"enemies":"Orb Walker","floor":35,"turns":4},{"damage":0,"enemies":"3 Darklings","floor":36,"turns":5},{"damage":4,"enemies":"Maw","floor":37,"turns":6},{"damage":4,"enemies":"Spire Growth","floor":38,"turns":4},{"damage":37,"enemies":"Reptomancer","floor":41,"turns":7},{"damage":0,"enemies":"3 Darklings","floor":47,"turns":3},{"damage":0,"enemies":"Writhing Mass","floor":48,"turns":7},{"damage":17,"enemies":"hubris:GrandSnecko","floor":50,"turns":8}],"seed_played":"-1620016431535785070","potions_obtained":[{"floor":3,"key":"Reflective Coating"},{"floor":11,"key":"PowerPotion"},{"floor":14,"key":"LifebloodPotion"},{"floor":16,"key":"Dexterity Potion"},{"floor":24,"key":"SpeedPotion"},{"floor":33,"key":"Swift Potion"},{"floor":34,"key":"Strength Potion"},{"floor":35,"key":"PowerPotion"},{"floor":37,"key":"DistilledChaos"}],"is_trial":false,"path_per_floor":["M","?","M","?","?","E","R","?","T","M","M","E","R","M","R","B",null,"M","M","M","$","?","R","M","E","T","E","?","R","M","?","R","B",null,"M","M","M","M","?","R","E","R","T","?","R","$","M","M","R","B",null],"character_chosen":"THE_SILENT","items_purchased":["Noxious Fumes"],"campfire_rested":2,"item_purchase_floors":[46],"current_hp_per_floor":[70,75,74,74,74,75,75,75,75,75,63,54,54,54,80,77,86,86,86,69,69,69,69,63,55,55,55,39,39,37,37,63,62,87,87,87,83,79,79,79,42,70,70,70,70,70,70,70,70,53],"gold":496,"neow_bonus":"ONE_RANDOM_RARE_CARD","is_daily":false,"chose_seed":false,"campfire_upgraded":6,"win_rate":0.0,"timestamp":1607799541,"path_taken":["M","?","M","?","?","E","R","?","T","?","M","E","R","M","R","BOSS","M","M","M","$","?","R","?","E","T","E","?","R","M","?","R","BOSS","M","M","?","M","?","R","E","R","T","?","R","$","M","M","R","BOSS"],"items_purchased_type":["Card"],"build_version":"2020-11-30","purchased_purges":2,"victory":true,"max_hp_per_floor":[70,75,75,75,75,89,89,89,89,89,89,89,89,89,89,89,89,89,89,89,89,89,89,89,89,89,89,89,89,89,89,89,89,94,94,94,94,94,94,94,94,94,94,94,94,94,94,94,94,94],"card_choices":[{"not_picked":["Hidden Blade","hubris:SlightOfHand"],"picked":"Acrobatics","floor":1},{"not_picked":["Hidden Blade","Riddle With Holes"],"picked":"Poisoned Stab","floor":3},{"not_picked":["Cloak And Dagger","Fluid Movement"],"picked":"Crippling Poison","floor":6},{"not_picked":["hubris:SlightOfHand","Outmaneuver"],"picked":"Deflect","floor":10},{"not_picked":["All Out Attack","Prepared"],"picked":"PiercingWail","floor":11},{"not_picked":["Cloak And Dagger","Reflex","Dodge and Roll"],"picked":"SKIP","floor":12},{"not_picked":["PiercingWail","Dodge and Roll"],"picked":"Poisoned Stab","floor":14},{"not_picked":["Malaise","Die Die Die"],"picked":"Burst","floor":16},{"not_picked":["ReplayTheSpireMod:Tripwire+1","Deflect"],"picked":"Catalyst+1","floor":18},{"not_picked":["Dagger Throw","Flying Knee","Concentrate"],"picked":"SKIP","floor":19},{"not_picked":["Flying Knee","Dodge and Roll"],"picked":"Escape Plan","floor":20},{"not_picked":["Acrobatics+1","Underhanded Strike"],"picked":"Dodge and Roll+1","floor":24},{"not_picked":["Cloak And Dagger","Prepared","Flying Knee"],"picked":"SKIP","floor":25},{"not_picked":["Heel Hook","ReplayTheSpireMod:Scrap Shanks"],"picked":"Noxious Fumes","floor":27},{"not_picked":["Prepared","Storm of Steel"],"picked":"Deadly Poison+1","floor":30},{"not_picked":["Draining Mist","Flying Knee"],"picked":"ReplayTheSpireMod:Speed Training","floor":34},{"not_picked":["ReplayTheSpireMod:Shiv Toss+1","Cloak And Dagger","ReplayTheSpireMod:Exploit Weakness+1"],"picked":"SKIP","floor":35},{"not_picked":["ReplayTheSpireMod:Shiv Toss+1","Cloak And Dagger","ReplayTheSpireMod:Exploit Weakness+1"],"picked":"SKIP","floor":35},{"not_picked":["Poisoned Stab+1","Endless Agony+1","conspire:DoublingDagger+1"],"picked":"SKIP","floor":36},{"not_picked":["InfectiousVector+1","hubris:SlightOfHand","Backflip"],"picked":"SKIP","floor":37},{"not_picked":["Phantasmal Killer","Draining Mist+1","conspire:PoisonWeapons+1"],"picked":"SKIP","floor":38},{"not_picked":["Dagger Throw","Prepared","Quick Slash"],"picked":"SKIP","floor":41},{"not_picked":["Prepared+1","Quick Slash+1","Dagger Spray"],"picked":"SKIP","floor":47},{"not_picked":["Hidden Blade","Flying Knee"],"picked":"Dash","floor":48}],"player_experience":333570,"relics_obtained":[{"floor":6,"key":"Mango"},{"floor":9,"key":"RollingBoulder"},{"floor":12,"key":"hubris:Zylophone"},{"floor":25,"key":"Replay:Bottled Eggs"},{"floor":26,"key":"Rawhide"},{"floor":27,"key":"Simple Rune"},{"floor":28,"key":"Necronomicon"},{"floor":36,"key":"wanderingMiniBosses:Inkheart"},{"floor":41,"key":"Onion Ring"},{"floor":43,"key":"Happy Flower"}],"event_choices":[{"damage_healed":0,"gold_gain":0,"player_choice":"Donut","damage_taken":0,"max_hp_gain":5,"max_hp_loss":0,"event_name":"Big Fish","floor":2,"gold_loss":0},{"damage_healed":0,"gold_gain":0,"cards_transformed":["Strike_G"],"player_choice":"Transformed","damage_taken":0,"max_hp_gain":0,"max_hp_loss":0,"event_name":"Transmorgrifier","floor":22,"gold_loss":0,"cards_obtained":["Endless Agony"]},{"damage_healed":0,"gold_gain":0,"player_choice":"Obtained Book","damage_taken":16,"max_hp_gain":0,"max_hp_loss":0,"event_name":"Cursed Tome","floor":28,"gold_loss":0},{"damage_healed":0,"gold_gain":0,"player_choice":"Bet on Murderer","damage_taken":0,"max_hp_gain":0,"max_hp_loss":0,"event_name":"The Joust","floor":31,"gold_loss":50},{"damage_healed":0,"gold_gain":0,"player_choice":"Ignored","damage_taken":0,"max_hp_gain":0,"max_hp_loss":0,"event_name":"Tomb of Lord Red Mask","floor":39,"gold_loss":0}],"is_beta":false,"boss_relics":[{"not_picked":["Honey Jar","hubris:VirtuousBlindfold"],"picked":"Replay:Fungal Core"},{"not_picked":["WristBlade","energizedSpire:SpiderWeb"],"picked":"Tiny House"}],"items_purged_floors":[21,46],"is_endless":false,"potions_floor_spawned":[3,11,14,16,19,24,33,35,37,38,47],"ascension_level":5}}