{"host":"6fbjdsiu9jij34p7","time":1607774531,"event":{"mods":["2.2 Compatiblity","AchievementEnabler","BaseMod","Colored Map","DeckTracker","Highlight Path","Keyboard Shortcuts","Minty Spire (QoL Compilation)","Permanent Neow","Quick Restart","StSLib","SuperFastMode"],"gold_per_floor":[119,44,57,57,57,57,77,96,96,115,115,115],"floor_reached":11,"playtime":264,"items_purged":["Strike_B"],"score":117,"play_id":"cc181d80-63b9-47af-9b71-41b34b6d64d2","local_time":"20201212210211","is_ascension_mode":true,"campfire_choices":[{"data":"Barrage","floor":6,"key":"SMITH"}],"circlet_count":0,"master_deck":["AscendersBane","Strike_B","Strike_B","Strike_B","Defend_B","Defend_B","Defend_B","Defend_B","Zap","Dualcast","Barrage+1","Sweeping Beam","Regret","Compile Driver","Coolheaded","Hologram"],"relics":["Cracked Core","Anchor","Blue Candle","Golden Idol","Question Card"],"acts_visited":["Exordium"],"potions_floor_usage":[10,10],"damage_taken":[{"damage":0,"enemies":"Small Slimes","floor":1,"turns":3},{"damage":0,"enemies":"2 Louse","floor":3,"turns":4},{"damage":8,"enemies":"Jaw Worm","floor":7,"turns":4},{"damage":11,"enemies":"Red Slaver","floor":8,"turns":4},{"damage":8,"enemies":"Lots of Slimes","floor":10,"turns":3},{"damage":21,"enemies":"Gremlin Nob","floor":11,"turns":3}],"seed_played":"-1346055882881824402","potions_obtained":[{"floor":3,"key":"LiquidBronze"},{"floor":8,"key":"FocusPotion"}],"is_trial":false,"path_per_floor":["M","$","M","?","?","R","M","M","T","M","E"],"character_chosen":"DEFECT","items_purchased":[],"campfire_rested":0,"item_purchase_floors":[],"current_hp_per_floor":[64,64,64,64,40,40,32,21,21,13,0,0],"gold":115,"neow_bonus":"RANDOM_COMMON_RELIC","is_daily":false,"chose_seed":false,"campfire_upgraded":1,"win_rate":0.0,"timestamp":1607774531,"path_taken":["M","$","M","?","?","R","M","M","T","M","E"],"items_purchased_type":[],"build_version":"2020-11-30","purchased_purges":1,"victory":false,"max_hp_per_floor":[71,71,71,71,71,71,71,71,71,71,71,71],"card_choices":[{"not_picked":["Coolheaded","Steam"],"picked":"Barrage","floor":1},{"not_picked":["Coolheaded","Heatsinks"],"picked":"Sweeping Beam","floor":3},{"not_picked":["Turbo","Steam"],"picked":"Compile Driver","floor":7},{"not_picked":["Storm","Go for the Eyes"],"picked":"Coolheaded","floor":8},{"not_picked":["Sweeping Beam","White Noise","Beam Cell"],"picked":"Hologram","floor":10}],"player_experience":224259,"relics_obtained":[{"floor":9,"key":"Question Card"}],"event_choices":[{"damage_healed":0,"gold_gain":0,"player_choice":"Box","damage_taken":0,"relics_obtained":["Blue Candle"],"max_hp_gain":0,"max_hp_loss":0,"event_name":"Big Fish","floor":4,"gold_loss":0,"cards_obtained":["Regret"]},{"damage_healed":0,"gold_gain":0,"player_choice":"Take Damage","damage_taken":24,"relics_obtained":["Golden Idol"],"max_hp_gain":0,"max_hp_loss":0,"event_name":"Golden Idol","floor":5,"gold_loss":0}],"is_beta":false,"boss_relics":[],"items_purged_floors":[2],"is_endless":false,"potions_floor_spawned":[3,8],"killed_by":"Gremlin Nob","ascension_level":16}}