{"host":"2461dio7vetlq1z3","time":1607775540,"event":{"mods":["AchievementEnabler","Aspiration","BaseMod","Hermit","Lobotomy","Minty Spire (QoL Compilation)","Relic Stats","Spicy Shops","StSLib","Waifu the Spire"],"gold_per_floor":[119,45,62,77,88,118,118,153,177,196,210,241,241,191,191,267,267,285,210,11,286,301,333,333,359,359,359,38,65,84,128,128,212,212,226,251,251,42,61,61,61,61,61,61,70,89,117,132,132,132,132,132,132,173,173],"floor_reached":56,"playtime":2273,"items_purged":["Strike_G","Strike_G","Strike_G"],"score":2170,"play_id":"cd5904ea-e05d-4372-8501-0452f6202faf","local_time":"20201212131900","is_ascension_mode":true,"campfire_choices":[{"data":"Dramatic Entrance","floor":7,"key":"SMITH"},{"floor":13,"key":"REST"},{"data":"Neutralize","floor":15,"key":"SMITH"},{"data":"Wraith Form v2","floor":24,"key":"SMITH"},{"data":"aspiration:Lunge","floor":27,"key":"SMITH"},{"data":"Skewer","floor":32,"key":"SMITH"},{"floor":40,"key":"RECALL"},{"data":"Wraith Form v2","floor":42,"key":"SMITH"},{"data":"Terror","floor":44,"key":"SMITH"},{"data":"Wraith Form v2","floor":49,"key":"SMITH"},{"data":"Acrobatics","floor":52,"key":"SMITH"}],"circlet_count":0,"master_deck":["AscendersBane","Defend_G","Defend_G","Defend_G","Defend_G","Survivor","Neutralize+1","Dramatic Entrance+1","Poisoned Stab","Deflect","Acrobatics+1","Terror+1","Poisoned Stab","Venomology","Choke","PiercingWail","aspiration:Lunge+1","Wraith Form v2+1","CurseOfTheBell","Backstab","Blade Dance","Regret","PiercingWail","Dash","Skewer+1","Wraith Form v2+1","Calculated Gamble","Parasite","Predator+1","Wraith Form v2+1","Parasite","PiercingWail","A Thousand Cuts"],"relics":["Ring of the Snake","Bronze Scales","Gremlin Horn","aspiration:Lifesprig","Anchor","Du-Vu Doll","Calling Bell","Boot","Letter Opener","Turnip","Orichalcum","CeramicFish","Art of War","PreservedInsect","Akabeko","Strange Spoon","Lantern","Black Star","aspiration:KaomsHeart"],"acts_visited":["Exordium","TheCity","TheBeyond","TheEnding"],"potions_floor_usage":[6,8,12,16,16,25,31,33,33,33,33,48,50,50,50,54,55,55,55],"damage_taken":[{"damage":2,"enemies":"Jaw Worm","floor":1,"turns":5},{"damage":0,"enemies":"Cultist","floor":3,"turns":3},{"damage":0,"enemies":"Small Slimes","floor":4,"turns":2},{"damage":0,"enemies":"Blue Slaver","floor":5,"turns":4},{"damage":10,"enemies":"3 Sentries","floor":6,"turns":7},{"damage":18,"enemies":"Gremlin Nob","floor":8,"turns":3},{"damage":0,"enemies":"Gremlin Gang","floor":10,"turns":3},{"damage":0,"enemies":"Exordium Thugs","floor":11,"turns":2},{"damage":25,"enemies":"Lagavulin","floor":12,"turns":8},{"damage":0,"enemies":"Slime Boss","floor":16,"turns":6},{"damage":1,"enemies":"Shell Parasite","floor":18,"turns":4},{"damage":0,"enemies":"3 Byrds","floor":22,"turns":2},{"damage":1,"enemies":"Slavers","floor":23,"turns":3},{"damage":2,"enemies":"Gremlin Leader","floor":25,"turns":3},{"damage":3,"enemies":"Shelled Parasite and Fungi","floor":29,"turns":3},{"damage":1,"enemies":"Centurion and Healer","floor":30,"turns":2},{"damage":0,"enemies":"Book of Stabbing","floor":31,"turns":2},{"damage":42,"enemies":"Collector","floor":33,"turns":5},{"damage":0,"enemies":"3 Darklings","floor":35,"turns":1},{"damage":1,"enemies":"3 Shapes","floor":36,"turns":3},{"damage":0,"enemies":"3 Darklings","floor":39,"turns":1},{"damage":1,"enemies":"Writhing Mass","floor":46,"turns":4},{"damage":0,"enemies":"Sphere and 2 Shapes","floor":47,"turns":2},{"damage":1,"enemies":"Spire Growth","floor":48,"turns":3},{"damage":52,"enemies":"Time Eater","floor":50,"turns":15},{"damage":13,"enemies":"Shield and Spear","floor":54,"turns":5},{"damage":87,"enemies":"The Heart","floor":55,"turns":14}],"seed_played":"-8839051738429946382","potions_obtained":[{"floor":3,"key":"SteroidPotion"},{"floor":5,"key":"AttackPotion"},{"floor":8,"key":"EntropicBrew"},{"floor":12,"key":"LiquidMemories"},{"floor":35,"key":"PowerPotion"},{"floor":48,"key":"Dexterity Potion"},{"floor":54,"key":"DuplicationPotion"}],"is_trial":false,"path_per_floor":["M","?","M","M","M","E","R","E","T","M","M","E","R","?","R","B",null,"M","?","$","?","M","E","R","E","T","R","$","M","M","E","R","B",null,"M","M","?","$","M","R","$","R","T","R","?","M","M","M","R","B",null,"R","$","E","B",null],"character_chosen":"THE_SILENT","items_purchased":["Orichalcum","Blade Dance","Akabeko","Strange Spoon","aspiration:KaomsHeart"],"campfire_rested":1,"item_purchase_floors":[20,20,28,28,38],"current_hp_per_floor":[61,61,61,61,61,51,51,33,33,33,33,8,29,29,29,29,60,59,59,59,59,59,58,58,56,56,56,56,53,52,57,57,15,56,56,55,50,150,150,150,150,150,150,150,150,149,149,148,148,96,152,152,152,139,52],"gold":173,"neow_bonus":"RANDOM_COLORLESS","is_daily":false,"chose_seed":false,"campfire_upgraded":9,"win_rate":0.0,"timestamp":1607775540,"path_taken":["M","?","M","M","M","E","R","E","T","M","?","E","R","?","R","BOSS","M","?","$","?","M","E","R","E","T","R","$","M","M","E","R","BOSS","M","?","?","$","M","R","$","R","T","R","?","M","?","M","R","BOSS","R","$","E","BOSS"],"items_purchased_type":["Relic","Card","Relic","Relic","Relic"],"build_version":"2020-11-30","purchased_purges":3,"victory":true,"max_hp_per_floor":[70,70,70,70,70,70,70,70,70,70,70,70,70,70,70,70,70,70,70,70,70,70,70,70,70,70,70,70,70,70,70,70,70,70,70,70,70,170,170,170,170,170,170,170,170,170,170,170,170,170,170,170,170,170,170],"relic_stats":{"Gremlin Horn":[21,21],"counters":[27,115],"CeramicFish":90,"PreservedInsect":120,"Letter Opener":[46],"Orichalcum":[198],"Boot":[16],"Strange Spoon":[57],"Bronze Scales":[409],"Turnip":[7],"Art of War":[9],"Black Star":1,"obtain_stats":[{"aspiration:Lifesprig":8,"Lantern":31,"Gremlin Horn":6,"CeramicFish":23,"PreservedInsect":26,"Letter Opener":17,"Orichalcum":20,"Boot":17,"Akabeko":28,"Du-Vu Doll":12,"Calling Bell":17,"Strange Spoon":28,"Anchor":9,"Bronze Scales":2,"aspiration:KaomsHeart":38,"Turnip":17,"Art of War":25,"Black Star":34,"Ring of the Snake":0},{"aspiration:Lifesprig":6,"Lantern":17,"Gremlin Horn":5,"CeramicFish":13,"PreservedInsect":14,"Letter Opener":10,"Orichalcum":11,"Boot":10,"Akabeko":14,"Du-Vu Doll":9,"Calling Bell":10,"Strange Spoon":14,"Anchor":6,"Bronze Scales":1,"aspiration:KaomsHeart":20,"Turnip":10,"Art of War":14,"Black Star":18,"Ring of the Snake":0},{"aspiration:Lifesprig":24,"Lantern":62,"Gremlin Horn":21,"CeramicFish":52,"PreservedInsect":55,"Letter Opener":43,"Orichalcum":47,"Boot":43,"Akabeko":55,"Du-Vu Doll":37,"Calling Bell":43,"Strange Spoon":55,"Anchor":24,"Bronze Scales":5,"aspiration:KaomsHeart":71,"Turnip":43,"Art of War":55,"Black Star":67,"Ring of the Snake":0}],"Ring of the Snake":[54]},"card_choices":[{"not_picked":["Good Instincts","Dark Shackles"],"picked":"Dramatic Entrance","floor":0},{"not_picked":["Underhanded Strike","Flechettes"],"picked":"Poisoned Stab","floor":1},{"not_picked":["Slice","Backflip"],"picked":"Deflect","floor":3},{"not_picked":["Catalyst","Flying Knee"],"picked":"Acrobatics","floor":4},{"not_picked":["Dagger Spray","Underhanded Strike"],"picked":"Terror","floor":5},{"not_picked":["Dagger Spray","Underhanded Strike"],"picked":"Poisoned Stab","floor":6},{"not_picked":["Choke","Acrobatics"],"picked":"Venomology","floor":8},{"not_picked":["Sucker Punch","Slice"],"picked":"Choke","floor":10},{"not_picked":["Dodge and Roll","Caltrops"],"picked":"PiercingWail","floor":11},{"not_picked":["Deflect","Bullet Time"],"picked":"aspiration:Lunge","floor":12},{"not_picked":["Unload","Glass Knife"],"picked":"Wraith Form v2","floor":16},{"not_picked":["Quick Slash","Catalyst+1"],"picked":"Backstab","floor":18},{"not_picked":["Underhanded Strike","Prepared+1"],"picked":"PiercingWail","floor":22},{"not_picked":["Deflect","Bouncing Flask","Cloak And Dagger"],"picked":"SKIP","floor":23},{"not_picked":["Quick Slash","Reflex+1","Deflect"],"picked":"SKIP","floor":25},{"not_picked":["Blade Dance+1","Flechettes"],"picked":"Dash","floor":29},{"not_picked":["Heel Hook","Deadly Poison","Prepared"],"picked":"SKIP","floor":30},{"not_picked":["Noxious Fumes","Escape Plan"],"picked":"Skewer","floor":31},{"not_picked":["Night Terror","Die Die Die"],"picked":"Wraith Form v2","floor":33},{"not_picked":["Blade Dance","Dodge and Roll","Expertise"],"picked":"SKIP","floor":35},{"not_picked":["Skewer","Predator"],"picked":"Calculated Gamble","floor":36},{"not_picked":["Cloak And Dagger","Bouncing Flask"],"picked":"Predator+1","floor":39},{"not_picked":["Prepared","Concentrate","Expertise"],"picked":"SKIP","floor":46},{"not_picked":["Quick Slash","Deadly Poison"],"picked":"PiercingWail","floor":47},{"not_picked":["Dagger Spray+1","Prepared","Dodge and Roll"],"picked":"SKIP","floor":48},{"not_picked":["Backflip","Flying Knee"],"picked":"A Thousand Cuts","floor":54}],"player_experience":641067,"relics_obtained":[{"floor":6,"key":"Gremlin Horn"},{"floor":8,"key":"aspiration:Lifesprig"},{"floor":9,"key":"Anchor"},{"floor":12,"key":"Du-Vu Doll"},{"floor":17,"key":"Boot"},{"floor":17,"key":"Letter Opener"},{"floor":17,"key":"Turnip"},{"floor":23,"key":"CeramicFish"},{"floor":25,"key":"Art of War"},{"floor":26,"key":"PreservedInsect"},{"floor":31,"key":"Lantern"},{"floor":54,"key":"aspiration:KMNothing"},{"floor":54,"key":"aspiration:KMNothing"}],"event_choices":[{"damage_healed":0,"gold_gain":0,"player_choice":"Paid Gold","damage_taken":0,"relics_obtained":["Bronze Scales"],"max_hp_gain":0,"max_hp_loss":0,"event_name":"WeMeetAgain","floor":2,"gold_loss":74},{"cards_removed":["Strike_G"],"damage_healed":0,"gold_gain":0,"player_choice":"Card Removal","damage_taken":0,"max_hp_gain":0,"max_hp_loss":0,"event_name":"The Cleric","floor":14,"gold_loss":50},{"cards_removed":["Strike_G"],"damage_healed":0,"gold_gain":0,"player_choice":"Gave Gold","damage_taken":0,"max_hp_gain":0,"max_hp_loss":0,"event_name":"Beggar","floor":19,"gold_loss":75},{"damage_healed":0,"gold_gain":275,"player_choice":"Desecrate","damage_taken":0,"max_hp_gain":0,"max_hp_loss":0,"event_name":"Golden Shrine","floor":21,"gold_loss":0,"cards_obtained":["Regret"]},{"damage_healed":0,"gold_gain":0,"player_choice":"Memory 2","damage_taken":5,"max_hp_gain":0,"max_hp_loss":0,"event_name":"SensoryStone","floor":37,"gold_loss":0},{"damage_healed":0,"gold_gain":0,"cards_transformed":["Defend_G"],"player_choice":"Transformed","damage_taken":0,"max_hp_gain":0,"max_hp_loss":0,"event_name":"Transmorgrifier","floor":45,"gold_loss":0,"cards_obtained":["Wraith Form v2"]}],"is_beta":false,"boss_relics":[{"not_picked":["Busted Crown","aspiration:PoetsPen_weak"],"picked":"Calling Bell"},{"not_picked":["Velvet Choker","Snecko Eye"],"picked":"Black Star"}],"items_purged_floors":[20,28,38],"is_endless":false,"potions_floor_spawned":[3,5,8,12,22,29,30,35,39,48,54],"ascension_level":13}}