{"host":"2461dio7vetlq1z3","time":1607773030,"event":{"mods":["AchievementEnabler","Aspiration","Bard","BaseMod","Hermit","Lobotomy","Marisa????????","Minty Spire (QoL Compilation)","Relic Stats","Spicy Shops","StSLib","Waifu the Spire"],"gold_per_floor":[213,65,85,111,58,97,97,154,154,154,229,229,254,315,315,478,478,495,153,88,166,66,108,108,118,118,33,53,53,101,171,171,171],"floor_reached":32,"playtime":2056,"items_purged":["Strike_MRS","Strike_MRS","Strike_MRS","Strike_MRS"],"score":493,"play_id":"c3a3cfaa-d56b-4709-bd70-02e34967b4c4","local_time":"20201212123710","is_ascension_mode":true,"campfire_choices":[{"data":"Robbery","floor":7,"key":"SMITH"},{"data":"SporeBomb","floor":10,"key":"SMITH"},{"data":"SuperNova","floor":29,"key":"SMITH"}],"circlet_count":0,"master_deck":["Defend_MRS","Defend_MRS","Defend_MRS","Defend_MRS","MasterSpark","UpSweep","DC","Robbery+1","GalacticHalo","GalacticHalo","GrandCross","SporeBomb+1","UltimateShortwave","OrrerysSun","6A","EscapeVelocity","6A+1","SuperNova+1","MachineGunSpark","EnergyFlow","OpenUniverse","MagicChant+1","GalacticHalo+1"],"relics":["MiniHakkero","ClockworkSouvenir","Smiling Mask","Meat on the Bone","aspiration:ArtOfWarUpgrade","Snecko Eye","Centennial Puzzle","White Beast Statue","Anchor","Molten Egg 2"],"acts_visited":["Exordium","TheCity"],"potions_floor_usage":[23],"damage_taken":[{"damage":2,"enemies":"Jaw Worm","floor":1,"turns":3},{"damage":0,"enemies":"2 Louse","floor":3,"turns":2},{"damage":1,"enemies":"Cultist","floor":4,"turns":3},{"damage":10,"enemies":"3 Sentries","floor":6,"turns":8},{"damage":14,"enemies":"Large Slime","floor":8,"turns":5},{"damage":0,"enemies":"Gremlin Nob","floor":13,"turns":4},{"damage":11,"enemies":"Looter","floor":14,"turns":3},{"damage":29,"enemies":"Slime Boss","floor":16,"turns":7},{"damage":12,"enemies":"Spheric Guardian","floor":18,"turns":4},{"damage":10,"enemies":"2 Thieves","floor":20,"turns":5},{"damage":5,"enemies":"Centurion and Healer","floor":21,"turns":6},{"damage":46,"enemies":"Book of Stabbing","floor":23,"turns":5},{"damage":8,"enemies":"Snecko","floor":25,"turns":5},{"damage":0,"enemies":"Snake Plant","floor":28,"turns":5},{"damage":28,"enemies":"Slavers","floor":30,"turns":7},{"damage":10,"enemies":"Shelled Parasite and Fungi","floor":31,"turns":5}],"seed_played":"3777434587537152851","potions_obtained":[{"floor":3,"key":"Block Potion"},{"floor":14,"key":"SpeedPotion"},{"floor":16,"key":"DistilledChaos"},{"floor":21,"key":"DuplicationPotion"},{"floor":25,"key":"SpeedPotion"},{"floor":30,"key":"Swift Potion"}],"is_trial":false,"path_per_floor":["M","$","M","M","$","E","R","M","T","R","?","?","E","M","R","B",null,"M","$","M","M","$","E","R","M","T","?","M","R","E","M","R"],"character_chosen":"MARISA","items_purchased":["ClockworkSouvenir","GalacticHalo","SuperNova"],"campfire_rested":0,"item_purchase_floors":[2,5,19],"current_hp_per_floor":[66,66,66,65,65,55,55,41,41,41,30,30,42,43,43,26,63,51,51,41,48,48,14,14,18,18,18,30,30,14,16,16,16],"gold":171,"neow_bonus":"HUNDRED_GOLD","is_daily":false,"chose_seed":false,"campfire_upgraded":3,"win_rate":0.0,"timestamp":1607773030,"path_taken":["M","$","M","M","$","E","R","M","T","R","?","?","E","M","R","BOSS","M","$","M","M","?","E","R","M","T","?","M","R","E","M","R"],"items_purchased_type":["Relic","Card","Card"],"build_version":"2020-11-30","purchased_purges":4,"victory":false,"max_hp_per_floor":[75,75,75,75,75,75,75,75,75,75,75,75,75,75,75,75,75,75,75,75,75,75,75,75,75,75,75,75,75,75,75,75,75],"relic_stats":{"Centennial Puzzle":[9],"counters":[16,77],"Snecko Eye":[61,90,70,79],"Smiling Mask":225,"obtain_stats":[{"Centennial Puzzle":23,"Anchor":27,"Snecko Eye":17,"aspiration:ArtOfWarUpgrade":24,"Molten Egg 2":30,"Art of War":13,"MiniHakkero":0,"Smiling Mask":6,"White Beast Statue":26,"ClockworkSouvenir":2,"Meat on the Bone":9},{"Centennial Puzzle":12,"Anchor":13,"Snecko Eye":8,"aspiration:ArtOfWarUpgrade":12,"Molten Egg 2":15,"Art of War":6,"MiniHakkero":0,"Smiling Mask":4,"White Beast Statue":13,"ClockworkSouvenir":1,"Meat on the Bone":5},{"Centennial Puzzle":55,"Anchor":60,"Snecko Eye":35,"aspiration:ArtOfWarUpgrade":55,"Molten Egg 2":72,"Art of War":25,"MiniHakkero":0,"Smiling Mask":16,"White Beast Statue":60,"ClockworkSouvenir":3,"Meat on the Bone":21}],"Meat on the Bone":108},"card_choices":[{"not_picked":["MysteriousBeam","NonDirectionalLaser"],"picked":"DC","floor":1},{"not_picked":["Orbital","DarkSpark"],"picked":"Robbery","floor":3},{"not_picked":["NonDirectionalLaser","UnstableBomb"],"picked":"GalacticHalo","floor":4},{"not_picked":["AlicesGift","DC"],"picked":"GrandCross","floor":6},{"not_picked":["DeepEcoloBomb","OpenUniverse"],"picked":"SporeBomb","floor":8},{"not_picked":["IllusionStar","Acceleration"],"picked":"OrrerysSun","floor":13},{"not_picked":["DC","DragonMeteor"],"picked":"6A","floor":14},{"not_picked":["SuperNova","MillisecondPulsars"],"picked":"EscapeVelocity","floor":16},{"not_picked":["Acceleration+1","DoubleSpark"],"picked":"6A+1","floor":18},{"not_picked":["LuminesStrike+1","Acceleration","WitchLeyline"],"picked":"SKIP","floor":20},{"not_picked":["WitchLeyline","NonDirectionalLaser"],"picked":"MachineGunSpark","floor":21},{"not_picked":["FairyDestructionRay","GravityBeat+1"],"picked":"EnergyFlow","floor":23},{"not_picked":["EventHorizon","ShootTheMoon+1","Acceleration+1"],"picked":"SKIP","floor":25},{"not_picked":["MagicChant","MilkyWay"],"picked":"OpenUniverse","floor":28},{"not_picked":["EnergyFlow","MachineGunSpark+1"],"picked":"MagicChant+1","floor":30},{"not_picked":["AlicesGift+1","PulseMagic"],"picked":"GalacticHalo+1","floor":31}],"player_experience":697497,"relics_obtained":[{"floor":6,"key":"Smiling Mask"},{"floor":9,"key":"Meat on the Bone"},{"floor":13,"key":"Art of War"},{"floor":23,"key":"Centennial Puzzle"},{"floor":26,"key":"White Beast Statue"},{"floor":30,"key":"Molten Egg 2"}],"event_choices":[{"damage_healed":0,"gold_gain":75,"player_choice":"Gather Gold","damage_taken":11,"max_hp_gain":0,"max_hp_loss":0,"event_name":"World of Goop","floor":11,"gold_loss":0},{"damage_healed":0,"gold_gain":0,"player_choice":"1 cards matched","damage_taken":0,"max_hp_gain":0,"max_hp_loss":0,"event_name":"Match and Keep!","floor":12,"gold_loss":0,"cards_obtained":["UltimateShortwave"]},{"damage_healed":0,"gold_gain":0,"player_choice":"1 cards matched","damage_taken":0,"max_hp_gain":0,"max_hp_loss":0,"event_name":"Match and Keep!","floor":12,"gold_loss":0,"cards_obtained":["UltimateShortwave"]},{"damage_healed":0,"gold_gain":0,"player_choice":"Obtained Relic","damage_taken":0,"relics_obtained":["Anchor"],"max_hp_gain":0,"max_hp_loss":0,"event_name":"Addict","floor":27,"gold_loss":85}],"is_beta":false,"boss_relics":[{"not_picked":["Calling Bell","SacredBark"],"picked":"Snecko Eye"}],"items_purged_floors":[2,19,22,22],"is_endless":false,"potions_floor_spawned":[3,14,16,21,25,28,30,31],"ascension_level":9}}