{"host":"eyd8pf3bw1xm0qjv","time":1607799094,"event":{"mods":["AchievementEnabler","Aspiration","Bard","BaseMod","Beaked The Cultist","BetterRewards","CCEM","Challenge The Spire","Clawfect","Colored Map","Conspire","DeckTracker","Downfall","Duelist Mod","Ekko","GifTheSpireLib","Glutton Mod","Googly Eyes","Halation","Hermit","Highlight Path","Hubris","Jedi Mod","Jorbs\u0027s Wanderer Trilogy","Mad Scientist","Marisa????????","Mimic Mod","Minty Spire (QoL Compilation)","Permanent Neow","Potionbrewer","Relic Sorter","Replay The Spire","StSLib","Stuff the Spire","The Administrix","The Animator","The Blackbeard","The Bug Knight","The Construct","The Cursed","The Dragon Tamer","The Florist","The Gatherer","The Hierophant","The IronCluck","The Jungle","The Mystic","The Necromancer","The Problem Sleuth","The Runesmith","The Servant 0.9.4","The Spell Scribe","[IsaacMod]????","vexMod"],"gold_per_floor":[110,110,127,173,189,220,220,239,239,239,258,283,300,400,400,495,495,514,514,514,514,292,326,341,341,366,398,398,398,456,456,456,604,604,617,617,673,688,688,717,733,431,431,431,444,444,444,474,474,474,474,474,11,45,45,45],"floor_reached":55,"playtime":5509,"items_purged":["Shame","Sickly","Shame","Writhe"],"score":945,"play_id":"d6156a9a-88e1-4ffa-aeaa-b8a5a4f8fa92","local_time":"20201212135134","is_ascension_mode":false,"campfire_choices":[{"floor":7,"key":"REST"},{"data":"Infinite Blades","floor":10,"key":"SMITH"},{"floor":15,"key":"REST"},{"floor":25,"key":"REST"},{"data":"A Thousand Cuts","floor":28,"key":"SMITH"},{"floor":32,"key":"DIG"},{"floor":44,"key":"RECALL"},{"data":"Accuracy","floor":46,"key":"SMITH"},{"floor":49,"key":"DIG"},{"floor":52,"key":"DIG"}],"circlet_count":0,"master_deck":["Strike_G","Strike_G","Strike_G","Strike_G","Defend_G","Defend_G","Defend_G","Defend_G","Defend_G","Survivor","Neutralize","animator:Defend_FullmetalAlchemist","potionbrewer:PotionbrewerDefend","A Thousand Cuts+1","Infinite Blades+1","Cloak And Dagger","Quick Slash","Dodge and Roll","Dagger Spray","Blade Dance","Venomology","Cloak And Dagger","Unload","Flying Knee","StuffTheSpire:Repulse","StuffTheSpire:Repulse","Backflip+1","Backflip+1","Acrobatics","PiercingWail","Accuracy+1","Accuracy+1","Hidden Blade","Blade Dance","PiercingWail+1","ReplayTheSpireMod:Scrap Shanks","Hidden Blade","Hidden Blade","Backflip"],"relics":["Ring of the Snake","hubris:Icosahedron","BelialBook","ReplayTheSpireMod:Ring of Challenge","theJungle:SneckoAutograph","SatanicBible","HushsDoor","DeadEye","aspiration:HiddenCompartment","Boot","hubris:Metronome","Black Star","Shovel","theJungle:PaperFaux","halation:NonexistentMirror","Snake Skull","CCEMRelics:GrindingGear","Pet Ghost","vexMod:MemoryStick","Ring of Peace","Dream Catcher","MagicMushroom","Omamori","Replay:Wax Seal","Tingsha","hubris:HerbalPaste","CCEMRelics:TechnogenicHelmet","aspiration:Lifesprig","hubris:BottledRain","ReplayTheSpireMod:Shallot","vexMod:ScavengeHelm","hubris:CuriousFeather"],"acts_visited":["Exordium","theJungle:Jungle","TheBeyond","TheEnding"],"potions_floor_usage":[16,16,16,23,27,27,27,33,33,35,35,35,40,45,48,50,50,54,54,54,55],"damage_taken":[{"damage":1,"enemies":"Jaw Worm","floor":1,"turns":7},{"damage":2,"enemies":"Small Slimes","floor":3,"turns":4},{"damage":9,"enemies":"conspire:MimicChest","floor":4,"turns":9},{"damage":11,"enemies":"2 Louse","floor":5,"turns":3},{"damage":12,"enemies":"3 Sentries","floor":6,"turns":7},{"damage":4,"enemies":"Exordium Wildlife","floor":8,"turns":3},{"damage":0,"enemies":"Large Slime","floor":11,"turns":6},{"damage":0,"enemies":"Gremlin Nob","floor":12,"turns":3},{"damage":5,"enemies":"Lots of Slimes","floor":13,"turns":2},{"damage":29,"enemies":"Hexaghost","floor":16,"turns":8},{"damage":17,"enemies":"theJungle:MUSHROOMGANG","floor":18,"turns":5},{"damage":0,"enemies":"theJungle:MamaSnecko","floor":23,"turns":3},{"damage":18,"enemies":"theJungle:GiantWrat","floor":24,"turns":5},{"damage":2,"enemies":"theJungle:2_Phrogs","floor":27,"turns":8},{"damage":0,"enemies":"Snake Plant","floor":30,"turns":3},{"damage":15,"enemies":"theJungle:QueenSpyder","floor":33,"turns":6},{"damage":0,"enemies":"3 Darklings","floor":35,"turns":6},{"damage":11,"enemies":"3 Shapes","floor":37,"turns":7},{"damage":0,"enemies":"Maw","floor":38,"turns":8},{"damage":0,"enemies":"Nemesis","floor":40,"turns":6},{"damage":0,"enemies":"Sphere and 2 Shapes","floor":41,"turns":4},{"damage":0,"enemies":"4 Shapes","floor":45,"turns":3},{"damage":0,"enemies":"Transient","floor":48,"turns":5},{"damage":0,"enemies":"Awakened One","floor":50,"turns":8},{"damage":5,"enemies":"Shield and Spear","floor":54,"turns":4},{"damage":80,"enemies":"Delirium","floor":55,"turns":6}],"seed_played":"-5336555727083447002","potions_obtained":[{"floor":4,"key":"CultistPotion"},{"floor":8,"key":"potionbrewer:AcidPotion"},{"floor":12,"key":"potionbrewer:NoxiousPotion"},{"floor":18,"key":"potionbrewer:BoundlessPotion"},{"floor":33,"key":"potionbrewer:SplittingPotion"},{"floor":54,"key":"FearPotion"}],"is_trial":false,"path_per_floor":["M","?","M","?","M","E","R","M","T","R","M","E","M","?","R","B",null,"M","?","?","?","$","E","M","R","T","E","R","?","M","?","R","B",null,"M","?","M","M","$","E","M","$","T","R","M","R","?","M","R","B",null,"R","$","E","B"],"character_chosen":"THE_SILENT","items_purchased":["halation:NonexistentMirror","Blade Dance","hubris:HerbalPaste","ReplayTheSpireMod:Scrap Shanks","Hidden Blade","ReplayTheSpireMod:Shallot","Backflip","potionbrewer:AcidPotion"],"campfire_rested":3,"item_purchase_floors":[22,42,42,53,53,53,53,53],"current_hp_per_floor":[69,69,67,58,47,35,56,52,52,52,52,52,47,47,68,39,70,53,53,53,53,53,53,35,56,56,54,54,54,54,54,54,48,77,77,77,66,67,55,56,57,57,57,57,64,64,64,74,74,77,77,77,77,72,0,0],"gold":45,"neow_bonus":"THREE_RARE_CARDS","is_daily":false,"chose_seed":false,"campfire_upgraded":3,"win_rate":0.0,"timestamp":1607799094,"path_taken":["M","?","M","?","M","E","R","?","T","R","M","E","M","?","R","BOSS","M","?","?","?","$","E","?","R","T","E","R","?","M","?","R","BOSS","M","?","M","M","?","E","?","$","T","R","M","R","?","?","R","BOSS","R","$","E","BOSS"],"items_purchased_type":["Relic","Card","Relic","Card","Card","Relic","Card","Potion"],"build_version":"2020-11-30","purchased_purges":4,"victory":false,"max_hp_per_floor":[70,70,70,70,70,70,70,70,70,70,70,70,70,70,70,70,70,70,70,70,70,70,70,70,70,70,70,70,70,70,70,70,70,77,77,77,77,77,77,77,77,77,77,77,77,77,77,77,77,77,77,77,77,77,77,77],"card_choices":[{"not_picked":["Wraith Form v2","aspiration:Lunge"],"picked":"A Thousand Cuts","floor":0},{"not_picked":["Expertise","Masterful Stab"],"picked":"Infinite Blades","floor":1},{"not_picked":["Reflex","jedi:collectorvenom","Bomb"],"picked":"SKIP","floor":3},{"not_picked":["Prepared","Catalyst"],"picked":"Cloak And Dagger","floor":4},{"not_picked":["Flying Knee","Sucker Punch"],"picked":"Quick Slash","floor":5},{"not_picked":["Sneak Up","StuffTheSpire:MirrorStance"],"picked":"Dodge and Roll","floor":6},{"not_picked":["Finisher","StuffTheSpire:Python"],"picked":"Dagger Spray","floor":8},{"not_picked":["hubris:SlightOfHand","Venomology"],"picked":"Blade Dance","floor":11},{"not_picked":["Flying Knee","jedi:rejectivetoxin"],"picked":"Venomology","floor":12},{"not_picked":["Footwork","Slice"],"picked":"Cloak And Dagger","floor":13},{"not_picked":["Corpse Explosion","jedi:studypoison"],"picked":"Unload","floor":16},{"not_picked":["StuffTheSpire:Incursion","Bouncing Flask"],"picked":"Flying Knee","floor":18},{"not_picked":["Caltrops","jedi:pocketpoison"],"picked":"StuffTheSpire:Repulse","floor":23},{"not_picked":["Poisoned Stab","hubris:SlightOfHand+1"],"picked":"Backflip+1","floor":24},{"not_picked":["Poisoned Stab","Bane"],"picked":"Acrobatics","floor":27},{"not_picked":["Sucker Punch+1","Deadly Poison+1"],"picked":"PiercingWail","floor":30},{"not_picked":["Slice","jedi:collectorvenom+1"],"picked":"Accuracy","floor":35},{"not_picked":["Toxin Wave","Bane","StuffTheSpire:Injection+1"],"picked":"SKIP","floor":37},{"not_picked":["jedi:pocketpoison","Backflip"],"picked":"Accuracy+1","floor":38},{"not_picked":["Prepared+1","Dagger Throw+1"],"picked":"Hidden Blade","floor":40},{"not_picked":["Deflect","jedi:rejectivetoxin","StuffTheSpire:ClusterCrunch+1"],"picked":"SKIP","floor":41},{"not_picked":["Blade Dance","Outmaneuver"],"picked":"PiercingWail+1","floor":45},{"not_picked":["ReplayTheSpireMod:Speed Training+1","Riddle With Holes","ReplayTheSpireMod:Tripwire"],"picked":"SKIP","floor":48},{"not_picked":["Dodge and Roll+1","StuffTheSpire:Python+1","Acrobatics+1"],"picked":"SKIP","floor":54}],"player_experience":132234,"relics_obtained":[{"floor":4,"key":"aspiration:HiddenCompartment"},{"floor":6,"key":"Boot"},{"floor":9,"key":"SatanicBible"},{"floor":12,"key":"hubris:Metronome"},{"floor":23,"key":"Snake Skull"},{"floor":23,"key":"BelialBook"},{"floor":26,"key":"CCEMRelics:GrindingGear"},{"floor":27,"key":"Pet Ghost"},{"floor":27,"key":"vexMod:MemoryStick"},{"floor":29,"key":"ReplayTheSpireMod:Ring of Challenge"},{"floor":29,"key":"Ring of Peace"},{"floor":32,"key":"Dream Catcher"},{"floor":40,"key":"Omamori"},{"floor":40,"key":"Replay:Wax Seal"},{"floor":48,"key":"CCEMRelics:TechnogenicHelmet"},{"floor":49,"key":"aspiration:Lifesprig"},{"floor":52,"key":"hubris:BottledRain"},{"floor":54,"key":"vexMod:ScavengeHelm"},{"floor":54,"key":"hubris:CuriousFeather"}],"event_choices":[{"damage_healed":0,"gold_gain":100,"player_choice":"Pray","damage_taken":0,"max_hp_gain":0,"max_hp_loss":0,"event_name":"Golden Shrine","floor":14,"gold_loss":0},{"cards_removed":["Strike_G"],"damage_healed":0,"gold_gain":0,"player_choice":"Removed Attack","damage_taken":0,"max_hp_gain":0,"max_hp_loss":0,"event_name":"Falling","floor":36,"gold_loss":0}],"is_beta":false,"boss_relics":[{"not_picked":["halation:LoveArrow","Ectoplasm"],"picked":"Black Star"},{"not_picked":[]},{"not_picked":["vexMod:DeviousBotling","vexMod:RockOfEvil"],"picked":"MagicMushroom"},{"not_picked":[]}],"items_purged_floors":[22,39,39,42],"is_endless":false,"potions_floor_spawned":[4,8,12,18,24,33,38,40,41,54],"killed_by":"Delirium","ascension_level":0}}