{"host":"9pqy5lt7vda52ebm","time":1607813028,"event":{"mods":["BaseMod","Minty Spire (QoL Compilation)","Optimize The Spire","Robot Space Explorer","StSLib"],"gold_per_floor":[19,34,52,127,127,127,155,155,155,181,201,211,211,246,246,348,348,368,259,278,24,24,24,24,57,128,140,168,187,212,262,262,357,357,376,376,12,23,42,71,71,96,122,155,165,193,209,244,244,244],"floor_reached":51,"playtime":6990,"items_purged":["RobotSpaceExplorer:Defend","RobotSpaceExplorer:Defend","RobotSpaceExplorer:MiniLasers"],"score":1420,"play_id":"7967e284-3ef0-443a-aa96-420c72495c7b","local_time":"20201212174348","is_ascension_mode":true,"campfire_choices":[{"data":"RobotSpaceExplorer:StarDust","floor":6,"key":"SMITH"},{"data":"RobotSpaceExplorer:TurboDodge","floor":8,"key":"SMITH"},{"data":"RobotSpaceExplorer:Scan","floor":13,"key":"SMITH"},{"data":"RobotSpaceExplorer:GearShield","floor":15,"key":"SMITH"},{"floor":23,"key":"RECALL"},{"floor":32,"key":"REST"},{"floor":41,"key":"REST"},{"floor":49,"key":"REST"}],"circlet_count":0,"master_deck":["RobotSpaceExplorer:Defend","RobotSpaceExplorer:Scan+1","RobotSpaceExplorer:StarDust+1","RobotSpaceExplorer:GlueShot","RobotSpaceExplorer:TrailblazerForm","RobotSpaceExplorer:TurboDodge+1","RobotSpaceExplorer:SelfCleaning","RobotSpaceExplorer:StunGrenade","RobotSpaceExplorer:GearShield+1","RobotSpaceExplorer:Jetpack","RobotSpaceExplorer:MakeshiftVolley","RobotSpaceExplorer:FrostMissile","RobotSpaceExplorer:Discharger+1","RobotSpaceExplorer:Discharger+1","RobotSpaceExplorer:ChargingLaser+1","Apotheosis","RobotSpaceExplorer:ScrapToss","RobotSpaceExplorer:JunkDive","RobotSpaceExplorer:SelfCleaning+1"],"relics":["RobotSpaceExplorer:RoboCore","Bottled Tornado","HornCleat","FossilizedHelix","InkBottle","Fusion Hammer","Lantern","RobotSpaceExplorer:ToughPlating","Matryoshka","Pear","Dream Catcher","Black Star","RobotSpaceExplorer:RingOfTheNewt","Singing Bowl","Mango","Blood Vial","Orichalcum","Ice Cream","RobotSpaceExplorer:PlasmaHourglass","Sundial","Question Card","Prayer Wheel","The Courier"],"acts_visited":["Exordium","TheCity","TheBeyond"],"potions_floor_usage":[7,25,27,28,30,42],"damage_taken":[{"damage":2,"enemies":"Jaw Worm","floor":1,"turns":4},{"damage":0,"enemies":"2 Louse","floor":2,"turns":3},{"damage":5,"enemies":"Cultist","floor":3,"turns":5},{"damage":25,"enemies":"3 Sentries","floor":7,"turns":6},{"damage":18,"enemies":"Gremlin Nob","floor":10,"turns":6},{"damage":0,"enemies":"Exordium Thugs","floor":11,"turns":7},{"damage":0,"enemies":"Large Slime","floor":12,"turns":6},{"damage":0,"enemies":"Lagavulin","floor":14,"turns":6},{"damage":0,"enemies":"Slime Boss","floor":16,"turns":8},{"damage":0,"enemies":"Spheric Guardian","floor":18,"turns":6},{"damage":0,"enemies":"Chosen","floor":20,"turns":7},{"damage":0,"enemies":"Gremlin Leader","floor":25,"turns":12},{"damage":0,"enemies":"3 Cultists","floor":27,"turns":7},{"damage":0,"enemies":"Book of Stabbing","floor":28,"turns":6},{"damage":0,"enemies":"Cultist and Chosen","floor":29,"turns":6},{"damage":0,"enemies":"Gremlin Leader","floor":30,"turns":7},{"damage":0,"enemies":"Collector","floor":33,"turns":10},{"damage":17,"enemies":"3 Darklings","floor":35,"turns":6},{"damage":0,"enemies":"3 Shapes","floor":38,"turns":4},{"damage":0,"enemies":"Spire Growth","floor":39,"turns":5},{"damage":0,"enemies":"Giant Head","floor":40,"turns":9},{"damage":0,"enemies":"Reptomancer","floor":42,"turns":6},{"damage":0,"enemies":"Nemesis","floor":44,"turns":7},{"damage":0,"enemies":"Transient","floor":45,"turns":5},{"damage":19,"enemies":"Reptomancer","floor":46,"turns":6},{"damage":0,"enemies":"Jaw Worm Horde","floor":47,"turns":4},{"damage":0,"enemies":"Nemesis","floor":48,"turns":5},{"damage":0,"enemies":"Donu and Deca","floor":50,"turns":7}],"seed_played":"1855183769469849920","potions_obtained":[{"floor":1,"key":"GamblersBrew"},{"floor":2,"key":"Explosive Potion"},{"floor":12,"key":"RobotSpaceExplorer:PlasmaFlask"},{"floor":20,"key":"Fruit Juice"},{"floor":25,"key":"Energy Potion"},{"floor":29,"key":"Dexterity Potion"},{"floor":33,"key":"Weak Potion"},{"floor":35,"key":"BlessingOfTheForge"},{"floor":40,"key":"DuplicationPotion"},{"floor":45,"key":"RobotSpaceExplorer:PlasmaFlask"}],"is_trial":false,"path_per_floor":["M","M","M","?","?","R","E","R","T","E","M","M","R","E","R","B",null,"M","$","M","$","?","R","$","E","T","M","E","M","E","?","R","B",null,"M","?","$","M","M","E","R","E","T","E","M","E","M","E","R","B",null],"character_chosen":"RobotSpaceExplorer","items_purchased":["RobotSpaceExplorer:Jetpack","Lantern","Apotheosis","RobotSpaceExplorer:ScrapToss"],"campfire_rested":3,"item_purchase_floors":[19,21,37,37],"current_hp_per_floor":[73,73,68,57,57,57,32,32,32,14,14,14,14,14,14,14,75,75,75,75,75,75,75,75,80,80,80,90,90,90,90,90,90,90,73,73,73,73,73,75,94,110,110,112,112,93,97,101,118,118],"gold":244,"neow_bonus":"REMOVE_TWO","is_daily":false,"chose_seed":false,"campfire_upgraded":4,"win_rate":0.0,"timestamp":1607813028,"path_taken":["M","M","M","?","?","R","E","R","T","E","?","M","R","E","R","BOSS","M","$","M","$","?","R","?","E","T","M","E","M","E","?","R","BOSS","M","?","$","M","M","E","R","E","T","E","M","E","M","E","R","BOSS"],"items_purchased_type":["Card","Relic","Card","Card"],"build_version":"2020-11-30","purchased_purges":3,"victory":true,"max_hp_per_floor":[75,75,75,75,75,75,75,75,75,75,75,75,75,75,75,75,75,75,75,75,75,75,75,75,80,80,80,90,90,90,90,90,90,90,90,90,90,90,90,92,94,110,110,112,112,112,114,116,118,118],"card_choices":[{"not_picked":["RobotSpaceExplorer:SurgingShield","RobotSpaceExplorer:Ammunition"],"picked":"RobotSpaceExplorer:StarDust","floor":1},{"not_picked":["RobotSpaceExplorer:SurgingStrike","RobotSpaceExplorer:Probe"],"picked":"RobotSpaceExplorer:GlueShot","floor":2},{"not_picked":["RobotSpaceExplorer:DoubleBlock","RobotSpaceExplorer:GlueSpray"],"picked":"RobotSpaceExplorer:TrailblazerForm","floor":3},{"not_picked":["RobotSpaceExplorer:ShockKick","RobotSpaceExplorer:ShovelStrike"],"picked":"RobotSpaceExplorer:TurboDodge","floor":7},{"not_picked":["RobotSpaceExplorer:ToxicBomb","RobotSpaceExplorer:Counterblock","RobotSpaceExplorer:MetalStrike"],"picked":"SKIP","floor":10},{"not_picked":["RobotSpaceExplorer:ScrapToss","RobotSpaceExplorer:Calculate"],"picked":"RobotSpaceExplorer:SelfCleaning","floor":11},{"not_picked":["RobotSpaceExplorer:ScrapMissile","RobotSpaceExplorer:SwiftStep"],"picked":"RobotSpaceExplorer:StunGrenade","floor":12},{"not_picked":["RobotSpaceExplorer:FreezingShield","RobotSpaceExplorer:LaserBurst"],"picked":"RobotSpaceExplorer:GearShield","floor":14},{"not_picked":["RobotSpaceExplorer:DroneSwarm","RobotSpaceExplorer:Autoloader"],"picked":"RobotSpaceExplorer:Wormhole","floor":16},{"not_picked":["RobotSpaceExplorer:MiniDrones","RobotSpaceExplorer:MetalStrike","RobotSpaceExplorer:Probe"],"picked":"SKIP","floor":18},{"not_picked":["RobotSpaceExplorer:SurgingStrike","RobotSpaceExplorer:DoubleBlock+1","RobotSpaceExplorer:MetalStrike"],"picked":"SKIP","floor":20},{"not_picked":["RobotSpaceExplorer:HighVoltage","RobotSpaceExplorer:MakeshiftVolley"],"picked":"RobotSpaceExplorer:FrostMissile","floor":25},{"not_picked":["RobotSpaceExplorer:LuckyStrike+1","RobotSpaceExplorer:ScrapShield"],"picked":"RobotSpaceExplorer:Discharger+1","floor":27},{"not_picked":["RobotSpaceExplorer:ScrapMissile","RobotSpaceExplorer:MiniBoosters+1","RobotSpaceExplorer:ToxicBomb"],"picked":"SKIP","floor":28},{"not_picked":["RobotSpaceExplorer:SwiftStep","RobotSpaceExplorer:MakeshiftVolley+1","RobotSpaceExplorer:StunGrenade+1"],"picked":"SKIP","floor":29},{"not_picked":["RobotSpaceExplorer:Smokescreen+1","RobotSpaceExplorer:FreezeRay"],"picked":"RobotSpaceExplorer:Discharger+1","floor":30},{"not_picked":["RobotSpaceExplorer:TrailblazerForm","RobotSpaceExplorer:HighVoltage"],"picked":"RobotSpaceExplorer:ChargingLaser","floor":33},{"not_picked":["RobotSpaceExplorer:Electropulse","RobotSpaceExplorer:StarLightning","RobotSpaceExplorer:StunGrenade+1"],"picked":"SKIP","floor":35},{"not_picked":["RobotSpaceExplorer:Counterblock+1","RobotSpaceExplorer:Ammunition+1","RobotSpaceExplorer:Probe"],"picked":"SKIP","floor":38},{"not_picked":["RobotSpaceExplorer:Jetpack+1","RobotSpaceExplorer:StarDust","RobotSpaceExplorer:FrostMissile"],"picked":"SKIP","floor":39},{"not_picked":["RobotSpaceExplorer:DroneSwarm","RobotSpaceExplorer:ImprovisedAttack+1","RobotSpaceExplorer:SwiftStep+1"],"picked":"Singing Bowl","floor":40},{"not_picked":["RobotSpaceExplorer:Counterblock+1","RobotSpaceExplorer:ShockKick","RobotSpaceExplorer:StunGrenade+1"],"picked":"Singing Bowl","floor":41},{"not_picked":["RobotSpaceExplorer:IronShell","RobotSpaceExplorer:Counterblock+1","RobotSpaceExplorer:ShovelStrike+1"],"picked":"Singing Bowl","floor":42},{"not_picked":["RobotSpaceExplorer:Calculate+1","RobotSpaceExplorer:FreezingShield","RobotSpaceExplorer:Probe+1"],"picked":"Singing Bowl","floor":44},{"not_picked":["RobotSpaceExplorer:GlueSpray+1","RobotSpaceExplorer:Pulsar"],"picked":"RobotSpaceExplorer:JunkDive","floor":45},{"not_picked":["RobotSpaceExplorer:Counterblock+1","RobotSpaceExplorer:MakeshiftVolley"],"picked":"RobotSpaceExplorer:SelfCleaning+1","floor":46},{"not_picked":["RobotSpaceExplorer:SurgingShield","RobotSpaceExplorer:GlueShot+1","RobotSpaceExplorer:FrostMissile","RobotSpaceExplorer:ImprovisedAttack+1"],"picked":"Singing Bowl","floor":47},{"not_picked":["RobotSpaceExplorer:ScrapMissile+1","RobotSpaceExplorer:Pulsar","RobotSpaceExplorer:MakeshiftVolley","RobotSpaceExplorer:MetalStrike"],"picked":"Singing Bowl","floor":48},{"not_picked":["RobotSpaceExplorer:ExhaustFan","RobotSpaceExplorer:DoubleFind+1","RobotSpaceExplorer:SlimeMissile+1","RobotSpaceExplorer:RigExplosive+1"],"picked":"Singing Bowl","floor":49}],"player_experience":325316,"relics_obtained":[{"floor":7,"key":"Bottled Tornado"},{"floor":9,"key":"HornCleat"},{"floor":10,"key":"FossilizedHelix"},{"floor":14,"key":"InkBottle"},{"floor":25,"key":"RobotSpaceExplorer:ToughPlating"},{"floor":26,"key":"Matryoshka"},{"floor":28,"key":"Pear"},{"floor":30,"key":"Dream Catcher"},{"floor":40,"key":"RobotSpaceExplorer:RingOfTheNewt"},{"floor":40,"key":"Singing Bowl"},{"floor":42,"key":"Mango"},{"floor":42,"key":"Blood Vial"},{"floor":43,"key":"Orichalcum"},{"floor":44,"key":"Ice Cream"},{"floor":44,"key":"RobotSpaceExplorer:PlasmaHourglass"},{"floor":46,"key":"Sundial"},{"floor":46,"key":"Question Card"},{"floor":48,"key":"Prayer Wheel"},{"floor":48,"key":"The Courier"}],"event_choices":[{"damage_healed":0,"gold_gain":75,"player_choice":"Gather Gold","damage_taken":11,"max_hp_gain":0,"max_hp_loss":0,"event_name":"World of Goop","floor":4,"gold_loss":0},{"cards_removed":["RobotSpaceExplorer:Strike"],"damage_healed":0,"gold_gain":0,"player_choice":"Offered Basic","damage_taken":0,"max_hp_gain":0,"max_hp_loss":0,"event_name":"Bonfire Elementals","floor":5,"gold_loss":0},{"damage_healed":0,"gold_gain":0,"cards_transformed":["RobotSpaceExplorer:Strike"],"player_choice":"Transformed","damage_taken":0,"max_hp_gain":0,"max_hp_loss":0,"event_name":"Transmorgrifier","floor":22,"gold_loss":0,"cards_obtained":["RobotSpaceExplorer:MakeshiftVolley"]},{"damage_healed":0,"gold_gain":100,"player_choice":"Bet on Murderer","damage_taken":0,"max_hp_gain":0,"max_hp_loss":0,"event_name":"The Joust","floor":31,"gold_loss":50},{"damage_healed":0,"gold_gain":0,"player_choice":"Upgraded","damage_taken":0,"max_hp_gain":0,"max_hp_loss":0,"event_name":"Upgrade Shrine","floor":36,"gold_loss":0,"cards_upgraded":["RobotSpaceExplorer:ChargingLaser"]}],"is_beta":false,"boss_relics":[{"not_picked":["Calling Bell","Cursed Key"],"picked":"Fusion Hammer"},{"not_picked":["Astrolabe","Coffee Dripper"],"picked":"Black Star"}],"items_purged_floors":[19,21,37],"is_endless":false,"potions_floor_spawned":[1,2,12,20,25,29,33,35,40,45,47],"ascension_level":2}}