{"host":"grblgsn3zizbz04e","time":1607790179,"event":{"mods":["BaseMod","BetterRewards","Colored Map","Colored Powertips","Googly Eyes","Minty Spire (QoL Compilation)","Rare Cards Sparkle","Relic Stats","Shop Mod","StSLib"],"gold_per_floor":[110,110,127,127,302,302,356,384,384,384,384,384,401,413,413,413,413],"floor_reached":16,"playtime":227,"items_purged":[],"score":123,"play_id":"362a16ab-46fd-486a-bdcd-fc0d63cd527e","local_time":"20201212162259","is_ascension_mode":false,"campfire_choices":[{"data":"Die Die Die","floor":6,"key":"SMITH"},{"data":"Neutralize","floor":10,"key":"SMITH"},{"data":"Die Die Die","floor":12,"key":"SMITH"},{"data":"Flying Knee","floor":15,"key":"SMITH"}],"circlet_count":0,"master_deck":["Strike_G","Strike_G","Strike_G","Strike_G","Defend_G","Defend_G","Defend_G","Defend_G+1","Defend_G","Survivor+1","Neutralize+1","Flying Knee+1","Die Die Die+1","Doubt","Die Die Die+1","Accuracy+1","Bane"],"relics":["Ring of the Snake","NeowsBlessing","War Paint","Akabeko","Frozen Egg 2"],"acts_visited":["Exordium"],"potions_floor_usage":[],"damage_taken":[{"damage":0,"enemies":"2 Louse","floor":1,"turns":1},{"damage":0,"enemies":"Small Slimes","floor":3,"turns":1},{"damage":0,"enemies":"Gremlin Nob","floor":8,"turns":1},{"damage":0,"enemies":"Jaw Worm","floor":13,"turns":1},{"damage":0,"enemies":"3 Louse","floor":14,"turns":1},{"damage":29,"enemies":"Slime Boss","floor":16,"turns":7}],"seed_played":"-3633245868558740055","potions_obtained":[{"floor":8,"key":"Fruit Juice"},{"floor":14,"key":"GamblersBrew"}],"is_trial":false,"path_per_floor":["M","?","M","$","?","R","?","E","T","R","?","R","M","M","R","B"],"character_chosen":"THE_SILENT","items_purchased":[],"campfire_rested":0,"item_purchase_floors":[],"current_hp_per_floor":[70,63,63,63,63,63,63,63,63,63,63,63,63,63,63,34,34],"gold":413,"neow_bonus":"THREE_ENEMY_KILL","is_daily":false,"chose_seed":false,"campfire_upgraded":4,"win_rate":0.0,"timestamp":1607790179,"path_taken":["M","?","M","$","?","R","?","E","T","R","?","R","M","M","R","BOSS"],"items_purchased_type":[],"build_version":"2020-11-30","purchased_purges":0,"victory":false,"max_hp_per_floor":[70,70,70,70,70,70,70,70,70,70,70,70,70,70,70,70,70],"relic_stats":{"counters":[6,12],"War Paint":["Defend_G","Survivor"],"obtain_stats":[{"NeowsBlessing":0,"War Paint":2,"Frozen Egg 2":9,"Akabeko":8,"Ring of the Snake":0},{"NeowsBlessing":0,"War Paint":1,"Frozen Egg 2":3,"Akabeko":3,"Ring of the Snake":0},{"NeowsBlessing":0,"War Paint":1,"Frozen Egg 2":3,"Akabeko":3,"Ring of the Snake":0}],"Ring of the Snake":[12]},"card_choices":[{"not_picked":["Slice","Cloak And Dagger"],"picked":"Flying Knee","floor":1},{"not_picked":["Dagger Throw","Accuracy"],"picked":"Die Die Die","floor":3},{"not_picked":["Dodge and Roll","Blade Dance","Acrobatics"],"picked":"SKIP","floor":8},{"not_picked":["Underhanded Strike","Outmaneuver"],"picked":"Accuracy+1","floor":13},{"not_picked":["Acrobatics","Backflip"],"picked":"Bane","floor":14}],"player_experience":716919,"relics_obtained":[{"floor":8,"key":"Akabeko"},{"floor":9,"key":"Frozen Egg 2"}],"event_choices":[{"damage_healed":0,"gold_gain":0,"player_choice":"Success","damage_taken":7,"relics_obtained":["War Paint"],"max_hp_gain":0,"max_hp_loss":0,"event_name":"Scrap Ooze","floor":2,"gold_loss":0},{"damage_healed":0,"gold_gain":175,"player_choice":"AGREE","damage_taken":0,"max_hp_gain":0,"max_hp_loss":0,"event_name":"Liars Game","floor":5,"gold_loss":0,"cards_obtained":["Doubt"]},{"damage_healed":0,"gold_gain":54,"player_choice":"Gained Gold","damage_taken":0,"max_hp_gain":0,"max_hp_loss":0,"event_name":"Golden Wing","floor":7,"gold_loss":0},{"damage_healed":0,"gold_gain":0,"cards_transformed":["Strike_G"],"player_choice":"Transformed","damage_taken":0,"max_hp_gain":0,"max_hp_loss":0,"event_name":"Transmorgrifier","floor":11,"gold_loss":0,"cards_obtained":["Die Die Die"]}],"is_beta":false,"boss_relics":[],"items_purged_floors":[],"is_endless":false,"potions_floor_spawned":[8,14],"killed_by":"Slime Boss","ascension_level":0}}