{"host":"pwhq7648p2dwl3jg","time":1607789352,"event":{"mods":["AchievementEnabler","BaseMod","Colored Map","Minty Spire (QoL Compilation)","Rare Cards Sparkle","SuperFastMode"],"gold_per_floor":[212,224,224,172,172,184,214,226,308,350,362,391,417,446,458,572,584,612,624,655,268,282,282,282,308,308,308,38,38,137,156,156,256,306,320,331,8,0,0,0,18,18,94,94,94,6,6,19,19,19],"floor_reached":51,"playtime":1794,"items_purged":["Strike_B","Strike_B"],"score":813,"play_id":"3d21d5c4-c497-4d82-813d-87568e6b150c","local_time":"20201213010912","is_ascension_mode":true,"campfire_choices":[{"floor":6,"key":"REST"},{"data":"Defragment","floor":8,"key":"SMITH"},{"floor":15,"key":"REST"},{"floor":23,"key":"REST"},{"floor":27,"key":"REST"},{"floor":32,"key":"REST"},{"floor":40,"key":"REST"},{"floor":42,"key":"REST"},{"data":"Blizzard","floor":44,"key":"SMITH"},{"data":"Capacitor","floor":47,"key":"SMITH"},{"data":"Hologram","floor":49,"key":"SMITH"}],"circlet_count":0,"master_deck":["Defend_B","Defend_B","Defend_B","Defend_B","Zap","Dualcast","Defragment+1","Cold Snap","Cold Snap","Blizzard+1","Biased Cognition","Conserve Battery+1","Reboot","Capacitor+1","Capacitor+1","White Noise","Coolheaded","Loop+1","Core Surge","Hologram+1","Chill","Panacea"],"relics":["Cracked Core","MawBank","Meat on the Bone","Matryoshka","SacredBark","Cables","Eternal Feather","Juzu Bracelet","Darkstone Periapt","Gremlin Horn","MutagenicStrength","Tiny House","Anchor","Red Mask","Blood Vial","Question Card"],"acts_visited":["Exordium","TheCity","TheBeyond"],"potions_floor_usage":[18,24,33,50,50],"damage_taken":[{"damage":2,"enemies":"2 Louse","floor":1,"turns":2},{"damage":6,"enemies":"Jaw Worm","floor":2,"turns":4},{"damage":2,"enemies":"Cultist","floor":7,"turns":4},{"damage":23,"enemies":"3 Sentries","floor":10,"turns":9},{"damage":7,"enemies":"2 Fungi Beasts","floor":12,"turns":4},{"damage":3,"enemies":"Red Slaver","floor":13,"turns":3},{"damage":6,"enemies":"Blue Slaver","floor":14,"turns":3},{"damage":27,"enemies":"The Guardian","floor":16,"turns":15},{"damage":19,"enemies":"3 Byrds","floor":18,"turns":2},{"damage":11,"enemies":"Spheric Guardian","floor":20,"turns":6},{"damage":0,"enemies":"Centurion and Healer","floor":22,"turns":16},{"damage":9,"enemies":"3 Cultists","floor":24,"turns":3},{"damage":70,"enemies":"Book of Stabbing","floor":25,"turns":11},{"damage":30,"enemies":"Chosen and Byrds","floor":31,"turns":11},{"damage":54,"enemies":"Champ","floor":33,"turns":34},{"damage":32,"enemies":"3 Darklings","floor":35,"turns":10},{"damage":4,"enemies":"Orb Walker","floor":36,"turns":7},{"damage":43,"enemies":"Jaw Worm Horde","floor":41,"turns":5},{"damage":0,"enemies":"4 Shapes","floor":48,"turns":3},{"damage":61,"enemies":"Awakened One","floor":50,"turns":22}],"seed_played":"4037726381101715856","potions_obtained":[{"floor":1,"key":"FairyPotion"},{"floor":12,"key":"PowerPotion"},{"floor":16,"key":"Explosive Potion"},{"floor":19,"key":"SmokeBomb"},{"floor":25,"key":"DuplicationPotion"},{"floor":34,"key":"Swift Potion"},{"floor":35,"key":"ColorlessPotion"}],"is_trial":false,"path_per_floor":["M","M","?","$","?","R","M","R","T","E","?","M","M","M","R","B",null,"M","?","M","$","M","R","M","E","T","R","$","?","?","M","R","B",null,"M","M","$","?","?","R","M","R","T","R","?","$","R","M","R","B",null],"character_chosen":"DEFECT","items_purchased":["Cold Snap","Capacitor","Cables","Coolheaded","Gremlin Horn","Chill","Anchor","Panacea"],"campfire_rested":7,"item_purchase_floors":[4,21,21,28,28,37,37,46],"current_hp_per_floor":[73,67,60,60,35,57,55,55,55,44,44,49,46,40,62,47,75,56,56,45,45,45,67,58,49,49,75,75,75,75,45,75,33,80,48,44,44,44,44,80,49,80,80,80,80,80,80,80,80,31],"gold":19,"neow_bonus":"HUNDRED_GOLD","is_daily":false,"chose_seed":false,"campfire_upgraded":4,"win_rate":0.0,"timestamp":1607789352,"path_taken":["M","M","?","$","?","R","M","R","T","E","?","M","?","M","R","BOSS","M","?","?","$","M","R","M","E","T","R","$","?","?","M","R","BOSS","M","M","$","?","?","R","M","R","T","R","?","?","R","M","R","BOSS"],"items_purchased_type":["Card","Card","Relic","Card","Relic","Card","Relic","Card"],"build_version":"2020-11-30","purchased_purges":2,"victory":true,"max_hp_per_floor":[75,75,75,75,75,75,75,75,75,75,75,75,75,75,75,75,75,75,75,75,75,75,75,75,75,75,75,75,75,75,75,75,75,80,80,80,80,80,80,80,80,80,80,80,80,80,80,80,80,80],"card_choices":[{"not_picked":["Chaos","Turbo","Hello World"],"picked":"SKIP","floor":1},{"not_picked":["Compile Driver","Lockon"],"picked":"Defragment","floor":2},{"not_picked":["Conserve Battery","Rebound"],"picked":"Cold Snap","floor":7},{"not_picked":["Lockon","Coolheaded"],"picked":"Blizzard","floor":10},{"not_picked":["Force Field","Static Discharge"],"picked":"Conserve Battery","floor":12},{"not_picked":["Coolheaded","Hologram","Ball Lightning"],"picked":"SKIP","floor":13},{"not_picked":["Lockon","Streamline","Stack"],"picked":"SKIP","floor":14},{"not_picked":["Meteor Strike","Seek"],"picked":"Reboot","floor":16},{"not_picked":["Compile Driver","Steam Power","Rebound"],"picked":"SKIP","floor":18},{"not_picked":["Compile Driver","Turbo","Stack+1"],"picked":"SKIP","floor":20},{"not_picked":["Barrage","Reinforced Body+1"],"picked":"Capacitor+1","floor":22},{"not_picked":["Lockon","Go for the Eyes"],"picked":"White Noise","floor":25},{"not_picked":["Stack+1","Coolheaded"],"picked":"Loop+1","floor":31},{"not_picked":["Seek","Machine Learning"],"picked":"Core Surge","floor":33},{"not_picked":["Ball Lightning","Stack","Compile Driver+1"],"picked":"SKIP","floor":35},{"not_picked":["Leap+1","White Noise"],"picked":"Hologram","floor":36},{"not_picked":["Leap+1","Conserve Battery+1","Redo"],"picked":"SKIP","floor":41},{"not_picked":["Fusion","Steam","Rebound+1","Loop"],"picked":"SKIP","floor":48}],"player_experience":200356,"relics_obtained":[{"floor":9,"key":"Meat on the Bone"},{"floor":10,"key":"Matryoshka"},{"floor":25,"key":"Eternal Feather"},{"floor":26,"key":"Juzu Bracelet"},{"floor":26,"key":"Darkstone Periapt"},{"floor":43,"key":"Blood Vial"},{"floor":43,"key":"Question Card"}],"event_choices":[{"cards_removed":["Strike_B"],"damage_healed":0,"gold_gain":0,"player_choice":"Card Removal","damage_taken":7,"max_hp_gain":0,"max_hp_loss":0,"event_name":"Golden Wing","floor":3,"gold_loss":0},{"damage_healed":0,"gold_gain":0,"player_choice":"Success","damage_taken":25,"relics_obtained":["MawBank"],"max_hp_gain":0,"max_hp_loss":0,"event_name":"Scrap Ooze","floor":5,"gold_loss":0},{"damage_healed":0,"gold_gain":0,"player_choice":"1 cards matched","damage_taken":0,"max_hp_gain":0,"max_hp_loss":0,"event_name":"Match and Keep!","floor":11,"gold_loss":0,"cards_obtained":["Biased Cognition"]},{"damage_healed":0,"gold_gain":0,"player_choice":"Got Potions","damage_taken":0,"max_hp_gain":0,"max_hp_loss":0,"event_name":"Lab","floor":19,"gold_loss":0},{"damage_healed":0,"gold_gain":0,"player_choice":"Inject Mutagens","damage_taken":0,"relics_obtained":["MutagenicStrength"],"max_hp_gain":0,"max_hp_loss":0,"event_name":"Drug Dealer","floor":29,"gold_loss":0},{"damage_healed":0,"gold_gain":99,"player_choice":"Stole From Cult","damage_taken":0,"max_hp_gain":0,"max_hp_loss":0,"event_name":"Nest","floor":30,"gold_loss":0},{"damage_healed":0,"gold_gain":0,"player_choice":"Paid","damage_taken":0,"relics_obtained":["Red Mask"],"max_hp_gain":0,"max_hp_loss":0,"event_name":"Tomb of Lord Red Mask","floor":38,"gold_loss":8},{"damage_healed":0,"gold_gain":0,"player_choice":"Ignored","damage_taken":0,"max_hp_gain":0,"max_hp_loss":0,"event_name":"SecretPortal","floor":39,"gold_loss":0},{"cards_removed":["Strike_B"],"damage_healed":0,"gold_gain":0,"player_choice":"Purged","damage_taken":0,"max_hp_gain":0,"max_hp_loss":0,"event_name":"Purifier","floor":45,"gold_loss":0}],"is_beta":false,"boss_relics":[{"not_picked":["Philosopher\u0027s Stone","Fusion Hammer"],"picked":"SacredBark"},{"not_picked":["Cursed Key","Pandora\u0027s Box"],"picked":"Tiny House"}],"items_purged_floors":[21,37],"is_endless":false,"potions_floor_spawned":[1,12,16,20,24,25,35,41],"ascension_level":4}}