{"host":"swphzoo6hmc78epl","time":1607744469,"event":{"mods":["BaseMod","Highlight Path","Minty Spire (QoL Compilation)","Quick Restart"],"gold_per_floor":[116,46,64,64,64,91,101,118,118,118,137,155,155,166,166,271,271,289,339,264,279,294,327,354,354,400,411,411,444,444,444],"floor_reached":30,"playtime":1826,"items_purged":["Judgement"],"score":335,"play_id":"0f189cb5-5e0a-4270-ba3d-c035ce6de503","local_time":"20201211224109","is_ascension_mode":true,"campfire_choices":[{"data":"Eruption","floor":10,"key":"SMITH"},{"data":"ForeignInfluence","floor":15,"key":"SMITH"},{"data":"SandsOfTime","floor":28,"key":"SMITH"}],"circlet_count":0,"master_deck":["Strike_P","Strike_P","Strike_P","Defend_P","Defend_P","Defend_P","Defend_P+1","Eruption+1","Vigilance","WindmillStrike+1","Conclude","MentalFortress","SandsOfTime+1","FlurryOfBlows","CutThroughFate","EmptyFist","Halt","ForeignInfluence+1","JustLucky","Evaluate+1","FlurryOfBlows","FollowUp+1","Eruption","FlurryOfBlows","ConjureBlade"],"relics":["PureWater","NeowsBlessing","Matryoshka","Tiny Chest","Calipers","Black Star","Bottled Flame","Mummified Hand","Centennial Puzzle","Akabeko","Vajra"],"acts_visited":["Exordium","TheCity"],"potions_floor_usage":[16,22,23,27,29],"damage_taken":[{"damage":0,"enemies":"Cultist","floor":1,"turns":1},{"damage":0,"enemies":"2 Louse","floor":3,"turns":1},{"damage":0,"enemies":"Lagavulin","floor":6,"turns":1},{"damage":0,"enemies":"Small Slimes","floor":7,"turns":1},{"damage":4,"enemies":"Looter","floor":8,"turns":3},{"damage":0,"enemies":"Gremlin Gang","floor":11,"turns":2},{"damage":2,"enemies":"2 Fungi Beasts","floor":12,"turns":3},{"damage":0,"enemies":"Exordium Thugs","floor":14,"turns":3},{"damage":24,"enemies":"Hexaghost","floor":16,"turns":9},{"damage":0,"enemies":"Spheric Guardian","floor":18,"turns":2},{"damage":0,"enemies":"Chosen","floor":21,"turns":3},{"damage":13,"enemies":"Snecko","floor":22,"turns":5},{"damage":18,"enemies":"Slavers","floor":23,"turns":3},{"damage":12,"enemies":"Snake Plant","floor":27,"turns":2},{"damage":0,"enemies":"Shelled Parasite and Fungi","floor":29,"turns":1},{"damage":32,"enemies":"Book of Stabbing","floor":30,"turns":4}],"seed_played":"-5767422410565466862","potions_obtained":[{"floor":3,"key":"SkillPotion"},{"floor":6,"key":"Block Potion"},{"floor":7,"key":"AttackPotion"},{"floor":13,"key":"Ambrosia"},{"floor":22,"key":"Explosive Potion"},{"floor":23,"key":"ColorlessPotion"},{"floor":29,"key":"SpeedPotion"}],"is_trial":false,"path_per_floor":["M","$","M","?","?","E","M","M","T","R","M","M","?","M","R","B",null,"M","?","$","M","M","E","T","?","T","M","R","M","E"],"character_chosen":"WATCHER","items_purchased":["Conclude"],"campfire_rested":0,"item_purchase_floors":[2],"current_hp_per_floor":[72,72,72,72,58,58,58,54,54,54,54,52,52,52,52,28,72,72,72,72,72,59,41,41,41,41,29,29,29,0,0],"gold":444,"neow_bonus":"THREE_ENEMY_KILL","is_daily":false,"chose_seed":false,"campfire_upgraded":3,"win_rate":0.0,"timestamp":1607744469,"path_taken":["M","$","M","?","?","E","M","M","T","R","M","M","?","M","R","BOSS","M","?","$","M","?","E","?","?","T","?","R","M","E"],"items_purchased_type":["Card"],"build_version":"2020-11-30","purchased_purges":1,"victory":false,"max_hp_per_floor":[72,72,72,72,72,72,72,72,72,72,72,72,72,72,72,72,72,72,72,72,72,72,72,72,72,72,72,72,72,72,72],"card_choices":[{"not_picked":["ThirdEye","Meditate"],"picked":"WindmillStrike","floor":1},{"not_picked":["ThirdEye","FlurryOfBlows"],"picked":"MentalFortress","floor":3},{"not_picked":["Evaluate","Vengeance"],"picked":"SandsOfTime","floor":6},{"not_picked":["SashWhip","BattleHymn"],"picked":"FlurryOfBlows","floor":7},{"not_picked":["CarveReality","SignatureMove"],"picked":"CutThroughFate","floor":8},{"not_picked":["SashWhip","JustLucky"],"picked":"EmptyFist","floor":11},{"not_picked":["EmptyBody","Adaptation"],"picked":"Halt","floor":12},{"not_picked":["FlurryOfBlows","Adaptation"],"picked":"ForeignInfluence","floor":14},{"not_picked":["Vault","Establishment"],"picked":"Judgement","floor":16},{"not_picked":["BowlingBash","FlurryOfBlows"],"picked":"JustLucky","floor":18},{"not_picked":["Consecrate","BowlingBash+1"],"picked":"Evaluate+1","floor":21},{"not_picked":["FollowUp","EmptyBody"],"picked":"FlurryOfBlows","floor":22},{"not_picked":["Vengeance","SignatureMove"],"picked":"FollowUp+1","floor":23},{"not_picked":["CrushJoints+1","FollowUp"],"picked":"FlurryOfBlows","floor":27},{"not_picked":["FollowUp","Weave"],"picked":"ConjureBlade","floor":29}],"player_experience":721420,"relics_obtained":[{"floor":6,"key":"Matryoshka"},{"floor":9,"key":"Tiny Chest"},{"floor":9,"key":"Calipers"},{"floor":23,"key":"Bottled Flame"},{"floor":23,"key":"Mummified Hand"},{"floor":24,"key":"Centennial Puzzle"},{"floor":24,"key":"Akabeko"},{"floor":26,"key":"Vajra"}],"event_choices":[{"cards_removed":["Strike_P"],"damage_healed":0,"gold_gain":0,"player_choice":"Forget","damage_taken":0,"max_hp_gain":0,"max_hp_loss":0,"event_name":"Living Wall","floor":4,"gold_loss":0},{"damage_healed":0,"gold_gain":0,"player_choice":"Entered Light","damage_taken":14,"max_hp_gain":0,"max_hp_loss":0,"event_name":"Shining Light","floor":5,"gold_loss":0,"cards_upgraded":["Defend_P","WindmillStrike"]},{"damage_healed":0,"gold_gain":0,"player_choice":"Got Potions","damage_taken":0,"max_hp_gain":0,"max_hp_loss":0,"event_name":"Lab","floor":13,"gold_loss":0},{"damage_healed":0,"gold_gain":100,"player_choice":"Bet on Murderer","damage_taken":0,"max_hp_gain":0,"max_hp_loss":0,"event_name":"The Joust","floor":19,"gold_loss":50},{"damage_healed":0,"gold_gain":0,"player_choice":"1 cards matched","damage_taken":0,"max_hp_gain":0,"max_hp_loss":0,"event_name":"Match and Keep!","floor":25,"gold_loss":0,"cards_obtained":["Eruption"]}],"is_beta":false,"boss_relics":[{"not_picked":["SacredBark","Snecko Eye"],"picked":"Black Star"}],"items_purged_floors":[20],"is_endless":false,"potions_floor_spawned":[3,6,7,14,22,23,29],"killed_by":"Book of Stabbing","ascension_level":4}}