{"host":"midian","time":1607768244,"event":{"mods":["AchievementEnabler","BaseMod","Lobotomy","Minty Spire (QoL Compilation)","MostiFishMod","Permanent Neow","StSLib","TestMod","Uncapped","UnlockEverythingMod"],"gold_per_floor":[99,99,99,116,126,126,126,126],"floor_reached":7,"playtime":263,"items_purged":[],"score":86,"play_id":"bbb5cdd7-1f76-4a37-abc0-f7627e716316","local_time":"20201212181724","is_ascension_mode":true,"campfire_choices":[{"data":"Defragment","floor":6,"key":"SMITH"}],"circlet_count":0,"master_deck":["AscendersBane","Strike_B","Strike_B","Strike_B","Strike_B","Defend_B","Defend_B","Defend_B","Defend_B","Zap","Dualcast","Defragment+1","Wellcheers","Coolheaded"],"relics":["Cracked Core","DaveBox","testmod-TestBox","CogitoBucket","MetatronsCube","testmod-CrystalShield","Question Card","PrismaticShard","Meat on the Bone"],"acts_visited":["Exordium"],"potions_floor_usage":[7],"damage_taken":[{"damage":7,"enemies":"Jaw Worm","floor":1,"turns":3},{"damage":0,"enemies":"Cultist","floor":3,"turns":3},{"damage":0,"enemies":"Small Slimes","floor":4,"turns":3},{"damage":8,"enemies":"Red Slaver","floor":5,"turns":3},{"damage":53,"enemies":"Gremlin Nob","floor":7,"turns":5}],"seed_played":"-6981291132327478125","potions_obtained":[{"floor":3,"key":"Weak Potion"}],"is_trial":false,"path_per_floor":["M","?","M","M","M","R","E"],"character_chosen":"DEFECT","items_purchased":[],"campfire_rested":0,"item_purchase_floors":[],"current_hp_per_floor":[57,46,46,46,38,38,0,0],"gold":126,"neow_bonus":"","is_daily":false,"chose_seed":false,"campfire_upgraded":1,"win_rate":0.0,"timestamp":1607768244,"path_taken":["M","?","M","M","M","R","E"],"items_purchased_type":[],"build_version":"2020-12-07","purchased_purges":0,"victory":false,"max_hp_per_floor":[71,71,71,71,71,71,71,71],"card_choices":[{"not_picked":["Undo","Lockon"],"picked":"Defragment","floor":1},{"not_picked":["ThirdEye","Clothesline","Dodge and Roll","CherryBlossom"],"picked":"SKIP","floor":3},{"not_picked":["Redo","CherryBlossom","Steam Power","Blind"],"picked":"SKIP","floor":4},{"not_picked":["FieryBird","BigBird"],"picked":"Wellcheers","floor":5},{"not_picked":["Acrobatics","CUTE","Stack"],"picked":"Coolheaded","floor":5}],"player_experience":154482,"relics_obtained":[{"floor":1,"key":"Question Card"},{"floor":1,"key":"PrismaticShard"}],"event_choices":[{"damage_healed":0,"gold_gain":0,"player_choice":"Success","damage_taken":11,"relics_obtained":["Meat on the Bone"],"max_hp_gain":0,"max_hp_loss":0,"event_name":"Scrap Ooze","floor":2,"gold_loss":0}],"is_beta":true,"boss_relics":[],"items_purged_floors":[],"is_endless":false,"potions_floor_spawned":[3],"killed_by":"Gremlin Nob","ascension_level":20}}