{"host":"4axoa1rfjgnprp9l","time":1607747505,"event":{"mods":["2.2 Compatiblity","AchievementEnabler","BaseMod","Colored Map","DeckTracker","Highlight Path","Minty Spire (QoL Compilation)","Permanent Neow","StSLib","SuperFastMode"],"gold_per_floor":[111,111,111,36,36,67,67,106,106,126,141,164,164,184,184,278,278,296,296,296,316,26,26,49,49,49,82,101,101,126,139,139,139,139],"floor_reached":33,"playtime":1252,"items_purged":["Strike_B"],"score":690,"play_id":"f002ef3a-40af-4805-82ab-beac3dc9f78f","local_time":"20201212133145","is_ascension_mode":true,"campfire_choices":[{"data":"Sunder","floor":7.0,"key":"SMITH"},{"data":"Streamline","floor":15.0,"key":"SMITH"},{"data":"Dualcast","floor":23.0,"key":"SMITH"},{"data":"Zap","floor":25.0,"key":"SMITH"},{"data":"Beam Cell","floor":32.0,"key":"SMITH"}],"circlet_count":0,"master_deck":["AscendersBane","Strike_B","Defend_B","Defend_B","Defend_B","Defend_B","Zap+1","Dualcast+1","Streamline+1","Sunder+1","Glacier","Conserve Battery","Reinforced Body","Auto Shields","Beam Cell+1","Reboot","Chill","Ghostly","Ghostly","Ghostly","Skim","Master of Strategy","Core Surge"],"relics":["Cracked Core","NeowsBlessing","Bloody Idol","White Beast Statue","Blue Candle","Darkstone Periapt","Velvet Choker","Mercury Hourglass","Sundial","Anchor"],"acts_visited":["Exordium","TheCity"],"potions_floor_usage":[33,33],"damage_taken":[{"damage":0.0,"enemies":"Jaw Worm","floor":1.0,"turns":1.0},{"damage":0.0,"enemies":"3 Sentries","floor":6.0,"turns":1.0},{"damage":0.0,"enemies":"Lagavulin","floor":8.0,"turns":1.0},{"damage":3.0,"enemies":"2 Louse","floor":10.0,"turns":2.0},{"damage":0.0,"enemies":"Small Slimes","floor":11.0,"turns":2.0},{"damage":1.0,"enemies":"2 Fungi Beasts","floor":12.0,"turns":2.0},{"damage":9.0,"enemies":"Red Slaver","floor":14.0,"turns":3.0},{"damage":17.0,"enemies":"Slime Boss","floor":16.0,"turns":9.0},{"damage":0.0,"enemies":"Spheric Guardian","floor":18.0,"turns":5.0},{"damage":0.0,"enemies":"2 Thieves","floor":21.0,"turns":4.0},{"damage":2.0,"enemies":"Centurion and Healer","floor":24.0,"turns":7.0},{"damage":1.0,"enemies":"Book of Stabbing","floor":27.0,"turns":5.0},{"damage":0.0,"enemies":"3 Cultists","floor":28.0,"turns":5.0},{"damage":13.0,"enemies":"Slavers","floor":30.0,"turns":10.0},{"damage":0.0,"enemies":"Snake Plant","floor":31.0,"turns":6.0},{"damage":36,"enemies":"Automaton","floor":33,"turns":14}],"seed_played":"5843695630116827921","potions_obtained":[{"floor":1.0,"key":"LiquidMemories"},{"floor":8.0,"key":"Explosive Potion"},{"floor":10.0,"key":"Ancient Potion"},{"floor":12.0,"key":"Strength Potion"},{"floor":14.0,"key":"SneckoOil"},{"floor":16.0,"key":"Dexterity Potion"},{"floor":21.0,"key":"ColorlessPotion"},{"floor":24.0,"key":"Energy Potion"},{"floor":27.0,"key":"Weak Potion"},{"floor":28.0,"key":"Fire Potion"},{"floor":30.0,"key":"SkillPotion"},{"floor":31.0,"key":"BlessingOfTheForge"}],"is_trial":false,"path_per_floor":["M","?","?","?","?","E","R","E","T","M","M","M","?","M","R","B",null,"M","?","?","M","$","R","M","R","T","E","M","?","E","M","R","B"],"character_chosen":"DEFECT","items_purchased":["Master of Strategy"],"campfire_rested":0,"item_purchase_floors":[22],"current_hp_per_floor":[64,64,69,69,69,69,69,69,69,66,66,65,65,56,56,39,62,62,62,34,34,34,34,32,32,32,31,31,31,23,28,28,0,0],"gold":139,"neow_bonus":"THREE_ENEMY_KILL","is_daily":false,"chose_seed":false,"campfire_upgraded":5,"win_rate":0.0,"timestamp":1607747505,"path_taken":["M","?","?","?","?","E","R","E","T","M","M","M","?","M","R","BOSS","M","?","?","M","$","R","M","R","T","E","?","?","E","M","R","BOSS"],"items_purchased_type":["Card"],"build_version":"2020-11-30","purchased_purges":1,"victory":false,"max_hp_per_floor":[71,64,69,69,69,69,69,69,69,69,69,69,69,69,69,69,69,69,69,34,34,34,34,34,34,34,34,34,34,34,34,34,34,34],"card_choices":[{"not_picked":["Reprogram","White Noise"],"picked":"Streamline","floor":1.0},{"not_picked":["Skim","Stack"],"picked":"Sunder","floor":6.0},{"not_picked":["Self Repair","Steam"],"picked":"Glacier","floor":8.0},{"not_picked":["Compile Driver","Ball Lightning"],"picked":"Conserve Battery","floor":10.0},{"not_picked":["Rebound","Lockon"],"picked":"Reinforced Body","floor":11.0},{"not_picked":["White Noise","Go for the Eyes"],"picked":"Auto Shields","floor":12.0},{"not_picked":["Tempest","Redo","FTL"],"picked":"SKIP","floor":14.0},{"not_picked":["Thunder Strike","Amplify"],"picked":"Reboot","floor":16.0},{"not_picked":["Coolheaded","Steam"],"picked":"Chill","floor":18.0},{"not_picked":["Cold Snap","Steam"],"picked":"Skim","floor":21.0},{"not_picked":["Redo","Cold Snap","Barrage"],"picked":"SKIP","floor":24.0},{"not_picked":["Rebound","Rip and Tear+1","Reinforced Body"],"picked":"SKIP","floor":27.0},{"not_picked":["Hello World","Scrape+1","Streamline"],"picked":"SKIP","floor":28.0},{"not_picked":["Redo+1","Steam"],"picked":"Core Surge","floor":30.0},{"not_picked":["Darkness","Lockon","FTL"],"picked":"SKIP","floor":31.0}],"player_experience":729223,"relics_obtained":[{"floor":6.0,"key":"White Beast Statue"},{"floor":8.0,"key":"Blue Candle"},{"floor":9.0,"key":"Darkstone Periapt"},{"floor":26.0,"key":"Mercury Hourglass"},{"floor":27.0,"key":"Sundial"},{"floor":30.0,"key":"Anchor"}],"event_choices":[{"damage_healed":0.0,"max_hp_gain":0.0,"max_hp_loss":7.0,"gold_gain":0.0,"event_name":"Golden Idol","player_choice":"Lose Max HP","floor":2.0,"gold_loss":0.0,"damage_taken":0.0,"relics_obtained":["Golden Idol"]},{"damage_healed":0.0,"max_hp_gain":5.0,"max_hp_loss":0.0,"gold_gain":0.0,"event_name":"Big Fish","player_choice":"Donut","floor":3.0,"gold_loss":0.0,"damage_taken":0.0},{"cards_removed":["Strike_B"],"damage_healed":0.0,"max_hp_gain":0.0,"max_hp_loss":0.0,"gold_gain":0.0,"event_name":"The Cleric","player_choice":"Card Removal","floor":4.0,"gold_loss":75.0,"damage_taken":0.0},{"damage_healed":0.0,"max_hp_gain":0.0,"max_hp_loss":0.0,"gold_gain":0.0,"event_name":"Liars Game","player_choice":"Ignored","floor":5.0,"gold_loss":0.0,"damage_taken":0.0},{"damage_healed":0.0,"max_hp_gain":0.0,"max_hp_loss":0.0,"gold_gain":0.0,"cards_transformed":["Strike_B"],"event_name":"Transmorgrifier","player_choice":"Transformed","floor":13.0,"gold_loss":0.0,"damage_taken":0.0,"cards_obtained":["Beam Cell"]},{"damage_healed":0.0,"max_hp_gain":0.0,"max_hp_loss":0.0,"gold_gain":0.0,"event_name":"Vampires","player_choice":"Ignored","floor":19.0,"gold_loss":0.0,"damage_taken":0.0},{"damage_healed":0.0,"max_hp_gain":0.0,"max_hp_loss":35.0,"gold_gain":0.0,"event_name":"Ghosts","player_choice":"Became a Ghost","floor":20.0,"gold_loss":0.0,"damage_taken":0.0,"cards_obtained":["Ghostly","Ghostly","Ghostly"]},{"damage_healed":0.0,"max_hp_gain":0.0,"max_hp_loss":0.0,"gold_gain":0.0,"event_name":"Forgotten Altar","player_choice":"Gave Idol","floor":29.0,"relics_lost":["Golden Idol"],"gold_loss":0.0,"damage_taken":0.0,"relics_obtained":["Bloody Idol"]}],"is_beta":false,"boss_relics":[{"not_picked":["Runic Pyramid","Sozu"],"picked":"Velvet Choker"}],"items_purged_floors":[22],"is_endless":false,"potions_floor_spawned":[1,8,10,11,12,14,16,18,21,24,27,28,30,31],"killed_by":"Automaton","ascension_level":20}}