{"host":"calynag5ibgivyo2","time":1607739914,"event":{"mods":["AchievementEnabler","BaseMod","Colored Map","DeckTracker","Minty Spire (QoL Compilation)","StSLib"],"gold_per_floor":[110,23,23,40,51,78,28,28,51,84,84,9,9,28,28,154,154,167,190,22,35,60,60,60],"floor_reached":23,"playtime":1267,"items_purged":["Strike_P","Strike_P"],"score":231,"play_id":"e492de57-823c-4874-87f4-1b47e164be35","local_time":"20201211182514","is_ascension_mode":true,"campfire_choices":[{"data":"Eruption","floor":8,"key":"SMITH"},{"floor":13,"key":"REST"},{"data":"Vigilance","floor":15,"key":"SMITH"}],"circlet_count":0,"master_deck":["Strike_P","Defend_P","Defend_P+1","Defend_P","Defend_P","Eruption+1","Vigilance+1","Protect","EmptyFist","Evaluate","WheelKick","Consecrate","Sanctity","Scrawl","Devotion","Protect+1","Wireheading+1","LessonLearned"],"relics":["PureWater","Pen Nib","Ancient Tea Set","Pantograph","Golden Idol","Sozu"],"acts_visited":["Exordium","TheCity"],"potions_floor_usage":[],"damage_taken":[{"damage":0,"enemies":"2 Louse","floor":1,"turns":3},{"damage":1,"enemies":"Small Slimes","floor":4,"turns":3},{"damage":3,"enemies":"Jaw Worm","floor":5,"turns":5},{"damage":44,"enemies":"Lagavulin","floor":6,"turns":9},{"damage":22,"enemies":"3 Sentries","floor":10,"turns":7},{"damage":0,"enemies":"Exordium Wildlife","floor":14,"turns":1},{"damage":20,"enemies":"The Guardian","floor":16,"turns":13},{"damage":7,"enemies":"Shell Parasite","floor":18,"turns":5},{"damage":22,"enemies":"3 Byrds","floor":19,"turns":7},{"damage":22,"enemies":"Sentry and Sphere","floor":21,"turns":9},{"damage":18,"enemies":"Centurion and Healer","floor":22,"turns":4},{"damage":12,"enemies":"Gremlin Leader","floor":23,"turns":5}],"seed_played":"-5617571891853373489","potions_obtained":[{"floor":4,"key":"LiquidBronze"},{"floor":6,"key":"CultistPotion"}],"is_trial":false,"path_per_floor":["M","$","?","M","M","E","?","R","T","E","?","$","R","M","R","B",null,"M","M","$","M","M","E"],"character_chosen":"WATCHER","items_purchased":["Evaluate","WheelKick","LessonLearned"],"campfire_rested":1,"item_purchase_floors":[2,2,20],"current_hp_per_floor":[72,72,77,76,73,29,29,29,29,7,7,7,28,28,28,33,71,64,42,42,20,2,0,0],"gold":60,"neow_bonus":"THREE_CARDS","is_daily":false,"chose_seed":false,"campfire_upgraded":2,"win_rate":0.0,"timestamp":1607739914,"path_taken":["M","$","?","M","M","E","?","R","T","E","?","?","R","?","R","BOSS","M","M","$","M","M","E"],"items_purchased_type":["Card","Card","Card"],"build_version":"2020-11-30","purchased_purges":2,"victory":false,"max_hp_per_floor":[72,72,77,77,77,77,77,77,77,77,71,71,71,71,71,71,71,71,71,71,71,71,71,71],"card_choices":[{"not_picked":["CrushJoints","Prostrate"],"picked":"Protect","floor":0},{"not_picked":["ClearTheMind","CrushJoints"],"picked":"EmptyFist","floor":1},{"not_picked":["FlurryOfBlows","LikeWater"],"picked":"Consecrate","floor":4},{"not_picked":["Protect","ReachHeaven"],"picked":"Sanctity","floor":5},{"not_picked":["JustLucky","SignatureMove","FlyingSleeves"],"picked":"SKIP","floor":6},{"not_picked":["ThirdEye","ForeignInfluence"],"picked":"Scrawl","floor":10},{"not_picked":["FollowUp","Prostrate","Consecrate"],"picked":"SKIP","floor":14},{"not_picked":["Vault","MasterReality"],"picked":"Devotion","floor":16},{"not_picked":["Weave+1","JustLucky"],"picked":"Protect+1","floor":18},{"not_picked":["EmptyBody+1","PathToVictory"],"picked":"Wireheading","floor":19},{"not_picked":["EmptyFist+1","EmptyBody","PathToVictory"],"picked":"SKIP","floor":21},{"not_picked":["LikeWater","ThirdEye","FlurryOfBlows+1"],"picked":"SKIP","floor":22}],"player_experience":421585,"relics_obtained":[{"floor":6,"key":"Pen Nib"},{"floor":9,"key":"Ancient Tea Set"},{"floor":10,"key":"Pantograph"}],"event_choices":[{"damage_healed":0,"gold_gain":0,"player_choice":"Donut","damage_taken":0,"max_hp_gain":5,"max_hp_loss":0,"event_name":"Big Fish","floor":3,"gold_loss":0},{"cards_removed":["Strike_P"],"damage_healed":0,"gold_gain":0,"player_choice":"Card Removal","damage_taken":0,"max_hp_gain":0,"max_hp_loss":0,"event_name":"The Cleric","floor":7,"gold_loss":50},{"damage_healed":0,"gold_gain":0,"player_choice":"Lose Max HP","damage_taken":0,"relics_obtained":["Golden Idol"],"max_hp_gain":0,"max_hp_loss":6,"event_name":"Golden Idol","floor":11,"gold_loss":0}],"is_beta":false,"boss_relics":[{"not_picked":["Pandora\u0027s Box","Empty Cage"],"picked":"Sozu"}],"items_purged_floors":[12,20],"is_endless":false,"potions_floor_spawned":[4,6,21,22],"killed_by":"Gremlin Leader","ascension_level":3}}