{"host":"DOLBYTIME","time":1607784464,"event":{"mods":["BaseMod","Block Reminder","Minty Spire (QoL Compilation)"],"gold_per_floor":[112,126,137,212,30,30,62,62,89,89,1,15,29,42,42,115,115,132,142,177,188,188,188,188,238,238,252,262,33,33,33,33,33,33],"floor_reached":33,"playtime":1305,"items_purged":["Strike_B"],"score":494,"play_id":"ee024a57-27ef-446d-9ad8-2c17deeeced4","local_time":"20201212084744","is_ascension_mode":true,"campfire_choices":[{"data":"Defragment","floor":6,"key":"SMITH"},{"floor":8,"key":"REST"},{"floor":15,"key":"REST"},{"floor":24,"key":"REST"},{"floor":30,"key":"REST"},{"floor":32,"key":"REST"}],"circlet_count":0,"master_deck":["AscendersBane","Strike_B","Defend_B","Defend_B","Defend_B","Defend_B","Zap","Dualcast","Defragment+1","Doom and Gloom","Redo","Genetic Algorithm","Coolheaded","Go for the Eyes","Electrodynamics","Compile Driver","Rainbow","Hologram+1","Reinforced Body","Redo","Thunder Strike","Genetic Algorithm","Glacier","Echo Form","Genetic Algorithm"],"relics":["Cracked Core","Strawberry","Potion Belt","Bronze Scales","Inserter","Red Mask","Mercury Hourglass"],"acts_visited":["Exordium","TheCity"],"potions_floor_usage":[7,19,28,33],"damage_taken":[{"damage":9,"enemies":"Small Slimes","floor":1,"turns":4},{"damage":2,"enemies":"2 Louse","floor":2,"turns":2},{"damage":2,"enemies":"Cultist","floor":3,"turns":4},{"damage":31,"enemies":"Gremlin Nob","floor":7,"turns":6},{"damage":7,"enemies":"Looter","floor":12,"turns":4},{"damage":4,"enemies":"Blue Slaver","floor":13,"turns":4},{"damage":2,"enemies":"3 Louse","floor":14,"turns":2},{"damage":41,"enemies":"The Guardian","floor":16,"turns":9},{"damage":30,"enemies":"2 Thieves","floor":18,"turns":4},{"damage":3,"enemies":"3 Byrds","floor":19,"turns":3},{"damage":22,"enemies":"Masked Bandits","floor":20,"turns":3},{"damage":15,"enemies":"Centurion and Healer","floor":21,"turns":7},{"damage":21,"enemies":"Sentry and Sphere","floor":27,"turns":5},{"damage":5,"enemies":"Snake Plant","floor":28,"turns":4},{"damage":73,"enemies":"Collector","floor":33,"turns":9}],"seed_played":"-1487902759945206933","potions_obtained":[{"floor":3,"key":"Block Potion"},{"floor":7,"key":"LiquidBronze"},{"floor":14,"key":"FocusPotion"},{"floor":18,"key":"Regen Potion"},{"floor":19,"key":"SteroidPotion"},{"floor":27,"key":"EssenceOfSteel"}],"is_trial":false,"path_per_floor":["M","M","M","?","$","R","E","R","T","?","$","M","M","M","R","B",null,"M","M","?","M","?","?","R","?","T","M","M","$","R","?","R","B"],"character_chosen":"DEFECT","items_purchased":["Genetic Algorithm","Coolheaded","Defragment","Electrodynamics","Glacier","Echo Form"],"campfire_rested":5,"item_purchase_floors":[5,5,5,11,29,29],"current_hp_per_floor":[62,60,58,47,47,47,23,48,48,48,48,41,37,35,60,19,69,39,48,26,11,11,11,36,36,36,15,10,10,35,35,60,0,0],"gold":33,"neow_bonus":"TEN_PERCENT_HP_BONUS","is_daily":false,"chose_seed":false,"campfire_upgraded":1,"win_rate":0.0,"timestamp":1607784464,"path_taken":["M","M","M","?","$","R","E","R","T","?","$","M","M","?","R","BOSS","M","M","?","M","?","?","R","?","T","M","M","$","R","?","R","BOSS"],"items_purchased_type":["Card","Card","Card","Card","Card","Card"],"build_version":"2020-12-07","purchased_purges":1,"victory":false,"max_hp_per_floor":[78,78,78,78,78,78,85,85,85,85,85,85,85,85,85,85,85,85,85,85,85,85,85,85,85,85,85,85,85,85,85,85,85,85],"card_choices":[{"not_picked":["Hologram","Skim"],"picked":"Defragment","floor":1},{"not_picked":["Barrage","Stack"],"picked":"Doom and Gloom","floor":2},{"not_picked":["Beam Cell","Conserve Battery"],"picked":"Redo","floor":3},{"not_picked":["Cold Snap","Blizzard"],"picked":"Go for the Eyes","floor":7},{"not_picked":["Darkness","Stack"],"picked":"Compile Driver","floor":12},{"not_picked":["Sunder","Stack","Go for the Eyes"],"picked":"SKIP","floor":13},{"not_picked":["Redo","Cold Snap","Consume"],"picked":"SKIP","floor":14},{"not_picked":["Amplify","Reboot"],"picked":"Rainbow","floor":16},{"not_picked":["Ball Lightning","Force Field"],"picked":"Hologram+1","floor":18},{"not_picked":["Storm","Streamline"],"picked":"Reinforced Body","floor":19},{"not_picked":["Double Energy","Coolheaded","Reboot"],"picked":"SKIP","floor":21},{"not_picked":["Gash","Go for the Eyes","Rebound"],"picked":"SKIP","floor":27},{"not_picked":["Coolheaded","Redo"],"picked":"Genetic Algorithm","floor":28}],"player_experience":1695028,"relics_obtained":[{"floor":7,"key":"Strawberry"},{"floor":9,"key":"Potion Belt"},{"floor":20,"key":"Red Mask"},{"floor":26,"key":"Mercury Hourglass"}],"event_choices":[{"damage_healed":0,"gold_gain":75,"player_choice":"Gather Gold","damage_taken":11,"max_hp_gain":0,"max_hp_loss":0,"event_name":"World of Goop","floor":4,"gold_loss":0},{"cards_removed":["Defragment"],"damage_healed":0,"gold_gain":0,"player_choice":"Gave Card","damage_taken":0,"relics_obtained":["Bronze Scales"],"max_hp_gain":0,"max_hp_loss":0,"event_name":"WeMeetAgain","floor":10,"gold_loss":0},{"damage_healed":0,"gold_gain":0,"player_choice":"Fought Bandits","damage_taken":0,"max_hp_gain":0,"max_hp_loss":0,"event_name":"Masked Bandits","floor":20,"gold_loss":0},{"damage_healed":0,"gold_gain":0,"player_choice":"Ignored","damage_taken":0,"max_hp_gain":0,"max_hp_loss":0,"event_name":"Cursed Tome","floor":22,"gold_loss":0},{"damage_healed":0,"gold_gain":0,"cards_transformed":["Strike_B","Strike_B"],"player_choice":"Became Test Subject","damage_taken":0,"max_hp_gain":0,"max_hp_loss":0,"event_name":"Drug Dealer","floor":23,"gold_loss":0,"cards_obtained":["Redo","Thunder Strike"]},{"damage_healed":0,"gold_gain":50,"player_choice":"Stole From Cult","damage_taken":0,"max_hp_gain":0,"max_hp_loss":0,"event_name":"Nest","floor":25,"gold_loss":0},{"damage_healed":0,"gold_gain":0,"player_choice":"Copied","damage_taken":0,"max_hp_gain":0,"max_hp_loss":0,"event_name":"Duplicator","floor":31,"gold_loss":0,"cards_obtained":["Genetic Algorithm"]}],"is_beta":true,"boss_relics":[{"not_picked":["Nuclear Battery","Runic Dome"],"picked":"Inserter"}],"items_purged_floors":[29],"is_endless":false,"potions_floor_spawned":[3,7,14,18,19,27],"killed_by":"Collector","ascension_level":20}}