{"host":"utqe55yv0jihe4d6","time":1607745162,"event":{"mods":["2.2 Compatiblity","AchievementEnabler","BaseMod","Block Reminder","Colored Map","Colored Powertips","Minty Spire (QoL Compilation)","Quick Restart","Rare Cards Sparkle","Relic Stats","SuperFastMode"],"gold_per_floor":[117,0,0,0,0,0,29,29,55,72,107,127,145,179,179,256,256,270,38,53,53,53,78,78,93,93,93,108,108,108],"floor_reached":29,"playtime":958,"items_purged":["Strike_G","Strike_G"],"score":522,"play_id":"400befb8-07b3-4a0c-929c-60a759bde726","local_time":"20201211225242","is_ascension_mode":true,"campfire_choices":[{"data":"Skewer","floor":6,"key":"SMITH"},{"data":"Neutralize","floor":8,"key":"SMITH"},{"data":"Burst","floor":15,"key":"SMITH"},{"data":"Strike_G","floor":24,"key":"PURGE"},{"floor":27,"key":"REST"}],"circlet_count":0,"master_deck":["AscendersBane","Strike_G","Strike_G","Defend_G","Defend_G","Defend_G","Defend_G","Defend_G","Survivor","Neutralize+1","Skewer+1","Footwork","Deadly Poison","Footwork","Crippling Poison","Bouncing Flask","Dagger Throw","Burst+1","After Image","Noxious Fumes","Footwork","RitualDagger","PiercingWail+1"],"relics":["HoveringKite","Ginger","MealTicket","Strawberry","Singing Bowl","Fusion Hammer","Peace Pipe","Kunai"],"acts_visited":["Exordium","TheCity"],"potions_floor_usage":[7,7,11,11,16,16,23,29],"damage_taken":[{"damage":6,"enemies":"Jaw Worm","floor":1,"turns":7},{"damage":7,"enemies":"Lagavulin","floor":7,"turns":9},{"damage":0,"enemies":"2 Louse","floor":10,"turns":2},{"damage":9,"enemies":"Gremlin Nob","floor":11,"turns":4},{"damage":6,"enemies":"Small Slimes","floor":12,"turns":3},{"damage":9,"enemies":"Exordium Thugs","floor":13,"turns":7},{"damage":24,"enemies":"3 Sentries","floor":14,"turns":10},{"damage":3,"enemies":"The Guardian","floor":16,"turns":10},{"damage":12,"enemies":"Shell Parasite","floor":18,"turns":6},{"damage":4,"enemies":"3 Byrds","floor":20,"turns":5},{"damage":34,"enemies":"Book of Stabbing","floor":23,"turns":7},{"damage":22,"enemies":"Shelled Parasite and Fungi","floor":25,"turns":7},{"damage":24,"enemies":"Snake Plant","floor":28,"turns":4},{"damage":20,"enemies":"Slavers","floor":29,"turns":1}],"seed_played":"-8930599033260902473","potions_obtained":[{"floor":1,"key":"EntropicBrew"},{"floor":10,"key":"DistilledChaos"},{"floor":12,"key":"SpeedPotion"},{"floor":14,"key":"FearPotion"},{"floor":23,"key":"EssenceOfSteel"}],"is_trial":false,"path_per_floor":["M","$","?","?","$","R","E","R","T","M","E","M","M","E","R","B",null,"M","$","M","$","?","E","R","M","T","R","M","E"],"character_chosen":"THE_SILENT","items_purchased":["Footwork","Footwork","AttackPotion"],"campfire_rested":1,"item_purchase_floors":[2,19,19],"current_hp_per_floor":[53,53,53,53,53,53,46,46,46,46,44,38,29,5,5,2,55,43,58,56,71,65,33,33,13,13,36,12,0,0],"gold":108,"neow_bonus":"BOSS_RELIC","is_daily":false,"chose_seed":false,"campfire_upgraded":3,"win_rate":0.0,"timestamp":1607745162,"path_taken":["M","$","?","?","?","R","E","R","T","M","E","M","M","E","R","BOSS","M","$","M","$","?","E","R","M","T","R","M","E"],"items_purchased_type":["Card","Card","Potion"],"build_version":"2020-11-30","purchased_purges":2,"victory":false,"max_hp_per_floor":[66,66,66,66,66,66,66,66,66,66,73,73,73,73,73,73,73,73,73,75,75,75,77,77,79,79,79,79,79,79],"relic_stats":{"Peace Pipe":1,"Singing Bowl":6,"counters":[14,82],"HoveringKite":[27],"MealTicket":30,"Ginger":[12],"Kunai":[1],"obtain_stats":[{"Peace Pipe":23,"Singing Bowl":14,"Strawberry":11,"HoveringKite":0,"MealTicket":9,"Fusion Hammer":17,"Ginger":7,"Kunai":26,"Ring of the Snake":0},{"Peace Pipe":11,"Singing Bowl":7,"Strawberry":4,"HoveringKite":0,"MealTicket":2,"Fusion Hammer":8,"Ginger":2,"Kunai":12,"Ring of the Snake":0},{"Peace Pipe":70,"Singing Bowl":42,"Strawberry":22,"HoveringKite":0,"MealTicket":16,"Fusion Hammer":52,"Ginger":16,"Kunai":77,"Ring of the Snake":0}]},"card_choices":[{"not_picked":["Backflip","Outmaneuver"],"picked":"Skewer","floor":1},{"not_picked":["Eviscerate","Cloak And Dagger"],"picked":"Deadly Poison","floor":7},{"not_picked":["Riddle With Holes","Backflip"],"picked":"Footwork","floor":10},{"not_picked":["Dash","Slice"],"picked":"Crippling Poison","floor":11},{"not_picked":["Flying Knee","Riddle With Holes"],"picked":"Bouncing Flask","floor":12},{"not_picked":["Bane","Endless Agony"],"picked":"Dagger Throw","floor":13},{"not_picked":["All Out Attack","Reflex"],"picked":"Burst","floor":14},{"not_picked":["Venomology","A Thousand Cuts"],"picked":"After Image","floor":16},{"not_picked":["Bane","Underhanded Strike"],"picked":"Noxious Fumes","floor":18},{"not_picked":["Underhanded Strike","Poisoned Stab","Terror"],"picked":"Singing Bowl","floor":20},{"not_picked":["Quick Slash","Slice","Deflect"],"picked":"Singing Bowl","floor":23},{"not_picked":["Flying Knee+1","Tactician","Backstab"],"picked":"Singing Bowl","floor":25},{"not_picked":["Footwork","Dagger Spray"],"picked":"PiercingWail+1","floor":28}],"player_experience":2740459,"relics_obtained":[{"floor":7,"key":"Ginger"},{"floor":9,"key":"MealTicket"},{"floor":11,"key":"Strawberry"},{"floor":14,"key":"Singing Bowl"},{"floor":23,"key":"Peace Pipe"},{"floor":26,"key":"Kunai"}],"event_choices":[{"damage_healed":0,"gold_gain":0,"player_choice":"Ignored","damage_taken":0,"max_hp_gain":0,"max_hp_loss":0,"event_name":"Liars Game","floor":3,"gold_loss":0},{"damage_healed":0,"gold_gain":0,"player_choice":"Left Gold","damage_taken":0,"max_hp_gain":0,"max_hp_loss":0,"event_name":"World of Goop","floor":4,"gold_loss":0},{"damage_healed":0,"gold_gain":0,"player_choice":"Joined the Cult","damage_taken":6,"max_hp_gain":0,"max_hp_loss":0,"event_name":"Nest","floor":22,"gold_loss":0,"cards_obtained":["RitualDagger"]}],"is_beta":false,"boss_relics":[{"not_picked":["Empty Cage","Velvet Choker"],"picked":"Fusion Hammer"}],"items_purged_floors":[2,19],"is_endless":false,"potions_floor_spawned":[1,10,12,14,23],"killed_by":"Slavers","ascension_level":20}}