{"host":"milnbpnt8q6cnpmr","time":1607738279,"event":{"mods":["BaseMod","Marisa????????","Minty Spire (QoL Compilation)"],"gold_per_floor":[118,43,63,63,63,94,94,114,137,156,170,184,184,214,214,285,285,304,319,329,329,329],"floor_reached":21,"playtime":1330,"items_purged":["Strike_MRS"],"score":403,"play_id":"157a1c69-f8b5-4b50-a3a5-9cb81a7cc207","local_time":"20201211175759","is_ascension_mode":true,"campfire_choices":[{"floor":13,"key":"REST"},{"floor":15,"key":"REST"}],"circlet_count":0,"master_deck":["AscendersBane","Strike_MRS","Strike_MRS","Strike_MRS","Defend_MRS","Defend_MRS","Defend_MRS","Defend_MRS","MasterSpark","UpSweep+1","GravityBeat","PulseMagic+1","CasketOfStar","NonDirectionalLaser","EarthLightRay","Acceleration","MagicAbsorber","FinalSpark","RefractionSpark","UltimateShortwave","MilkyWay"],"relics":["MiniHakkero","NeowsBlessing","Du-Vu Doll","Centennial Puzzle","Dream Catcher","Art of War","ExperimentalFamiliar"],"acts_visited":["Exordium","TheCity"],"potions_floor_usage":[14,16,16,21],"damage_taken":[{"damage":0,"enemies":"Cultist","floor":1,"turns":1},{"damage":0,"enemies":"Small Slimes","floor":3,"turns":2},{"damage":0,"enemies":"3 Sentries","floor":6,"turns":2},{"damage":7,"enemies":"Jaw Worm","floor":8,"turns":2},{"damage":7,"enemies":"3 Louse","floor":10,"turns":3},{"damage":7,"enemies":"Looter","floor":11,"turns":4},{"damage":13,"enemies":"Lots of Slimes","floor":12,"turns":3},{"damage":7,"enemies":"Lagavulin","floor":14,"turns":6},{"damage":45,"enemies":"The Guardian","floor":16,"turns":9},{"damage":7,"enemies":"Chosen","floor":18,"turns":3},{"damage":11,"enemies":"Shell Parasite","floor":19,"turns":2},{"damage":18,"enemies":"Snecko","floor":20,"turns":3},{"damage":31,"enemies":"Masked Bandits","floor":21,"turns":3}],"seed_played":"6546300384326216504","potions_obtained":[{"floor":3,"key":"LiquidBronze"},{"floor":10,"key":"GamblersBrew"},{"floor":12,"key":"SpeedPotion"},{"floor":14,"key":"Block Potion"},{"floor":18,"key":"Ancient Potion"}],"is_trial":false,"path_per_floor":["M","$","M","?","?","E","T","M","T","M","M","M","R","E","R","B",null,"M","M","M","?"],"character_chosen":"MARISA","items_purchased":[],"campfire_rested":2,"item_purchase_floors":[],"current_hp_per_floor":[63,63,63,42,37,37,37,30,30,23,16,7,28,25,46,5,54,51,44,26,0,0],"gold":329,"neow_bonus":"THREE_ENEMY_KILL","is_daily":false,"chose_seed":false,"campfire_upgraded":0,"win_rate":0.0,"timestamp":1607738279,"path_taken":["M","$","?","?","?","E","?","M","T","M","M","M","R","E","R","BOSS","M","M","M","?"],"items_purchased_type":[],"build_version":"2020-11-30","purchased_purges":1,"victory":false,"max_hp_per_floor":[70,70,70,70,70,70,70,70,70,70,70,70,70,70,70,70,70,70,70,70,70,70],"card_choices":[{"not_picked":["LuminesStrike","6A"],"picked":"GravityBeat","floor":1},{"not_picked":["LuminesStrike","DragonMeteor"],"picked":"PulseMagic","floor":3},{"not_picked":["StarlightTyphoon","OortCloud"],"picked":"CasketOfStar","floor":6},{"not_picked":["LuminesStrike","6A","SporeBomb"],"picked":"SKIP","floor":8},{"not_picked":["IllusionStar","WitchLeyline"],"picked":"NonDirectionalLaser","floor":10},{"not_picked":["PowerUp","ShootTheMoon"],"picked":"EarthLightRay","floor":11},{"not_picked":["MachineGunSpark","MilkyWay"],"picked":"Acceleration","floor":12},{"not_picked":["MilkyWay","LuminesStrike"],"picked":"MagicAbsorber","floor":13},{"not_picked":["MillisecondPulsars","AsteroidBelt"],"picked":"FinalSpark","floor":14},{"not_picked":["GalacticHalo","EnergyFlow"],"picked":"RefractionSpark","floor":15},{"not_picked":["ManaRampage","BlazingStar"],"picked":"UltimateShortwave","floor":16},{"not_picked":["PowerUp","BlazeAway"],"picked":"MilkyWay","floor":18},{"not_picked":["GalacticHalo","6A","StarBarrage"],"picked":"SKIP","floor":19},{"not_picked":["WitchLeyline","PowerUp","NonDirectionalLaser"],"picked":"SKIP","floor":20}],"player_experience":1137537,"relics_obtained":[{"floor":6,"key":"Centennial Puzzle"},{"floor":7,"key":"Dream Catcher"},{"floor":14,"key":"Art of War"}],"event_choices":[{"damage_healed":0,"gold_gain":0,"player_choice":"Entered Light","damage_taken":21,"max_hp_gain":0,"max_hp_loss":0,"event_name":"Shining Light","floor":4,"gold_loss":0,"cards_upgraded":["PulseMagic","UpSweep"]},{"damage_healed":0,"gold_gain":0,"player_choice":"Success","damage_taken":5,"relics_obtained":["Du-Vu Doll"],"max_hp_gain":0,"max_hp_loss":0,"event_name":"Scrap Ooze","floor":5,"gold_loss":0},{"damage_healed":0,"gold_gain":0,"player_choice":"Fought Bandits","damage_taken":0,"max_hp_gain":0,"max_hp_loss":0,"event_name":"Masked Bandits","floor":21,"gold_loss":0}],"is_beta":false,"boss_relics":[{"not_picked":["Snecko Eye","Fusion Hammer"],"picked":"ExperimentalFamiliar"}],"items_purged_floors":[2],"is_endless":false,"potions_floor_spawned":[3,10,12,14,18],"killed_by":"Masked Bandits","ascension_level":17}}