{"host":"9mnb7pbo3pfmmmyl","time":1607800755,"event":{"mods":["Aspiration","BaseMod","Highlight Path","Lobotomy","Minty Spire (QoL Compilation)","MostiFishMod","Shop Mod","StSLib","TestMod","¡¾ÒÅÎï¿¨ÅÆ¡¿REMEMod","óô»ðÖ¸ÄÏ"],"gold_per_floor":[120,120,131,146,221,249,30,45,45,76,93,93,106,138,38,145,145,165,167,167],"floor_reached":19,"playtime":784,"items_purged":["Strike_P","Defend_P"],"score":277,"play_id":"fe94aceb-fd6a-4207-9291-213a9f25c72b","local_time":"20201213031915","is_ascension_mode":true,"campfire_choices":[],"circlet_count":0,"master_deck":["Strike_P+1","Strike_P+1","Strike_P+1","Defend_P+1","Defend_P+1","Defend_P+1","Eruption+1","Vigilance+1","MostiFishMod:KingOfFree+1","FollowUp+1","InnerPeace","MentalFortress+1","MostiFishMod:DustFall+1"],"relics":["PureWater","testmod-TestBox","DaveBox","REME_ComplimentaryCards","DSteel32","testmod-EqualTreatment","CogitoBucket","RabbitCall","Question Card","Nunchaku","Sling","testmod-Nyarlathotep","HellTrain","testmod-Justice","ImportantClient","Fusion Hammer"],"acts_visited":["Exordium","TheCity"],"potions_floor_usage":[6,10,14,19,19],"damage_taken":[{"damage":0.0,"enemies":"2 Louse","floor":1.0,"turns":2.0},{"damage":0.0,"enemies":"Cultist","floor":3.0,"turns":2.0},{"damage":0.0,"enemies":"Jaw Worm","floor":4.0,"turns":2.0},{"damage":0,"enemies":"Lagavulin","floor":6,"turns":3},{"damage":0,"enemies":"Exordium Thugs","floor":8,"turns":2},{"damage":0,"enemies":"Gremlin Nob","floor":10,"turns":2},{"damage":1,"enemies":"3 Louse","floor":11,"turns":14},{"damage":0,"enemies":"Blue Slaver","floor":13,"turns":3},{"damage":0,"enemies":"3 Sentries","floor":14,"turns":3},{"damage":50,"enemies":"The Guardian","floor":16,"turns":9},{"damage":4,"enemies":"2 Thieves","floor":18,"turns":3},{"damage":5,"enemies":"3 Byrds","floor":19,"turns":3}],"seed_played":"-8331275589610049989","potions_obtained":[{"floor":4.0,"key":"AttackPotion"},{"floor":6,"key":"DistilledChaos"},{"floor":8,"key":"SneckoOil"},{"floor":10,"key":"StancePotion"},{"floor":16,"key":"Block Potion"}],"is_trial":false,"path_per_floor":["M","?","M","M","?","E","R","M","T","E","M","$","M","E","R","B",null,"M","M"],"character_chosen":"WATCHER","items_purchased":["Sling"],"campfire_rested":0,"item_purchase_floors":[7],"current_hp_per_floor":[72,72,72,72,65,66,66,67,67,68,72,72,72,72,72,23,72,70,67,67],"gold":167,"neow_bonus":"","is_daily":false,"chose_seed":false,"campfire_upgraded":0,"win_rate":0.0,"timestamp":1607800755,"path_taken":["M","?","M","M","?","E","R","M","T","E","M","$","?","E","R","BOSS","M","M"],"items_purchased_type":["Relic"],"build_version":"2020-11-30","purchased_purges":2,"victory":false,"max_hp_per_floor":[72,72,72,72,72,72,72,72,72,72,72,72,72,72,72,72,72,72,72,72],"card_choices":[{"not_picked":["JustLucky","SashWhip"],"picked":"FollowUp","floor":1.0},{"not_picked":["Weave","Evaluate","SashWhip","ClearTheMind"],"picked":"SKIP","floor":3.0},{"not_picked":["Crescendo","BowlingBash","EmptyBody"],"picked":"InnerPeace","floor":4.0},{"not_picked":["SashWhip","Weave","ThirdEye","ClearTheMind"],"picked":"SKIP","floor":6},{"not_picked":["Sanctity","Halt","FearNoEvil","Perseverance"],"picked":"SKIP","floor":8},{"not_picked":["BowlingBash","EmptyFist","CutThroughFate","ClearTheMind"],"picked":"SKIP","floor":10},{"not_picked":["EmptyFist","ClearTheMind","Protect"],"picked":"MentalFortress","floor":11},{"not_picked":["BowlingBash","SignatureMove","Wallop","JustLucky"],"picked":"SKIP","floor":13},{"not_picked":["Protect","EmptyMind","CrushJoints"],"picked":"MostiFishMod:DustFall","floor":14},{"not_picked":["InnerPeace","CrushJoints","Pray","SignatureMove"],"picked":"SKIP","floor":18}],"player_experience":481176,"relics_obtained":[{"floor":1.0,"key":"Question Card"},{"floor":6,"key":"Nunchaku"},{"floor":10,"key":"testmod-Nyarlathotep"},{"floor":14,"key":"testmod-Justice"},{"floor":16,"key":"ImportantClient"}],"event_choices":[{"damage_healed":0.0,"max_hp_gain":0.0,"max_hp_loss":0.0,"gold_gain":0.0,"event_name":"Living Wall","player_choice":"Grow","floor":2.0,"gold_loss":0.0,"damage_taken":0.0,"cards_upgraded":["Eruption"]},{"damage_healed":0,"gold_gain":75,"player_choice":"Touch","damage_taken":7,"max_hp_gain":0,"max_hp_loss":0,"event_name":"FaceTrader","floor":5,"gold_loss":0}],"is_beta":false,"boss_relics":[{"not_picked":["Ectoplasm","Runic Dome"],"picked":"Fusion Hammer"}],"items_purged_floors":[7,15],"is_endless":false,"potions_floor_spawned":[4,6,8,10,16],"killed_by":"3 Byrds","ascension_level":1}}