{"host":"mcdusr64esz012l0","time":1607799289,"event":{"mods":["BaseMod","Minty Spire (QoL Compilation)","Relic Stats"],"gold_per_floor":[119,137,137,63,77,77,104,104,104,104,104,104,126,160,160,245,245,266,275,225,249,271,306,320,320,347,359,371,146,146,180,180,266,266,266,266],"floor_reached":35,"playtime":1368,"items_purged":["Strike_P"],"score":806,"play_id":"1810564e-4bae-4d98-9339-9f657c2c4263","local_time":"20201212135449","is_ascension_mode":true,"campfire_choices":[{"data":"Ragnarok","floor":6,"key":"SMITH"},{"floor":8,"key":"REST"},{"data":"Omniscience","floor":10,"key":"SMITH"},{"data":"Eruption","floor":12,"key":"SMITH"},{"data":"ForeignInfluence","floor":15,"key":"SMITH"},{"floor":25,"key":"REST"},{"floor":28,"key":"REST"},{"floor":30,"key":"RECALL"},{"floor":32,"key":"REST"}],"circlet_count":0,"master_deck":["AscendersBane","Strike_P","Strike_P","Strike_P","Defend_P","Defend_P+1","Defend_P","Defend_P+1","Eruption+1","Vigilance","Ragnarok+1","Omniscience+1","ForeignInfluence+1","Scrawl","CrushJoints","RitualDagger","Crescendo","DeusExMachina","SpiritShield"],"relics":["HolyWater","NeowsBlessing","Question Card","Meat on the Bone","CeramicFish","Odd Mushroom","Turnip","Fusion Hammer","Juzu Bracelet","MawBank","Bag of Marbles","HornCleat"],"acts_visited":["Exordium","TheCity","TheBeyond"],"potions_floor_usage":[7,16,23,33,33],"damage_taken":[{"damage":0,"enemies":"Cultist","floor":1,"turns":1},{"damage":0,"enemies":"Small Slimes","floor":2,"turns":1},{"damage":0,"enemies":"Jaw Worm","floor":5,"turns":1},{"damage":30,"enemies":"Lagavulin","floor":7,"turns":6},{"damage":9,"enemies":"The Mushroom Lair","floor":13,"turns":3},{"damage":0,"enemies":"Gremlin Nob","floor":14,"turns":2},{"damage":35,"enemies":"Hexaghost","floor":16,"turns":7},{"damage":30,"enemies":"3 Byrds","floor":18,"turns":5},{"damage":0,"enemies":"Shell Parasite","floor":21,"turns":2},{"damage":5,"enemies":"Snecko","floor":22,"turns":3},{"damage":5,"enemies":"Book of Stabbing","floor":23,"turns":2},{"damage":0,"enemies":"Snake Plant","floor":24,"turns":2},{"damage":15,"enemies":"Gremlin Leader","floor":31,"turns":4},{"damage":65,"enemies":"Champ","floor":33,"turns":11},{"damage":63,"enemies":"3 Shapes","floor":35,"turns":1}],"seed_played":"7655104742194805381","potions_obtained":[{"floor":5,"key":"Swift Potion"},{"floor":7,"key":"FearPotion"},{"floor":14,"key":"CultistPotion"},{"floor":16,"key":"PowerPotion"},{"floor":23,"key":"SpeedPotion"}],"is_trial":false,"path_per_floor":["M","M","?","$","M","R","E","R","T","R","?","R","?","E","R","B",null,"M","?","?","M","M","E","M","R","T","?","R","$","R","E","R","B",null,"M"],"character_chosen":"WATCHER","items_purchased":["Ragnarok","Bag of Marbles"],"campfire_rested":4,"item_purchase_floors":[4,29],"current_hp_per_floor":[61,61,66,66,66,66,36,57,57,57,39,39,42,42,42,19,60,42,36,36,48,43,38,38,59,59,59,73,73,73,58,73,20,60,0,0],"gold":266,"neow_bonus":"THREE_ENEMY_KILL","is_daily":false,"chose_seed":false,"campfire_upgraded":4,"win_rate":0.0,"timestamp":1607799289,"path_taken":["M","?","?","$","M","R","E","R","T","R","?","R","?","E","R","BOSS","M","?","?","M","?","E","M","R","T","?","R","$","R","E","R","BOSS","M"],"items_purchased_type":["Card","Relic"],"build_version":"2020-11-30","purchased_purges":1,"victory":false,"max_hp_per_floor":[68,68,73,73,73,73,73,73,73,73,73,73,73,73,73,73,73,73,73,73,73,73,73,73,73,73,73,73,73,73,73,73,73,73,73,73],"relic_stats":{"counters":[15,51],"CeramicFish":63,"Turnip":[13],"Juzu Bracelet":0,"Question Card":10,"MawBank":36,"obtain_stats":[{"NeowsBlessing":0,"CeramicFish":11,"Juzu Bracelet":23,"Odd Mushroom":13,"Question Card":7,"MawBank":26,"HornCleat":31,"HolyWater":34,"Turnip":14,"Fusion Hammer":17,"Bag of Marbles":29,"PureWater":0,"Meat on the Bone":9},{"NeowsBlessing":0,"CeramicFish":4,"Juzu Bracelet":11,"Odd Mushroom":5,"Question Card":4,"MawBank":12,"HornCleat":13,"HolyWater":14,"Turnip":6,"Fusion Hammer":7,"Bag of Marbles":12,"PureWater":0,"Meat on the Bone":4},{"NeowsBlessing":0,"CeramicFish":9,"Juzu Bracelet":33,"Odd Mushroom":12,"Question Card":9,"MawBank":35,"HornCleat":39,"HolyWater":50,"Turnip":14,"Fusion Hammer":21,"Bag of Marbles":35,"PureWater":0,"Meat on the Bone":9}],"Meat on the Bone":60},"card_choices":[{"not_picked":["JustLucky","BowlingBash","FollowUp"],"picked":"SKIP","floor":1},{"not_picked":["Halt","PathToVictory","BowlingBash"],"picked":"SKIP","floor":2},{"not_picked":["SignatureMove","FollowUp","SashWhip"],"picked":"SKIP","floor":5},{"not_picked":["Worship","BattleHymn"],"picked":"Omniscience","floor":7},{"not_picked":["Weave","JustLucky","FlurryOfBlows"],"picked":"ForeignInfluence","floor":14},{"not_picked":["Judgement","MasterReality","Brilliance"],"picked":"Scrawl","floor":16},{"not_picked":["Sanctity","Prostrate+1","EmptyBody"],"picked":"CrushJoints","floor":18},{"not_picked":["EmptyBody","LikeWater","PathToVictory"],"picked":"Crescendo","floor":21},{"not_picked":["CutThroughFate","CrushJoints","EmptyBody"],"picked":"DeusExMachina","floor":22},{"not_picked":["Fasting2","SashWhip+1","SandsOfTime","CutThroughFate"],"picked":"SKIP","floor":23},{"not_picked":["Conclude","BattleHymn","CrushJoints","Pray"],"picked":"SKIP","floor":24},{"not_picked":["JustLucky","Evaluate","SashWhip","CutThroughFate"],"picked":"SKIP","floor":31},{"not_picked":["DeusExMachina","ConjureBlade","Alpha"],"picked":"SpiritShield","floor":33}],"player_experience":984284,"relics_obtained":[{"floor":7,"key":"Question Card"},{"floor":9,"key":"Meat on the Bone"},{"floor":13,"key":"Odd Mushroom"},{"floor":14,"key":"Turnip"},{"floor":23,"key":"Juzu Bracelet"},{"floor":26,"key":"MawBank"},{"floor":31,"key":"HornCleat"}],"event_choices":[{"damage_healed":0,"gold_gain":0,"player_choice":"Donut","damage_taken":0,"max_hp_gain":5,"max_hp_loss":0,"event_name":"Big Fish","floor":3,"gold_loss":0},{"damage_healed":0,"gold_gain":0,"player_choice":"Success","damage_taken":18,"relics_obtained":["CeramicFish"],"max_hp_gain":0,"max_hp_loss":0,"event_name":"Scrap Ooze","floor":11,"gold_loss":0},{"damage_healed":0,"gold_gain":0,"player_choice":"Fought Mushrooms","damage_taken":0,"max_hp_gain":0,"max_hp_loss":0,"event_name":"Mushrooms","floor":13,"gold_loss":0},{"damage_healed":0,"gold_gain":0,"player_choice":"Joined the Cult","damage_taken":6,"max_hp_gain":0,"max_hp_loss":0,"event_name":"Nest","floor":19,"gold_loss":0,"cards_obtained":["RitualDagger"]},{"damage_healed":0,"gold_gain":0,"player_choice":"Upgraded Two","damage_taken":0,"max_hp_gain":0,"max_hp_loss":0,"event_name":"Designer","floor":20,"gold_loss":50,"cards_upgraded":["Defend_P","Defend_P"]},{"damage_healed":0,"gold_gain":0,"player_choice":"Ignored","damage_taken":0,"max_hp_gain":0,"max_hp_loss":0,"event_name":"Ghosts","floor":27,"gold_loss":0}],"is_beta":false,"boss_relics":[{"not_picked":["Velvet Choker","Ectoplasm"],"picked":"Fusion Hammer"},{"not_picked":["Empty Cage","Sozu"],"picked":"HolyWater"}],"items_purged_floors":[29],"is_endless":false,"potions_floor_spawned":[5,7,14,16,18,23,24],"killed_by":"3 Shapes","ascension_level":18}}