{"host":"ara2x355w8uh76nf","time":1607806981,"event":{"mods":["BaseMod","Colored Powertips","Hermit","Marisa????????","Minty Spire (QoL Compilation)","Replay The Spire","Shop Mod","StSLib","The Bug Knight","The Cursed","The Disciple","The Dragon Tamer","The Hierophant","The Servant 0.9.4","themimic"],"gold_per_floor":[110,129,129,174,185,211,227,227,227,227,244,260,272,284,284,381,381,381],"floor_reached":17,"playtime":1380,"items_purged":[],"score":161,"play_id":"c87ca802-58af-41e7-b50d-c38afc549cf8","local_time":"20201212220301","is_ascension_mode":false,"campfire_choices":[{"data":"Duplication","floor":8,"key":"SMITH"},{"data":"Manipulate","floor":10,"key":"SMITH"},{"floor":15,"key":"RECALL"}],"circlet_count":0,"master_deck":["Strike_P","Strike_P","Strike_P","Strike_P","WitchLeyline","Defend_P","Defend_P","Defend_P","Defend_P","Replace","hierophant:Generosity","Manipulate+1","FairyDestructionRay","Alleviate","DarkSpark","Duplication+1","GravityBeat","6A","DragonMeteor","hierophant:Doubloon"],"relics":["Burning Blood","Replay:WaspNest","Mercury Hourglass","Replay:Accelerometer","HornCleat","Empty Cage"],"acts_visited":["Exordium","TheCity"],"potions_floor_usage":[16,16],"damage_taken":[{"damage":4,"enemies":"Jaw Worm","floor":1,"turns":4},{"damage":8,"enemies":"2 Louse","floor":2,"turns":4},{"damage":3,"enemies":"Cultist","floor":5,"turns":3},{"damage":15,"enemies":"HollowMod:MossKnight","floor":6,"turns":8},{"damage":12,"enemies":"Lots of Slimes","floor":7,"turns":2},{"damage":1,"enemies":"2 Fungi Beasts","floor":11,"turns":2},{"damage":8,"enemies":"Red Slaver","floor":12,"turns":4},{"damage":0,"enemies":"3 Louse","floor":13,"turns":1},{"damage":15,"enemies":"Gremlin Gang","floor":14,"turns":2},{"damage":28,"enemies":"Fading Forest","floor":16,"turns":11}],"seed_played":"2919777934578573316","potions_obtained":[{"floor":4,"key":"Venom Potion"},{"floor":6,"key":"Toxic Potion"},{"floor":7,"key":"LifebloodPotion"},{"floor":13,"key":"Reflective Coating"},{"floor":16,"key":"CultistPotion"}],"is_trial":false,"path_per_floor":["M","M","?","?","M","E","M","R","T","R","M","M","M","M","R","B",null],"character_chosen":"THE_MIMIC","items_purchased":[],"campfire_rested":0,"item_purchase_floors":[],"current_hp_per_floor":[82,80,73,73,76,67,61,61,61,61,66,64,70,61,61,49,82,82],"gold":381,"neow_bonus":"TEN_PERCENT_HP_BONUS","is_daily":false,"chose_seed":false,"campfire_upgraded":2,"win_rate":0.0,"timestamp":1607806981,"path_taken":["M","M","?","?","M","E","M","R","T","R","M","M","M","M","R","BOSS"],"items_purchased_type":[],"build_version":"2020-11-30","purchased_purges":0,"victory":false,"max_hp_per_floor":[82,82,82,82,82,82,82,82,82,82,82,82,82,82,82,82,82,82],"card_choices":[{"not_picked":["Rearm","MysteriousBeam"],"picked":"Manipulate","floor":1},{"not_picked":["MysteriousBeam","Barrier"],"picked":"FairyDestructionRay","floor":2},{"not_picked":["Rewind","BlazingStar"],"picked":"Alleviate","floor":4},{"not_picked":["Alleviate","RefractionSpark"],"picked":"DarkSpark","floor":5},{"not_picked":["TheWorld","MeteoricShower"],"picked":"Duplication","floor":6},{"not_picked":["InstantArmor","Hightail"],"picked":"GravityBeat","floor":7},{"not_picked":["LuminesStrike","Replace"],"picked":"6A","floor":11},{"not_picked":["BottledTime","DC","ShiftingGears"],"picked":"SKIP","floor":12},{"not_picked":["GrandCross","ShiftingGears"],"picked":"DragonMeteor","floor":13},{"not_picked":["Rearm","6A","hierophant:Generosity"],"picked":"SKIP","floor":14},{"not_picked":["BlazingStar","Duplication"],"picked":"hierophant:Generosity","floor":16}],"player_experience":37335,"relics_obtained":[{"floor":4,"key":"Mercury Hourglass"},{"floor":6,"key":"Replay:Accelerometer"},{"floor":9,"key":"HornCleat"}],"event_choices":[{"damage_healed":0,"gold_gain":0,"player_choice":"Success","damage_taken":7,"relics_obtained":["Replay:WaspNest"],"max_hp_gain":0,"max_hp_loss":0,"event_name":"Scrap Ooze","floor":3,"gold_loss":0}],"is_beta":false,"boss_relics":[{"not_picked":["Runic Dome","Coffee Dripper"],"picked":"Empty Cage"}],"items_purged_floors":[],"is_endless":false,"potions_floor_spawned":[6,7,11,13,16],"ascension_level":0}}