{"host":"k8gerrcpv9xe1nxe","time":1607752135,"event":{"mods":["2.2 Compatiblity","AchievementEnabler","BaseMod","Bestiary","Minty Spire (QoL Compilation)","Relic Stats","StSLib"],"gold_per_floor":[111,131,131,142,142,142,173,52,52,52,52,83,83,101,101,198,198,213,228,240,250,268,293,311,311,334,361,372,397,407,437,437,532,532,552,564,615,635,635,663,147,176,200,200,210,227,227,259,259,259,259,259,66,95,95],"floor_reached":56,"playtime":3768,"items_purged":["Strike_G"],"score":1464,"play_id":"fee5f13d-57a9-4256-a77e-21425cd9f999","local_time":"20201212004855","is_ascension_mode":true,"campfire_choices":[{"data":"Dash","floor":6,"key":"SMITH"},{"data":"Footwork","floor":11,"key":"SMITH"},{"data":"Well Laid Plans","floor":15,"key":"SMITH"},{"data":"Survivor","floor":25,"key":"SMITH"},{"floor":32,"key":"REST"},{"floor":47,"key":"REST"},{"floor":49,"key":"RECALL"},{"data":"Sucker Punch","floor":52,"key":"SMITH"}],"circlet_count":0,"master_deck":["Strike_G","Strike_G+1","Strike_G","Strike_G","Defend_G+1","Defend_G","Defend_G+1","Defend_G","Defend_G+1","Survivor+1","Neutralize","Footwork+1","Sucker Punch+1","Dash+1","Corpse Explosion+1","Well Laid Plans+1","Backflip+1","Blade Dance+1","Dagger Spray","Malaise+1","Underhanded Strike+1","Crippling Poison+1","Bouncing Flask+1","Prepared+1","Crippling Poison+1","Footwork+1","Night Terror+1","Night Terror+1","Noxious Fumes+1","Footwork+1","Bullet Time+1","Caltrops+1"],"relics":["HoveringKite","Toxic Egg 2","Mango","Lantern","Frozen Egg 2","Snecko Eye","Question Card","White Beast Statue","StoneCalendar","Ornamental Fan","Busted Crown","Dead Branch","Pantograph","Sling","HornCleat","Letter Opener","Anchor","Pen Nib","War Paint"],"acts_visited":["Exordium","TheCity","TheBeyond","TheEnding"],"potions_floor_usage":[7,16,27,28,28,33,37,38,42,55,55,55,55,55,55],"damage_taken":[{"damage":0,"enemies":"Cultist","floor":1,"turns":4},{"damage":0,"enemies":"Jaw Worm","floor":2,"turns":5},{"damage":0,"enemies":"2 Louse","floor":4,"turns":3},{"damage":25,"enemies":"Lagavulin","floor":7,"turns":11},{"damage":1,"enemies":"3 Sentries","floor":12,"turns":4},{"damage":0,"enemies":"Blue Slaver","floor":14,"turns":2},{"damage":35,"enemies":"Slime Boss","floor":16,"turns":13},{"damage":0,"enemies":"Chosen","floor":18,"turns":5},{"damage":13,"enemies":"Spheric Guardian","floor":19,"turns":6},{"damage":7,"enemies":"3 Cultists","floor":20,"turns":3},{"damage":2,"enemies":"Centurion and Healer","floor":21,"turns":4},{"damage":10,"enemies":"Snake Plant","floor":22,"turns":5},{"damage":6,"enemies":"Book of Stabbing","floor":23,"turns":6},{"damage":9,"enemies":"Cultist and Chosen","floor":24,"turns":5},{"damage":10,"enemies":"Slavers","floor":27,"turns":2},{"damage":7,"enemies":"Sentry and Sphere","floor":28,"turns":5},{"damage":0,"enemies":"Book of Stabbing","floor":29,"turns":4},{"damage":3,"enemies":"Snake Plant","floor":30,"turns":4},{"damage":2,"enemies":"Gremlin Leader","floor":31,"turns":6},{"damage":17,"enemies":"Collector","floor":33,"turns":9},{"damage":2,"enemies":"Orb Walker","floor":35,"turns":4},{"damage":12,"enemies":"3 Shapes","floor":36,"turns":6},{"damage":12,"enemies":"2 Orb Walkers","floor":37,"turns":3},{"damage":0,"enemies":"Spire Growth","floor":38,"turns":4},{"damage":2,"enemies":"Giant Head","floor":40,"turns":7},{"damage":9,"enemies":"Reptomancer","floor":42,"turns":6},{"damage":16,"enemies":"Sphere and 2 Shapes","floor":45,"turns":4},{"damage":0,"enemies":"3 Darklings","floor":46,"turns":2},{"damage":12,"enemies":"Nemesis","floor":48,"turns":7},{"damage":20,"enemies":"Awakened One","floor":50,"turns":12},{"damage":0,"enemies":"Shield and Spear","floor":54,"turns":5},{"damage":33,"enemies":"The Heart","floor":55,"turns":7}],"seed_played":"4327438152892420335","potions_obtained":[{"floor":4,"key":"Regen Potion"},{"floor":7,"key":"Poison Potion"},{"floor":14,"key":"SpeedPotion"},{"floor":16,"key":"Block Potion"},{"floor":21,"key":"GhostInAJar"},{"floor":24,"key":"Regen Potion"},{"floor":27,"key":"SkillPotion"},{"floor":28,"key":"LiquidMemories"},{"floor":29,"key":"EssenceOfSteel"},{"floor":33,"key":"Poison Potion"},{"floor":35,"key":"GhostInAJar"},{"floor":37,"key":"EntropicBrew"},{"floor":38,"key":"Strength Potion"},{"floor":42,"key":"LiquidBronze"},{"floor":48,"key":"CunningPotion"}],"is_trial":false,"path_per_floor":["M","M","$","M","?","R","E","$","T","$","R","E","?","M","R","B",null,"M","M","M","M","M","E","M","R","T","E","M","E","M","E","R","B",null,"M","M","?","M","?","E","$","E","T","?","M","M","R","E","R","B",null,"R","$","E","B",null],"character_chosen":"THE_SILENT","items_purchased":["Well Laid Plans","Backflip+1","Sling","HornCleat","Noxious Fumes+1","Bullet Time+1","Caltrops+1"],"campfire_rested":2,"item_purchase_floors":[8,8,41,41,41,53,53],"current_hp_per_floor":[70,70,70,70,67,67,62,62,62,62,62,61,44,44,44,9,84,84,71,64,62,52,46,37,37,37,36,29,29,26,24,49,32,84,82,70,58,58,58,56,56,47,47,47,31,31,55,43,43,48,80,80,80,80,47],"gold":95,"neow_bonus":"BOSS_RELIC","is_daily":false,"chose_seed":false,"campfire_upgraded":5,"win_rate":0.0,"timestamp":1607752135,"path_taken":["M","M","?","M","?","R","E","$","T","$","R","E","?","M","R","BOSS","M","M","M","M","M","E","M","R","T","E","M","E","M","E","R","BOSS","M","M","?","M","?","E","$","E","T","?","M","M","R","E","R","BOSS","R","$","E","BOSS"],"items_purchased_type":["Card","Card","Relic","Relic","Card","Card","Card"],"build_version":"2020-11-30","purchased_purges":1,"victory":true,"max_hp_per_floor":[70,70,70,70,70,70,84,84,84,84,84,84,84,84,84,84,84,84,84,84,84,84,84,84,84,84,84,84,84,84,84,84,84,84,84,84,84,84,84,84,84,84,84,80,80,80,80,80,80,80,80,80,80,80,80],"relic_stats":{"counters":[32,173],"Dead Branch":[111],"HoveringKite":[49],"StoneCalendar":[242],"Pen Nib":[8],"Letter Opener":[156],"War Paint":["Defend_G","Defend_G"],"Question Card":17,"Busted Crown":20,"Ornamental Fan":[120],"Pantograph":25,"Snecko Eye":[250,213,255,246],"obtain_stats":[{"Lantern":9,"Dead Branch":37,"HoveringKite":0,"Mango":7,"StoneCalendar":29,"Pen Nib":48,"Letter Opener":42,"Frozen Egg 2":12,"War Paint":54,"Question Card":23,"Sling":41,"White Beast Statue":27,"Anchor":43,"Busted Crown":34,"HornCleat":41,"Ornamental Fan":31,"Pantograph":40,"Snecko Eye":17,"Toxic Egg 2":5,"Ring of the Snake":0},{"Lantern":4,"Dead Branch":23,"HoveringKite":0,"Mango":4,"StoneCalendar":17,"Pen Nib":29,"Letter Opener":26,"Frozen Egg 2":5,"War Paint":31,"Question Card":13,"Sling":25,"White Beast Statue":15,"Anchor":26,"Busted Crown":20,"HornCleat":25,"Ornamental Fan":19,"Pantograph":25,"Snecko Eye":7,"Toxic Egg 2":3,"Ring of the Snake":0},{"Lantern":23,"Dead Branch":119,"HoveringKite":0,"Mango":23,"StoneCalendar":87,"Pen Nib":149,"Letter Opener":136,"Frozen Egg 2":27,"War Paint":166,"Question Card":71,"Sling":130,"White Beast Statue":78,"Anchor":136,"Busted Crown":106,"HornCleat":130,"Ornamental Fan":97,"Pantograph":130,"Snecko Eye":42,"Toxic Egg 2":12,"Ring of the Snake":0}]},"card_choices":[{"not_picked":["PiercingWail","Dodge and Roll"],"picked":"Footwork","floor":1},{"not_picked":["Deflect","Slice"],"picked":"Sucker Punch","floor":2},{"not_picked":["Eviscerate","Endless Agony"],"picked":"Dash","floor":4},{"not_picked":["Bouncing Flask+1","Blade Dance+1"],"picked":"Corpse Explosion+1","floor":7},{"not_picked":["Flechettes","Dash"],"picked":"Blade Dance+1","floor":12},{"not_picked":["Sucker Punch","Skewer"],"picked":"Dagger Spray","floor":14},{"not_picked":["Corpse Explosion+1","Venomology+1"],"picked":"Malaise+1","floor":16},{"not_picked":["Slice","Bane+1","Eviscerate+1"],"picked":"SKIP","floor":18},{"not_picked":["Infinite Blades+1","Sucker Punch+1","Skewer"],"picked":"SKIP","floor":19},{"not_picked":["Backflip+1","Outmaneuver+1"],"picked":"Underhanded Strike+1","floor":20},{"not_picked":["Quick Slash","Riddle With Holes"],"picked":"Crippling Poison+1","floor":21},{"not_picked":["Poisoned Stab","Dodge and Roll+1"],"picked":"Bouncing Flask+1","floor":22},{"not_picked":["Reflex+1","Slice","Quick Slash+1"],"picked":"SKIP","floor":23},{"not_picked":["Outmaneuver+1","Riddle With Holes","Backflip+1"],"picked":"Prepared+1","floor":24},{"not_picked":["A Thousand Cuts+1","Sucker Punch+1","Slice","Blade Dance+1"],"picked":"SKIP","floor":27},{"not_picked":["Terror+1","Prepared+1","Blade Dance+1","Dodge and Roll+1"],"picked":"SKIP","floor":28},{"not_picked":["Backflip+1","Deadly Poison+1","Riddle With Holes"],"picked":"Crippling Poison+1","floor":29},{"not_picked":["Deflect+1","Reflex+1","Bane"],"picked":"Footwork+1","floor":30},{"not_picked":["Deflect+1","Crippling Poison+1","Calculated Gamble+1"],"picked":"Night Terror+1","floor":31},{"not_picked":["After Image+1","A Thousand Cuts+1","Tools of the Trade+1"],"picked":"Night Terror+1","floor":33},{"not_picked":["Terror+1","Sucker Punch"],"picked":"SKIP","floor":35},{"not_picked":["PiercingWail+1","Heel Hook+1"],"picked":"SKIP","floor":36},{"not_picked":["Tactician+1","Riddle With Holes"],"picked":"SKIP","floor":38},{"not_picked":["Terror+1","Dagger Throw"],"picked":"SKIP","floor":40},{"not_picked":["Escape Plan+1","Slice+1"],"picked":"SKIP","floor":42},{"not_picked":["Outmaneuver+1","All Out Attack+1"],"picked":"SKIP","floor":45},{"not_picked":["Bane"],"picked":"Footwork+1","floor":46},{"not_picked":["Heel Hook+1","Underhanded Strike+1"],"picked":"SKIP","floor":48},{"not_picked":["Corpse Explosion+1","Deflect+1"],"picked":"SKIP","floor":54}],"player_experience":29667,"relics_obtained":[{"floor":7,"key":"Mango"},{"floor":9,"key":"Lantern"},{"floor":12,"key":"Frozen Egg 2"},{"floor":23,"key":"Question Card"},{"floor":27,"key":"White Beast Statue"},{"floor":29,"key":"StoneCalendar"},{"floor":31,"key":"Ornamental Fan"},{"floor":37,"key":"Dead Branch"},{"floor":40,"key":"Pantograph"},{"floor":42,"key":"Letter Opener"},{"floor":43,"key":"Anchor"},{"floor":48,"key":"Pen Nib"},{"floor":54,"key":"War Paint"}],"event_choices":[{"damage_healed":0,"gold_gain":0,"player_choice":"Success","damage_taken":3,"relics_obtained":["Toxic Egg 2"],"max_hp_gain":0,"max_hp_loss":0,"event_name":"Scrap Ooze","floor":5,"gold_loss":0},{"damage_healed":0,"gold_gain":0,"player_choice":"Entered Light","damage_taken":17,"max_hp_gain":0,"max_hp_loss":0,"event_name":"Shining Light","floor":13,"gold_loss":0,"cards_upgraded":["Defend_G","Strike_G"]},{"damage_healed":0,"gold_gain":0,"player_choice":"Fight","damage_taken":0,"max_hp_gain":0,"max_hp_loss":0,"event_name":"Mysterious Sphere","floor":37,"gold_loss":0},{"damage_healed":0,"gold_gain":0,"player_choice":"Ignored","damage_taken":0,"max_hp_gain":0,"max_hp_loss":0,"event_name":"Tomb of Lord Red Mask","floor":39,"gold_loss":0},{"damage_healed":0,"gold_gain":0,"player_choice":"Max HP","damage_taken":0,"max_hp_gain":0,"max_hp_loss":4,"event_name":"Winding Halls","floor":44,"gold_loss":0}],"is_beta":false,"boss_relics":[{"not_picked":["SacredBark","SlaversCollar"],"picked":"Snecko Eye"},{"not_picked":["Black Star","WristBlade"],"picked":"Busted Crown"}],"items_purged_floors":[41],"is_endless":false,"potions_floor_spawned":[4,7,14,16,21,23,24,27,28,29,30,31,33,35,36,37,38,40,42,45,46,48,54],"ascension_level":2}}