{"host":"4pmzrw6j7p9u06vv","time":1607799828,"event":{"mods":["BaseMod","BetterRewards","Downfall","MarisaÅiñ∂âJÅ@ñÇóùçπÅj","Minty Spire (QoL Compilation)","Replay The Spire","StSLib","The Disciple","The Jungle"],"gold_per_floor":[114,128,128,60,71,100,114,114,183,183,199,209,223,241,241,345,345,355,355,374,374,389,421,433,433,433,172,187,198,214,230,230,230,230],"floor_reached":33,"playtime":4401,"items_purged":[],"score":377,"play_id":"3052739f-6c2e-47de-9e8f-a3080871b8d5","local_time":"20201212160348","is_ascension_mode":false,"campfire_choices":[{"floor":8,"key":"REST"},{"data":"Strike_G","floor":10,"key":"PURGE"},{"floor":15,"key":"REST"},{"floor":25,"key":"REST"},{"floor":32,"key":"DIG"}],"circlet_count":0,"master_deck":["Strike_G","Strike_G","Strike_G","Strike_G","Defend_G","Defend_G","Defend_G","Defend_G","Defend_G","Survivor","Neutralize","Noxious Fumes+1","Bouncing Flask","A Thousand Cuts+1","Backflip","Bouncing Flask+1","Neutralize","Riddle With Holes+1","Flechettes+1","Bullet Time"],"relics":["Ring of the Snake","Frozen Egg 2","ClockworkSouvenir","Peace Pipe","Painkiller Herb","Regal Pillow","Quantum Egg","ReplayTheSpireMod:Ninjato","Tough Bandages"],"acts_visited":["Exordium","TheCity"],"potions_floor_usage":[16,16,23,33,33,33],"damage_taken":[{"damage":4,"enemies":"Jaw Worm","floor":1,"turns":6},{"damage":5,"enemies":"Cultist","floor":2,"turns":5},{"damage":7,"enemies":"Small Slimes","floor":5,"turns":4},{"damage":18,"enemies":"Lagavulin","floor":6,"turns":6},{"damage":11,"enemies":"3 Louse","floor":7,"turns":3},{"damage":11,"enemies":"Lots of Slimes","floor":11,"turns":4},{"damage":5,"enemies":"Looter","floor":12,"turns":3},{"damage":5,"enemies":"Exordium Wildlife","floor":13,"turns":6},{"damage":12,"enemies":"Exordium Thugs","floor":14,"turns":5},{"damage":2,"enemies":"Hexaghost","floor":16,"turns":8},{"damage":17,"enemies":"Spheric Guardian","floor":18,"turns":4},{"damage":7,"enemies":"Shell Parasite","floor":20,"turns":7},{"damage":8,"enemies":"Shelled Parasite and Fungi","floor":22,"turns":6},{"damage":4,"enemies":"Replay:Snechameleon","floor":23,"turns":7},{"damage":2,"enemies":"Chosen and Byrds","floor":24,"turns":5},{"damage":19,"enemies":"3 Cultists","floor":28,"turns":5},{"damage":5,"enemies":"Centurion and Healer","floor":29,"turns":6},{"damage":9,"enemies":"Cultist and Chosen","floor":30,"turns":5},{"damage":21,"enemies":"Snake Plant","floor":31,"turns":5},{"damage":16,"enemies":"Champ","floor":33,"turns":6}],"seed_played":"3512134391956702117","potions_obtained":[{"floor":5,"key":"Swift Potion"},{"floor":6,"key":"Poison Potion"},{"floor":7,"key":"DistilledChaos"},{"floor":13,"key":"ColorlessPotion"},{"floor":23,"key":"Fire Potion"},{"floor":24,"key":"Poison Potion"},{"floor":28,"key":"Cursed Concoction"},{"floor":29,"key":"Energy Potion"},{"floor":31,"key":"AttackPotion"}],"is_trial":false,"path_per_floor":["M","M","?","$","M","E","M","R","T","R","M","M","M","M","R","B",null,"?","?","?","?","?","E","?","T","T","T","?","?","?","?","T","B"],"character_chosen":"THE_SILENT","items_purchased":["Noxious Fumes","Frozen Egg 2","ClockworkSouvenir","Bouncing Flask","ReplayTheSpireMod:Ninjato"],"campfire_rested":3,"item_purchase_floors":[0,0,0,4,27],"current_hp_per_floor":[66,61,61,61,54,36,25,46,46,46,35,30,25,13,34,32,70,53,53,46,46,38,34,32,68,68,68,49,44,35,14,14,0,0],"gold":230,"neow_bonus":"","is_daily":false,"chose_seed":false,"campfire_upgraded":0,"win_rate":0.0,"timestamp":1607799828,"path_taken":["M","M","?","$","?","E","M","R","T","R","M","M","M","M","R","BOSS","?","?","?","?","?","E","?","T","T","T","?","?","?","?","T","BOSS"],"items_purchased_type":["Card","Relic","Relic","Card","Relic"],"build_version":"2020-11-30","purchased_purges":0,"victory":false,"max_hp_per_floor":[70,70,70,70,70,70,70,70,70,70,70,70,70,70,70,70,70,70,70,70,70,70,70,70,70,70,70,70,70,70,70,70,70,70],"card_choices":[{"not_picked":["Dodge and Roll","Endless Agony","Toxin Wave"],"picked":"SKIP","floor":1},{"not_picked":["Backflip","Hidden Blade","ReplayTheSpireMod:Tripwire"],"picked":"SKIP","floor":2},{"not_picked":["Sucker Punch","Flying Knee","Hidden Blade"],"picked":"SKIP","floor":5},{"not_picked":["ReplayTheSpireMod:Tripwire","Expertise","Distraction"],"picked":"SKIP","floor":6},{"not_picked":["Toxin Wave","Deadly Poison","Burst"],"picked":"SKIP","floor":7},{"not_picked":["Deflect","Blade Dance","Sucker Punch"],"picked":"SKIP","floor":11},{"not_picked":["Quick Slash","PiercingWail","Acrobatics"],"picked":"SKIP","floor":12},{"not_picked":["Finisher","Backflip","Dagger Spray"],"picked":"SKIP","floor":13},{"not_picked":["PiercingWail","Die Die Die","Deflect"],"picked":"SKIP","floor":14},{"not_picked":["Wraith Form v2+1","Night Terror"],"picked":"A Thousand Cuts+1","floor":16},{"not_picked":["Sucker Punch","Slice"],"picked":"Backflip","floor":18},{"not_picked":["Blur","Backflip"],"picked":"Bouncing Flask+1","floor":20},{"not_picked":["Footwork+1","Dagger Spray+1","Quick Slash+1"],"picked":"SKIP","floor":22},{"not_picked":["Dagger Throw","ReplayTheSpireMod:Tripwire"],"picked":"Riddle With Holes+1","floor":23},{"not_picked":["PiercingWail","Predator","Prepared"],"picked":"SKIP","floor":24},{"not_picked":["Deflect","Quick Slash","Dagger Throw"],"picked":"SKIP","floor":28},{"not_picked":["Sneak Up","ReplayTheSpireMod:Scrap Shanks+1"],"picked":"Flechettes+1","floor":29},{"not_picked":["Acrobatics+1","All Out Attack"],"picked":"Bullet Time","floor":30},{"not_picked":["Draining Mist","ReplayTheSpireMod:Shiv Toss","Dagger Throw"],"picked":"SKIP","floor":31}],"player_experience":787,"relics_obtained":[{"floor":6,"key":"Peace Pipe"},{"floor":23,"key":"Regal Pillow"},{"floor":26,"key":"Quantum Egg"},{"floor":32,"key":"Tough Bandages"}],"event_choices":[{"damage_healed":0,"gold_gain":0,"player_choice":"Upgraded","damage_taken":0,"max_hp_gain":0,"max_hp_loss":0,"event_name":"Upgrade Shrine","floor":3,"gold_loss":0,"cards_upgraded":["Noxious Fumes"]},{"damage_healed":0,"gold_gain":0,"player_choice":"1 cards matched","damage_taken":0,"max_hp_gain":0,"max_hp_loss":0,"event_name":"Match and Keep!","floor":21,"gold_loss":0,"cards_obtained":["Neutralize"]}],"is_beta":false,"boss_relics":[{"not_picked":["Astrolabe","SacredBark"],"picked":"Painkiller Herb"}],"items_purged_floors":[],"is_endless":false,"potions_floor_spawned":[5,6,7,13,23,24,28,29,31],"killed_by":"Champ","ascension_level":0}}