{"host":"o7j6aatxjwpw1421","time":1607778714,"event":{"mods":["2.2 Compatiblity","BaseMod","Colored Map","DeckTracker","Highlight Path","Keyboard Shortcuts","Minty Spire (QoL Compilation)","Permanent Neow","Quick Restart","StSLib","SuperFastMode","everything is the same but u backflip on backflip"],"gold_per_floor":[118,10,10,23,38,68,68,82,82,100,111,111,121,146,146,220,220,238,248,248,248,260,260,260,260],"floor_reached":24,"playtime":1531,"items_purged":["Strike_G"],"score":357,"play_id":"18965251-0993-49f9-96a8-40d05d4bdfc9","local_time":"20201212221154","is_ascension_mode":true,"campfire_choices":[{"data":"Catalyst","floor":7.0,"key":"SMITH"},{"floor":12.0,"key":"REST"},{"data":"After Image","floor":15.0,"key":"SMITH"},{"floor":23.0,"key":"REST"}],"circlet_count":0,"master_deck":["AscendersBane","Strike_G+1","Strike_G+1","Defend_G+1","Defend_G+1","Defend_G+1","Survivor","Neutralize","Adrenaline","Flying Knee","Bouncing Flask","Unload","Poisoned Stab","Catalyst+1","Dagger Throw","Underhanded Strike","Backstab","After Image+1","Corpse Explosion","PiercingWail+1","Acrobatics+1","Outmaneuver+1","Tactician+1","Calculated Gamble+1"],"relics":["Ring of the Snake","Pocketwatch","Pear","Eternal Feather","Astrolabe"],"acts_visited":["Exordium","TheCity"],"potions_floor_usage":[],"damage_taken":[{"damage":0.0,"enemies":"2 Louse","floor":1.0,"turns":2.0},{"damage":0.0,"enemies":"Cultist","floor":4.0,"turns":2.0},{"damage":0.0,"enemies":"Small Slimes","floor":5.0,"turns":2.0},{"damage":20.0,"enemies":"3 Sentries","floor":6.0,"turns":9.0},{"damage":1.0,"enemies":"Blue Slaver","floor":8.0,"turns":3.0},{"damage":18.0,"enemies":"3 Louse","floor":10.0,"turns":4.0},{"damage":17.0,"enemies":"Exordium Wildlife","floor":11.0,"turns":4.0},{"damage":0.0,"enemies":"2 Fungi Beasts","floor":13.0,"turns":3.0},{"damage":17.0,"enemies":"Lagavulin","floor":14.0,"turns":5.0},{"damage":10.0,"enemies":"Slime Boss","floor":16.0,"turns":9.0},{"damage":10.0,"enemies":"Chosen","floor":18.0,"turns":3.0},{"damage":8.0,"enemies":"Spheric Guardian","floor":19.0,"turns":4.0},{"damage":6.0,"enemies":"Cultist and Chosen","floor":22.0,"turns":6.0},{"damage":19,"enemies":"Book of Stabbing","floor":24,"turns":5}],"seed_played":"6922606153987382266","potions_obtained":[{"floor":1.0,"key":"SteroidPotion"},{"floor":4.0,"key":"PowerPotion"},{"floor":10.0,"key":"SmokeBomb"},{"floor":18.0,"key":"Dexterity Potion"},{"floor":19.0,"key":"BlessingOfTheForge"},{"floor":22.0,"key":"Energy Potion"}],"is_trial":false,"path_per_floor":["M","$","?","M","M","E","R","M","T","M","M","R","M","E","R","B",null,"M","M","?","?","M","R","E"],"character_chosen":"THE_SILENT","items_purchased":["Bouncing Flask"],"campfire_rested":2,"item_purchase_floors":[2],"current_hp_per_floor":[59,59,59,59,59,39,39,38,48,30,13,34,34,17,29,19,57,47,39,26,26,20,54,35,35],"gold":260,"neow_bonus":"THREE_RARE_CARDS","is_daily":false,"chose_seed":false,"campfire_upgraded":2,"win_rate":0.0,"timestamp":1607778714,"path_taken":["M","$","?","?","?","E","R","M","T","?","?","R","M","E","R","BOSS","M","M","?","?","M","R","E"],"items_purchased_type":["Card"],"build_version":"2020-11-30","purchased_purges":1,"victory":false,"max_hp_per_floor":[60,60,60,60,60,60,60,60,70,70,70,70,70,70,70,70,70,70,70,75,75,75,75,75,75],"card_choices":[{"not_picked":["Envenom","Storm of Steel"],"picked":"Adrenaline","floor":0.0},{"not_picked":["Deflect","Outmaneuver"],"picked":"Flying Knee","floor":1.0},{"not_picked":["Slice","Deadly Poison"],"picked":"Unload","floor":4.0},{"not_picked":["Quick Slash","Bouncing Flask"],"picked":"Poisoned Stab","floor":5.0},{"not_picked":["Underhanded Strike","Calculated Gamble"],"picked":"Catalyst","floor":6.0},{"not_picked":["Terror","All Out Attack","Distraction"],"picked":"SKIP","floor":8.0},{"not_picked":["Terror","All Out Attack","Distraction"],"picked":"SKIP","floor":8.0},{"not_picked":["Caltrops","Deflect"],"picked":"Dagger Throw","floor":10.0},{"not_picked":["Heel Hook","Bane"],"picked":"Underhanded Strike","floor":11.0},{"not_picked":["Poisoned Stab","Dagger Throw"],"picked":"Backstab","floor":13.0},{"not_picked":["Slice","Cloak And Dagger"],"picked":"After Image","floor":14.0},{"not_picked":["Grand Finale","Phantasmal Killer"],"picked":"Corpse Explosion","floor":16.0},{"not_picked":["PiercingWail","Slice","Bane"],"picked":"SKIP","floor":18.0},{"not_picked":["Quick Slash+1","Sucker Punch"],"picked":"Tactician+1","floor":19.0},{"not_picked":["Sucker Punch","PiercingWail"],"picked":"Calculated Gamble+1","floor":22.0}],"player_experience":223361,"relics_obtained":[{"floor":6.0,"key":"Pocketwatch"},{"floor":9.0,"key":"Pear"},{"floor":14.0,"key":"Eternal Feather"}],"event_choices":[{"cards_removed":["Defend_G"],"damage_healed":0.0,"max_hp_gain":0.0,"max_hp_loss":0.0,"gold_gain":0.0,"event_name":"Wheel of Change","player_choice":"Card Removal","floor":3.0,"gold_loss":0.0,"damage_taken":0.0},{"damage_healed":0.0,"max_hp_gain":5.0,"max_hp_loss":0.0,"gold_gain":0.0,"event_name":"Forgotten Altar","player_choice":"Shed Blood","floor":20.0,"gold_loss":0.0,"damage_taken":18.0},{"damage_healed":0.0,"max_hp_gain":0.0,"max_hp_loss":0.0,"gold_gain":0.0,"event_name":"Back to Basics","player_choice":"Simplicity","floor":21.0,"gold_loss":0.0,"damage_taken":0.0,"cards_upgraded":["Strike_G","Strike_G","Defend_G","Defend_G","Defend_G"]}],"is_beta":false,"boss_relics":[{"not_picked":["Snecko Eye","HoveringKite"],"picked":"Astrolabe"}],"items_purged_floors":[2],"is_endless":false,"potions_floor_spawned":[1,4,10,18,19,22],"killed_by":"Book of Stabbing","ascension_level":14}}