{"host":"1mv6gj0zv8k9e9tz","time":1607798672,"event":{"mods":["AchievementEnabler","BaseMod","Better Third Choice","Colored Map","KOR Keyword Fix","Minty Spire (QoL Compilation)","Permanent Neow","Rare Cards Sparkle","StSLib"],"gold_per_floor":[119,21,41,51,51,51,66,77,102,113,113,113,124,150,150,229,229,239,258,273,305,62,62,112,128,128,128,142,152,152,170,170,246,246,262,484,484,500,515,515,515,515,569,579,204,204,204,224,224,224,224,224,23,23,23],"floor_reached":54,"playtime":1909,"items_purged":["Strike_G","Defend_G"],"score":1086,"play_id":"4aba9afe-9ce6-43a5-ae9a-3fc8ef4b4bc1","local_time":"20201213034432","is_ascension_mode":true,"campfire_choices":[{"data":"Crippling Poison","floor":6.0,"key":"SMITH"},{"data":"Bouncing Flask","floor":11.0,"key":"SMITH"},{"data":"Catalyst","floor":15.0,"key":"SMITH"},{"data":"Footwork","floor":23.0,"key":"SMITH"},{"data":"Deadly Poison","floor":27.0,"key":"SMITH"},{"data":"Leg Sweep","floor":30.0,"key":"SMITH"},{"data":"Deadly Poison","floor":32.0,"key":"SMITH"},{"data":"Backflip","floor":40.0,"key":"SMITH"},{"data":"Finesse","floor":42.0,"key":"SMITH"},{"data":"Footwork","floor":47.0,"key":"SMITH"},{"floor":49.0,"key":"RECALL"},{"data":"Finesse","floor":52,"key":"SMITH"}],"circlet_count":0,"master_deck":["AscendersBane","Strike_G+1","Strike_G+1","Strike_G+1","Strike_G+1","Defend_G+1","Defend_G+1","Defend_G+1","Defend_G+1","Survivor+1","Neutralize+1","Footwork+1","Deadly Poison+1","Crippling Poison+1","Deadly Poison+1","Bouncing Flask+1","Dodge and Roll+1","Leg Sweep+1","Catalyst+1","Venomology+1","Well Laid Plans+1","Deflect+1","Calculated Gamble+1","Blur+1","Burst+1","Deflect+1","Backflip+1","Finesse+1","Bouncing Flask+1","Footwork+1","Finesse+1"],"relics":["Coffee Dripper","Pen Nib","Nunchaku","Velvet Choker","Red Mask","TwistedFunnel","Lantern","Mark of the Bloom","Vajra","Turnip","OrangePellets"],"acts_visited":["Exordium","TheCity","TheBeyond","TheEnding"],"potions_floor_usage":[50,50,50,54],"damage_taken":[{"damage":0.0,"enemies":"Cultist","floor":1.0,"turns":4.0},{"damage":0.0,"enemies":"2 Louse","floor":3.0,"turns":3.0},{"damage":1.0,"enemies":"Small Slimes","floor":4.0,"turns":4.0},{"damage":6.0,"enemies":"Exordium Thugs","floor":7.0,"turns":4.0},{"damage":0.0,"enemies":"Looter","floor":8.0,"turns":4.0},{"damage":3.0,"enemies":"2 Fungi Beasts","floor":10.0,"turns":3.0},{"damage":2.0,"enemies":"Large Slime","floor":13.0,"turns":5.0},{"damage":32.0,"enemies":"Gremlin Nob","floor":14.0,"turns":5.0},{"damage":12.0,"enemies":"Slime Boss","floor":16.0,"turns":8.0},{"damage":2.0,"enemies":"3 Byrds","floor":18.0,"turns":7.0},{"damage":8.0,"enemies":"2 Thieves","floor":19.0,"turns":5.0},{"damage":0.0,"enemies":"Snecko","floor":20.0,"turns":2.0},{"damage":18.0,"enemies":"Masked Bandits","floor":21.0,"turns":6.0},{"damage":16.0,"enemies":"Snake Plant","floor":25.0,"turns":4.0},{"damage":0.0,"enemies":"Centurion and Healer","floor":28.0,"turns":5.0},{"damage":3.0,"enemies":"Sentry and Sphere","floor":29.0,"turns":3.0},{"damage":0.0,"enemies":"Chosen and Byrds","floor":31.0,"turns":3.0},{"damage":2.0,"enemies":"Automaton","floor":33.0,"turns":8.0},{"damage":1.0,"enemies":"3 Darklings","floor":35.0,"turns":4.0},{"damage":1.0,"enemies":"Orb Walker","floor":38.0,"turns":2.0},{"damage":0.0,"enemies":"Writhing Mass","floor":39.0,"turns":4.0},{"damage":0.0,"enemies":"Sphere and 2 Shapes","floor":44.0,"turns":6.0},{"damage":0.0,"enemies":"Maw","floor":48.0,"turns":3.0},{"damage":28,"enemies":"Donu and Deca","floor":50,"turns":10},{"damage":27,"enemies":"Shield and Spear","floor":54,"turns":3}],"seed_played":"-6657111161741158222","potions_obtained":[{"floor":1.0,"key":"FearPotion"},{"floor":3.0,"key":"FearPotion"},{"floor":10.0,"key":"Explosive Potion"},{"floor":14.0,"key":"Strength Potion"},{"floor":20.0,"key":"EssenceOfSteel"},{"floor":25.0,"key":"LiquidBronze"},{"floor":29.0,"key":"GhostInAJar"},{"floor":44.0,"key":"SkillPotion"}],"is_trial":false,"path_per_floor":["M","$","M","M","$","R","M","M","T","M","R","?","M","E","R","B",null,"M","M","M","?","$","R","?","M","T","R","M","M","R","M","R","B",null,"M","?","?","M","M","R","?","R","T","M","$","?","R","M","R","B",null,"R","$","E"],"character_chosen":"THE_SILENT","items_purchased":["Deadly Poison","TwistedFunnel","Turnip","Footwork","Explosive Potion","OrangePellets"],"campfire_rested":0,"item_purchase_floors":[2,22,45,45,53,53],"current_hp_per_floor":[63,63,63,62,62,62,56,56,56,53,53,53,51,19,19,7,54,52,44,44,26,26,26,26,10,10,10,10,7,7,7,7,5,54,53,53,53,52,52,52,52,52,52,52,52,52,52,52,52,24,24,24,24,0,0],"gold":23,"neow_bonus":"BOSS_RELIC","is_daily":false,"chose_seed":false,"campfire_upgraded":11,"win_rate":0.0,"timestamp":1607798672,"path_taken":["M","?","M","M","?","R","M","M","T","M","R","?","?","E","R","BOSS","M","M","M","?","$","R","?","?","T","R","M","M","R","M","R","BOSS","M","?","?","M","M","R","?","R","T","M","$","?","R","?","R","BOSS","R","$","E"],"items_purchased_type":["Card","Relic","Relic","Card","Potion","Relic"],"build_version":"2020-11-30","purchased_purges":2,"victory":false,"max_hp_per_floor":[70,70,70,70,70,70,70,70,70,70,70,70,70,70,70,70,70,70,70,70,70,70,70,70,70,70,70,70,70,70,70,70,70,70,70,70,70,70,70,70,70,70,70,70,70,70,70,70,70,70,70,70,70,70,70],"card_choices":[{"not_picked":["Eviscerate","Choke"],"picked":"Footwork","floor":1.0},{"not_picked":["Deflect","Dodge and Roll"],"picked":"Crippling Poison","floor":3.0},{"not_picked":["Dodge and Roll","Cloak And Dagger"],"picked":"Deadly Poison","floor":4.0},{"not_picked":["Acrobatics","PiercingWail"],"picked":"Bouncing Flask","floor":7.0},{"not_picked":["Prepared","Dash"],"picked":"Dodge and Roll","floor":8.0},{"not_picked":["Underhanded Strike","Quick Slash","Bouncing Flask"],"picked":"SKIP","floor":10.0},{"not_picked":["Setup","Outmaneuver"],"picked":"Leg Sweep","floor":13.0},{"not_picked":["Finisher","Dash"],"picked":"Catalyst","floor":14.0},{"not_picked":["Tools of the Trade","Envenom"],"picked":"Venomology","floor":16.0},{"not_picked":["Prepared","Outmaneuver","All Out Attack"],"picked":"SKIP","floor":18.0},{"not_picked":["Masterful Stab","Sucker Punch","Quick Slash"],"picked":"SKIP","floor":19.0},{"not_picked":["Backstab","Choke"],"picked":"Well Laid Plans","floor":20.0},{"not_picked":["Caltrops","Slice"],"picked":"Deflect","floor":21.0},{"not_picked":["Underhanded Strike","Terror+1"],"picked":"Calculated Gamble","floor":25.0},{"not_picked":["Choke","Bane","Flying Knee"],"picked":"SKIP","floor":28.0},{"not_picked":["Bane+1","Dagger Throw"],"picked":"Blur","floor":29.0},{"not_picked":["Outmaneuver+1","Dodge and Roll","Bane"],"picked":"SKIP","floor":31.0},{"not_picked":["Wraith Form v2","Venomology"],"picked":"Burst","floor":33.0},{"not_picked":["Dagger Throw+1","Sucker Punch"],"picked":"Deflect+1","floor":35.0},{"not_picked":["Poisoned Stab","Doppelganger","Concentrate"],"picked":"SKIP","floor":38.0},{"not_picked":["Caltrops","Flechettes"],"picked":"Backflip","floor":39.0},{"not_picked":["Bandage Up","Panacea"],"picked":"Finesse","floor":41.0},{"not_picked":["Dodge and Roll","Deadly Poison"],"picked":"Bouncing Flask+1","floor":44.0},{"not_picked":["Mind Blast","PanicButton"],"picked":"Finesse","floor":46.0},{"not_picked":["Deflect","Acrobatics","Poisoned Stab+1"],"picked":"SKIP","floor":48.0}],"player_experience":463180,"relics_obtained":[{"floor":14.0,"key":"Nunchaku"},{"floor":21.0,"key":"Red Mask"},{"floor":26.0,"key":"Lantern"},{"floor":43.0,"key":"Vajra"}],"event_choices":[{"damage_healed":0.0,"max_hp_gain":0.0,"max_hp_loss":0.0,"gold_gain":0.0,"event_name":"WeMeetAgain","player_choice":"Gave Potion","floor":12.0,"gold_loss":0.0,"damage_taken":0.0,"relics_obtained":["Pen Nib"]},{"damage_healed":0.0,"max_hp_gain":0.0,"max_hp_loss":0.0,"gold_gain":0.0,"event_name":"Masked Bandits","player_choice":"Fought Bandits","floor":21.0,"gold_loss":0.0,"damage_taken":0.0},{"damage_healed":0.0,"max_hp_gain":0.0,"max_hp_loss":0.0,"gold_gain":100.0,"event_name":"The Joust","player_choice":"Bet on Murderer","floor":24.0,"gold_loss":50.0,"damage_taken":0.0},{"damage_healed":0.0,"max_hp_gain":0.0,"max_hp_loss":0.0,"gold_gain":222.0,"event_name":"Tomb of Lord Red Mask","player_choice":"Wore Mask","floor":36.0,"gold_loss":0.0,"damage_taken":0.0},{"damage_healed":0.0,"max_hp_gain":0.0,"max_hp_loss":0.0,"gold_gain":0.0,"event_name":"MindBloom","player_choice":"Upgrade","floor":37.0,"gold_loss":0.0,"damage_taken":0.0,"cards_upgraded":["Strike_G","Strike_G","Strike_G","Strike_G","Defend_G","Defend_G","Defend_G","Defend_G","Survivor","Neutralize","Dodge and Roll","Venomology","Well Laid Plans","Deflect","Calculated Gamble","Blur","Burst"],"relics_obtained":["Mark of the Bloom"]},{"damage_healed":0.0,"max_hp_gain":0.0,"max_hp_loss":0.0,"gold_gain":0.0,"event_name":"SensoryStone","player_choice":"Memory 1","floor":41.0,"gold_loss":0.0,"damage_taken":0.0},{"damage_healed":0.0,"max_hp_gain":0.0,"max_hp_loss":0.0,"gold_gain":0.0,"event_name":"betterThird:BetterPortal","player_choice":"Random: Blue","floor":46.0,"gold_loss":0.0,"damage_taken":0.0},{"damage_healed":0.0,"max_hp_gain":0.0,"max_hp_loss":0.0,"gold_gain":0.0,"event_name":"SensoryStone","player_choice":"Memory 1","floor":46.0,"gold_loss":0.0,"damage_taken":0.0}],"is_beta":false,"boss_relics":[{"not_picked":["Fusion Hammer","SacredBark"],"picked":"Velvet Choker"},{"not_picked":["Runic Dome","Philosopher\u0027s Stone","Sozu"]}],"items_purged_floors":[2,22],"is_endless":false,"potions_floor_spawned":[1,3,10,14,20,25,29,31,44,48],"killed_by":"Shield and Spear","ascension_level":13}}