{"host":"v4nyfngrgywi7zc6","time":1607751282,"event":{"mods":["2.2 Compatiblity","BaseMod","Custom Start","Downfall","Minty Spire (QoL Compilation)","Shop Mod","StSLib"],"gold_per_floor":[99,99,128,278,278,120,120,120,120,148,167,177,177,195,215,215,215],"floor_reached":16,"playtime":755,"items_purged":["Slimebound:Icky"],"score":133,"play_id":"e0a3d28b-80e2-4d69-a122-824415d5ecb6","local_time":"20201211233442","is_ascension_mode":false,"campfire_choices":[{"data":"sneckomod:Unknown","floor":1,"key":"SMITH"},{"data":"sneckomod:Unknown","floor":5,"key":"SMITH"},{"floor":8,"key":"RECALL"}],"circlet_count":0,"master_deck":["sneckomod:Strike","sneckomod:Strike","sneckomod:Defend","sneckomod:Defend","sneckomod:Defend","sneckomod:TailWhip","sneckomod:SnekBite","sneckomod:Unknown+1","sneckomod:Unknown+1","sneckomod:UnknownBlock","sneckomod:SoulDraw","sneckomod:CheapStock","sneckomod:UnknownBlock+1","sneckomod:UnknownClassSLIMEBOUND"],"relics":["sneckomod:SneckoSoul","downfall:HeartsMalice","Bottled Lightning","Pantograph"],"acts_visited":["Exordium"],"potions_floor_usage":[14],"damage_taken":[{"damage":0,"enemies":"Cultist","floor":2,"turns":1},{"damage":0,"enemies":"Gremlin Nob","floor":3,"turns":1},{"damage":0,"enemies":"downfall:FleeingMerchant","floor":6,"turns":4},{"damage":58,"enemies":"3 Sentries","floor":10,"turns":14},{"damage":2,"enemies":"2 Louse","floor":11,"turns":3},{"damage":21,"enemies":"Small Slimes","floor":12,"turns":5},{"damage":0,"enemies":"2 Fungi Beasts","floor":14,"turns":2},{"damage":0,"enemies":"Exordium Wildlife","floor":15,"turns":2},{"damage":22,"enemies":"downfall:CharBossSilent","floor":16,"turns":4}],"seed_played":"7817705649005761030","potions_obtained":[{"floor":11,"key":"Fire Potion"},{"floor":15,"key":"SpeedPotion"}],"is_trial":false,"path_per_floor":["R","M","E","?","R","$","T","R","?","E","M","M","?","M","M","B"],"character_chosen":"THE_SNECKO","items_purchased":["sneckomod:CheapStock"],"campfire_rested":0,"item_purchase_floors":[6],"current_hp_per_floor":[90,91,91,91,91,91,91,91,91,34,33,12,12,12,12,15,15],"gold":215,"neow_bonus":"THREE_ENEMY_KILL","is_daily":false,"chose_seed":false,"campfire_upgraded":2,"win_rate":0.0,"timestamp":1607751282,"path_taken":["R","M","E","?","R","$","T","R","?","E","M","M","?","M","M","BOSS"],"items_purchased_type":["Card"],"build_version":"2020-11-30","purchased_purges":1,"victory":false,"max_hp_per_floor":[90,91,91,91,91,91,91,91,91,92,93,93,93,93,93,93,93],"card_choices":[{"not_picked":["sneckomod:ImprovisedGuard","sneckomod:Nope"],"picked":"sneckomod:UnknownBlock","floor":2},{"not_picked":["sneckomod:UnknownStrike","sneckomod:UnknownVulnerable"],"picked":"sneckomod:SoulDraw","floor":3},{"not_picked":["sneckomod:SoulRoll","sneckomod:DiceBlock"],"picked":"sneckomod:UnknownBlock","floor":10},{"not_picked":["sneckomod:UnknownBlock","sneckomod:SoulDraw"],"picked":"sneckomod:UnknownClassSLIMEBOUND","floor":11},{"not_picked":["sneckomod:UnknownClassBLUE","sneckomod:SoulCleanse","sneckomod:SlitherStrike"],"picked":"SKIP","floor":12},{"not_picked":["sneckomod:UnknownExhaust","sneckomod:Unknown2Cost","sneckomod:UnknownWeak"],"picked":"SKIP","floor":14},{"not_picked":["sneckomod:Mudshield","sneckomod:UnknownCommonSkill","sneckomod:MasterEye"],"picked":"SKIP","floor":15}],"player_experience":229656,"relics_obtained":[{"floor":3,"key":"Bottled Lightning"},{"floor":10,"key":"Pantograph"}],"event_choices":[],"is_beta":false,"boss_relics":[],"items_purged_floors":[6],"is_endless":false,"potions_floor_spawned":[11,15],"killed_by":"downfall:CharBossSilent","ascension_level":0}}