{"host":"g1wmg2w41xhsnw8g","time":1607746081,"event":{"mods":["2.2 Compatiblity","Act Like it!","BaseMod","Better Altar","Better Match","Better Note","Better Sensory Stone","Better Skull","Better Third Choice","BetterRewards","Booster Modes","CapriCore","ChefMod","Colored Map","Colored Powertips","Curses Come First","Defuse TimeMaze Blight","Displayed Cursed Tome","Friendly Minions","GifTheSpireLib","Googly Eyes","Hermit","Infinite Spire","Minty Spire (QoL Compilation)","Red Circlet Mod","Relic Sorter","SCP261 Mod","Shop Mod","Spicy Shops","StSLib","The Florist","The Sage","Transform Curses","Wandering Minibosses","????"],"gold_per_floor":[119,119,133,145,156,156,156],"floor_reached":6,"playtime":413,"items_purged":[],"score":65,"play_id":"44e3ac14-3641-4132-b9ee-9629f5dca8d3","local_time":"20201211230801","daily_mods":["SealedDeck","Specialized","Heirloom","Elite Swarm"],"is_ascension_mode":true,"campfire_choices":[],"circlet_count":0,"master_deck":["hermit:Brawl","hermit:Brawl","hermit:Brawl","hermit:Brawl","hermit:Brawl","chefmod:Flambe","chefmod:DeepFreeze","hermit:Combo","hermit:WideOpen","chefmod:Fillet","chefmod:NewMenu","chefmod:IcePick","chefmod:FreezeSolid","chefmod:DoubleChop","hermit:Deadeye","hermit:ItchyTrigger","chefmod:OldCookbook","Decay","chefmod:OrderUp","chefmod:Escargot","chefmod:SpaghettiCarbonara"],"relics":["chefmod:TrustyPot","Prayer Wheel"],"acts_visited":["Exordium"],"potions_floor_usage":[3,6],"damage_taken":[{"damage":8,"enemies":"Small Slimes","floor":1,"turns":3},{"damage":14,"enemies":"Cultist","floor":3,"turns":4},{"damage":9,"enemies":"2 Louse","floor":4,"turns":2},{"damage":30,"enemies":"Large Slime","floor":5,"turns":5},{"damage":16,"enemies":"3 Sentries","floor":6,"turns":2}],"seed_played":"-7960555752670916640","potions_obtained":[{"floor":1,"key":"AttackPotion"},{"floor":5,"key":"EssenceOfSteel"}],"is_trial":true,"path_per_floor":["M","?","M","M","M","E"],"character_chosen":"THE_CHEF","items_purchased":[],"campfire_rested":0,"item_purchase_floors":[],"current_hp_per_floor":[68,68,54,45,15,0,0],"gold":156,"neow_bonus":"","is_daily":false,"chose_seed":false,"campfire_upgraded":0,"win_rate":0.0,"timestamp":1607746081,"path_taken":["M","?","?","M","?","E"],"items_purchased_type":[],"build_version":"2020-11-30","purchased_purges":0,"victory":false,"max_hp_per_floor":[76,76,76,76,76,76,76],"card_choices":[{"not_picked":["chefmod:Gelato","chefmod:Escargot"],"picked":"hermit:ItchyTrigger","floor":1},{"not_picked":["hermit:Grudge","hermit:LowProfile"],"picked":"chefmod:OldCookbook","floor":1},{"not_picked":["chefmod:OldCookbook","hermit:CalledShot"],"picked":"chefmod:OrderUp","floor":3},{"not_picked":["hermit:Desperado","chefmod:FreshProduce"],"picked":"chefmod:Escargot","floor":3},{"not_picked":["chefmod:DinoKale","hermit:Misfire"],"picked":"chefmod:SpaghettiCarbonara","floor":4},{"not_picked":["chefmod:BleedOut","hermit:WideOpen","chefmod:Bruschetta"],"picked":"SKIP","floor":4},{"not_picked":["chefmod:Fillet","hermit:Snipe","hermit:SprayPray"],"picked":"SKIP","floor":5},{"not_picked":["chefmod:Chop","chefmod:SliceAndDice","hermit:SprayPray"],"picked":"SKIP","floor":5}],"player_experience":887803,"relics_obtained":[],"event_choices":[{"damage_healed":0,"gold_gain":0,"player_choice":"Cursed","damage_taken":0,"max_hp_gain":0,"max_hp_loss":0,"event_name":"Wheel of Change","floor":2,"gold_loss":0,"cards_obtained":["Decay"]}],"is_beta":false,"boss_relics":[],"items_purged_floors":[],"is_endless":false,"potions_floor_spawned":[1,5],"killed_by":"3 Sentries","ascension_level":1}}