{"host":"eyd8pf3bw1xm0qjv","time":1607800577,"event":{"mods":["AchievementEnabler","Aspiration","Bard","BaseMod","Beaked The Cultist","BetterRewards","CCEM","Challenge The Spire","Clawfect","Colored Map","Conspire","DeckTracker","Downfall","Duelist Mod","Ekko","GifTheSpireLib","Glutton Mod","Googly Eyes","Halation","Hermit","Highlight Path","Hubris","Jedi Mod","Jorbs\u0027s Wanderer Trilogy","Mad Scientist","Marisa????????","Mimic Mod","Minty Spire (QoL Compilation)","Permanent Neow","Potionbrewer","Relic Sorter","Replay The Spire","StSLib","Stuff the Spire","The Administrix","The Animator","The Blackbeard","The Bug Knight","The Construct","The Cursed","The Dragon Tamer","The Florist","The Gatherer","The Hierophant","The IronCluck","The Jungle","The Mystic","The Necromancer","The Problem Sleuth","The Runesmith","The Servant 0.9.4","The Spell Scribe","vexMod"],"gold_per_floor":[118,144,144,157,157,183,183,183,234,244,277,293,293,68,68,167,167,186,186,186],"floor_reached":19,"playtime":1124,"items_purged":[],"score":175,"play_id":"021f3183-f10d-4adb-8211-76bd1d77a4b2","local_time":"20201212141617","is_ascension_mode":false,"campfire_choices":[{"data":"Noxious Fumes","floor":7,"key":"SMITH"},{"data":"Dash","floor":13,"key":"SMITH"},{"floor":15,"key":"REST"}],"circlet_count":0,"master_deck":["Strike_G","Strike_G","Strike_G","Strike_G","Strike_G","Defend_G","Defend_G","Defend_G","Defend_G","Defend_G","Survivor","Neutralize","Noxious Fumes+1","Injury","Dash+1","StuffTheSpire:CuriosityCurse","Dagger Throw","Acrobatics+1","Flying Knee","Crippling Poison+1","Footwork+1","Burst+1","jedi:studypoison+1","Dodge and Roll+1"],"relics":["Ring of the Snake","Pet Ghost","Toxic Egg 2","construct:FoamFinger","Replay:Bottled Steam","HollowMod:StagPassRelic","HollowMod:PaleOreRelic","potionbrewer:ToyAutogyro","Painkiller Herb"],"acts_visited":["Exordium","theJungle:Jungle"],"potions_floor_usage":[18],"damage_taken":[{"damage":0,"enemies":"Cultist","floor":1,"turns":3},{"damage":0,"enemies":"2 Louse","floor":4,"turns":4},{"damage":6,"enemies":"Replay:BlueRogue","floor":6,"turns":11},{"damage":0,"enemies":"Small Slimes","floor":10,"turns":3},{"damage":10,"enemies":"HollowMod:MossKnight","floor":11,"turns":8},{"damage":4,"enemies":"Gremlin Gang","floor":12,"turns":5},{"damage":12,"enemies":"Slime Boss","floor":16,"turns":11},{"damage":4,"enemies":"theJungle:GiantWrat","floor":18,"turns":4}],"seed_played":"2953349844501577226","potions_obtained":[{"floor":1,"key":"SteroidPotion"},{"floor":12,"key":"Energy Potion"},{"floor":16,"key":"AttackPotion"}],"is_trial":false,"path_per_floor":["M","T","?","M","?","E","R","T","T","M","E","M","R","$","R","B",null,"?","?"],"character_chosen":"THE_SILENT","items_purchased":["Footwork","Burst+1"],"campfire_rested":1,"item_purchase_floors":[14,14],"current_hp_per_floor":[70,70,70,70,70,64,64,64,64,64,54,50,50,50,70,58,70,66,0,0],"gold":186,"neow_bonus":"RANDOM_COMMON_RELIC","is_daily":false,"chose_seed":false,"campfire_upgraded":2,"win_rate":0.0,"timestamp":1607800577,"path_taken":["M","?","?","M","?","E","R","?","T","M","E","?","R","$","R","BOSS","?","?"],"items_purchased_type":["Card","Card"],"build_version":"2020-11-30","purchased_purges":0,"victory":false,"max_hp_per_floor":[70,70,70,70,70,70,70,70,70,70,70,70,70,70,70,70,70,70,70,70],"card_choices":[{"not_picked":["Escape Plan","Draining Mist"],"picked":"Noxious Fumes","floor":1},{"not_picked":["StuffTheSpire:Fury+1","Hidden Blade+1"],"picked":"Dash","floor":4},{"not_picked":["Skewer","PiercingWail+1"],"picked":"Dagger Throw","floor":6},{"not_picked":["ReplayTheSpireMod:The Works+1","Tactician+1"],"picked":"Acrobatics+1","floor":10},{"not_picked":["Dagger Spray","Dash"],"picked":"Flying Knee","floor":11},{"not_picked":["Dagger Throw","Prepared+1"],"picked":"Crippling Poison+1","floor":12},{"not_picked":["StuffTheSpire:FinalStruggle","Wraith Form v2"],"picked":"jedi:studypoison+1","floor":16},{"not_picked":["Acrobatics+1","ReplayTheSpireMod:Scrap Shanks"],"picked":"Dodge and Roll+1","floor":18}],"player_experience":137743,"relics_obtained":[{"floor":6,"key":"Replay:Bottled Steam"},{"floor":8,"key":"HollowMod:StagPassRelic"},{"floor":9,"key":"HollowMod:PaleOreRelic"},{"floor":11,"key":"potionbrewer:ToyAutogyro"}],"event_choices":[],"is_beta":false,"boss_relics":[{"not_picked":["vexMod:TanglingVine","halation:SmartPhone"],"picked":"Painkiller Herb"}],"items_purged_floors":[],"is_endless":false,"potions_floor_spawned":[1,12,16],"ascension_level":0}}