{"host":"rvmf271ux45up69r","time":1607808769,"event":{"mods":["2.2 Compatiblity","AchievementEnabler","Aspiration","BaseMod","Better Third Choice","ChefMod","Colored Map","Colored Powertips","Dota2Spire","Downfall","Energized Spire","GifTheSpireLib","Highlight Path","Hubris","JesterMod","Minty Spire (QoL Compilation)","Permanent Neow","Random Character Button","Replay The Spire","Robot Space Explorer","Shop Mod","Spicy Shops","StSLib","Stuff the Spire","The Clintock","The Disciple","The Exordian Avenger","The Wild Card","TheVacant","Thieving Mod"],"gold_per_floor":[99,99,99,133,149,162,162,162,360,388,405,415,415,434,449,449,449],"floor_reached":16,"playtime":1024,"items_purged":[],"score":112,"play_id":"049dc450-66c3-4edd-a665-9b2242e2e01c","local_time":"20201213083249","is_ascension_mode":false,"campfire_choices":[{"data":"hexamod:Sear","floor":1,"key":"SMITH"},{"data":"hexamod:Float","floor":3,"key":"SMITH"},{"data":"hexamod:GhostLash","floor":8,"key":"SMITH"}],"circlet_count":0,"master_deck":["hexamod:Strike","hexamod:Strike","hexamod:Strike","hexamod:Defend","hexamod:Defend","hexamod:Defend","hexamod:Defend","hexamod:Sear+1","hexamod:Float+1","hexamod:GhostLash+1","hexamod:FastForward","hexamod:Firestarter","hexamod:GhostLash","hexamod:Hexaguard","hexamod:Hexaguard","hexamod:GhostLash","hexamod:SpectersWail","hexamod:EtherealExpedition"],"relics":["hexamod:SpiritBrand","aspiration:ChemicalBlood","Thread and Needle","Potion Belt","StuffTheSpire:RubySignet","downfall:BrokenWingStatue"],"acts_visited":["Exordium"],"potions_floor_usage":[],"damage_taken":[{"damage":29,"enemies":"Lagavulin","floor":4,"turns":7},{"damage":0,"enemies":"Jaw Worm","floor":5,"turns":3},{"damage":0,"enemies":"2 Louse","floor":6,"turns":2},{"damage":4,"enemies":"3 Sentries","floor":10,"turns":7},{"damage":0,"enemies":"Small Slimes","floor":11,"turns":4},{"damage":1,"enemies":"3 Louse","floor":12,"turns":4},{"damage":0,"enemies":"2 Fungi Beasts","floor":14,"turns":2},{"damage":0,"enemies":"3 Louse","floor":15,"turns":2},{"damage":10,"enemies":"downfall:Silent","floor":16,"turns":2}],"seed_played":"4657535037201970893","potions_obtained":[{"floor":10,"key":"hexamod:EctoCoolerPotion"},{"floor":14,"key":"Block Potion"},{"floor":15,"key":"Adrenaline Potion"}],"is_trial":false,"path_per_floor":["R","?","R","E","M","M","T","R","?","E","M","M","?","M","M","B"],"character_chosen":"THE_SPIRIT","items_purchased":[],"campfire_rested":0,"item_purchase_floors":[],"current_hp_per_floor":[70,70,70,41,41,41,41,41,13,9,9,8,8,10,10,0,0],"gold":449,"neow_bonus":"RANDOM_COMMON_RELIC","is_daily":false,"chose_seed":false,"campfire_upgraded":3,"win_rate":0.0,"timestamp":1607808769,"path_taken":["R","?","R","E","M","M","T","R","?","E","M","M","?","M","M","BOSS"],"items_purchased_type":[],"build_version":"2020-11-30","purchased_purges":0,"victory":false,"max_hp_per_floor":[70,70,70,70,70,70,70,70,70,70,70,70,70,70,70,70,70],"card_choices":[{"not_picked":["hexamod:RainOfEmbers","hexamod:NightmareGuise"],"picked":"hexamod:GhostLash","floor":4},{"not_picked":["hexamod:ThermalTransfer","hexamod:AdvancingGuard"],"picked":"hexamod:FastForward","floor":5},{"not_picked":["hexamod:Haunt","hexamod:NightmareStrike"],"picked":"hexamod:Firestarter","floor":6},{"not_picked":["hexamod:DynamicBlow","hexamod:NightmareGuise"],"picked":"hexamod:GhostLash","floor":9},{"not_picked":["hexamod:ThirdSeal","hexamod:SpectralAdrenaline"],"picked":"hexamod:Hexaguard","floor":10},{"not_picked":["hexamod:DynamicBlow","hexamod:GhostShield"],"picked":"hexamod:Hexaguard","floor":11},{"not_picked":["hexamod:StepThrough","hexamod:InspiringFlames"],"picked":"hexamod:GhostLash","floor":12},{"not_picked":["hexamod:SwordOfDarkness","hexamod:HeatShield"],"picked":"hexamod:SpectersWail","floor":14},{"not_picked":["hexamod:RainOfEmbers","hexamod:GhostLash"],"picked":"hexamod:EtherealExpedition","floor":15}],"player_experience":258738,"relics_obtained":[{"floor":4,"key":"Thread and Needle"},{"floor":7,"key":"Potion Belt"},{"floor":10,"key":"StuffTheSpire:RubySignet"}],"event_choices":[],"is_beta":false,"boss_relics":[],"items_purged_floors":[],"is_endless":false,"potions_floor_spawned":[10,14,15],"killed_by":"downfall:Silent","ascension_level":0}}