{"host":"g3js2eermvvpeiqn","time":1607733376,"event":{"mods":["BaseMod","DeckTracker","Downfall","Minty Spire (QoL Compilation)","Quick Restart","StSLib"],"gold_per_floor":[112,112,187,206,34,34,108,108,187,201,220,185,185,210,210,308,308,322,136,61,61,80,123,123,164,187,187,187],"floor_reached":27,"playtime":1620,"items_purged":["Strike_P"],"score":478,"play_id":"cf00a08c-679b-453d-bd2a-003571839588","local_time":"20201211183616","is_ascension_mode":true,"campfire_choices":[{"data":"Eruption","floor":6.0,"key":"SMITH"},{"data":"WaveOfTheHand","floor":13.0,"key":"SMITH"},{"data":"Judgement","floor":15.0,"key":"SMITH"},{"floor":24.0,"key":"REST"}],"circlet_count":0,"master_deck":["AscendersBane","Strike_P","Defend_P","Defend_P","Defend_P","Eruption+1","Vigilance","WaveOfTheHand+1","TalkToTheHand","PathToVictory","Judgement+1","Establishment+1","CurseOfTheBell","FlyingSleeves","SignatureMove","Meditate","FlyingSleeves"],"relics":["PureWater","Golden Idol","Bag of Preparation","Frozen Egg 2","Question Card","Calling Bell","Vajra","White Beast Statue","TungstenRod","MutagenicStrength","Smiling Mask","WingedGreaves","Damaru"],"acts_visited":["TheCity"],"potions_floor_usage":[27],"damage_taken":[{"damage":4.0,"enemies":"2 Louse","floor":1.0,"turns":4.0},{"damage":7.0,"enemies":"Jaw Worm","floor":4.0,"turns":7.0},{"damage":0.0,"enemies":"Gremlin Nob","floor":7.0,"turns":2.0},{"damage":0.0,"enemies":"Small Slimes","floor":10.0,"turns":2.0},{"damage":5.0,"enemies":"3 Louse","floor":11.0,"turns":4.0},{"damage":2.0,"enemies":"Exordium Wildlife","floor":14.0,"turns":3.0},{"damage":20.0,"enemies":"Slime Boss","floor":16.0,"turns":10.0},{"damage":20.0,"enemies":"Shell Parasite","floor":18.0,"turns":9.0},{"damage":0.0,"enemies":"Spheric Guardian","floor":22.0,"turns":1.0},{"damage":26.0,"enemies":"Slavers","floor":23.0,"turns":7.0},{"damage":26.0,"enemies":"Book of Stabbing","floor":25.0,"turns":4.0},{"damage":10,"enemies":"Colosseum Slavers","floor":27,"turns":1}],"seed_played":"198076664128950443","potions_obtained":[{"floor":1.0,"key":"ColorlessPotion"},{"floor":4.0,"key":"SkillPotion"},{"floor":11.0,"key":"LiquidBronze"},{"floor":14.0,"key":"Weak Potion"},{"floor":18.0,"key":"Regen Potion"},{"floor":22.0,"key":"Energy Potion"},{"floor":23.0,"key":"BlessingOfTheForge"},{"floor":25.0,"key":"Strength Potion"}],"is_trial":false,"path_per_floor":["M","?","?","M","$","R","?","?","T","M","M","?","R","M","R","B",null,"M","$","?","?","M","E","R","E","T","?"],"character_chosen":"WATCHER","items_purchased":["Bag of Preparation","SignatureMove","Meditate"],"campfire_rested":1,"item_purchase_floors":[5,19,19],"current_hp_per_floor":[39,39,28,21,21,21,21,21,21,21,16,31,31,29,29,9,49,29,29,29,29,29,18,36,10,10,0,0],"gold":187,"neow_bonus":"REMOVE_TWO","is_daily":false,"chose_seed":false,"campfire_upgraded":3,"win_rate":0.0,"timestamp":1607733376,"path_taken":["M","?","?","M","$","R","?","?","T","M","M","?","R","M","R","BOSS","M","$","?","?","M","E","R","E","T","?"],"items_purchased_type":["Relic","Card","Card"],"build_version":"2020-11-30","purchased_purges":1,"victory":false,"max_hp_per_floor":[68,62,62,62,62,62,62,62,62,62,62,62,62,62,62,62,62,62,62,62,62,62,62,62,62,62,62,62],"card_choices":[{"not_picked":["ClearTheMind","BowlingBash"],"picked":"WaveOfTheHand","floor":1.0},{"not_picked":["FlyingSleeves","WindmillStrike"],"picked":"TalkToTheHand","floor":4.0},{"not_picked":["EmptyBody","FollowUp","Weave","EmptyFist"],"picked":"SKIP","floor":10.0},{"not_picked":["SandsOfTime","EmptyBody","SashWhip"],"picked":"PathToVictory","floor":11.0},{"not_picked":["FlurryOfBlows","EmptyFist","CutThroughFate"],"picked":"Judgement","floor":14.0},{"not_picked":["Blasphemy","Ragnarok","Judgement"],"picked":"Establishment+1","floor":16.0},{"not_picked":["FearNoEvil","Evaluate","Study+1"],"picked":"FlyingSleeves","floor":18.0},{"not_picked":["CrushJoints","CutThroughFate","Evaluate"],"picked":"FlyingSleeves","floor":22.0},{"not_picked":["FollowUp","JustLucky","WindmillStrike","SandsOfTime+1"],"picked":"SKIP","floor":23.0},{"not_picked":["Pray","CrushJoints","Vengeance+1","ForeignInfluence"],"picked":"SKIP","floor":25.0}],"player_experience":1435532,"relics_obtained":[{"floor":7.0,"key":"Frozen Egg 2"},{"floor":9.0,"key":"Question Card"},{"floor":17.0,"key":"Vajra"},{"floor":17.0,"key":"White Beast Statue"},{"floor":17.0,"key":"TungstenRod"},{"floor":23.0,"key":"Smiling Mask"},{"floor":25.0,"key":"WingedGreaves"},{"floor":26.0,"key":"Damaru"}],"event_choices":[{"damage_healed":0.0,"max_hp_gain":0.0,"max_hp_loss":6.0,"gold_gain":0.0,"event_name":"Golden Idol","player_choice":"Lose Max HP","floor":2.0,"gold_loss":0.0,"damage_taken":0.0,"relics_obtained":["Golden Idol"]},{"damage_healed":0.0,"max_hp_gain":0.0,"max_hp_loss":0.0,"gold_gain":75.0,"event_name":"World of Goop","player_choice":"Gather Gold","floor":3.0,"gold_loss":0.0,"damage_taken":11.0},{"damage_healed":0.0,"max_hp_gain":0.0,"max_hp_loss":0.0,"gold_gain":0.0,"event_name":"Dead Adventurer","player_choice":"Searched \u00271\u0027 times","floor":7.0,"gold_loss":0.0,"damage_taken":0.0},{"damage_healed":0.0,"max_hp_gain":0.0,"max_hp_loss":0.0,"gold_gain":0.0,"event_name":"Scrap Ooze","player_choice":"Fled","floor":8.0,"gold_loss":0.0,"damage_taken":0.0},{"damage_healed":15.0,"max_hp_gain":0.0,"max_hp_loss":0.0,"gold_gain":0.0,"event_name":"The Cleric","player_choice":"Healed","floor":12.0,"gold_loss":35.0,"damage_taken":0.0},{"cards_removed":["Strike_P"],"damage_healed":0.0,"max_hp_gain":0.0,"max_hp_loss":0.0,"gold_gain":0.0,"event_name":"Beggar","player_choice":"Gave Gold","floor":20.0,"gold_loss":75.0,"damage_taken":0.0},{"damage_healed":0.0,"max_hp_gain":0.0,"max_hp_loss":0.0,"gold_gain":0.0,"event_name":"Drug Dealer","player_choice":"Inject Mutagens","floor":21.0,"gold_loss":0.0,"damage_taken":0.0,"relics_obtained":["MutagenicStrength"]},{"damage_healed":0,"gold_gain":0,"player_choice":"Fight","damage_taken":0,"max_hp_gain":0,"max_hp_loss":0,"event_name":"Colosseum","floor":27,"gold_loss":0}],"is_beta":false,"boss_relics":[{"not_picked":["Ectoplasm","Runic Dome"],"picked":"Calling Bell"}],"items_purged_floors":[19],"is_endless":false,"potions_floor_spawned":[1,4,11,14,18,22,23,25],"killed_by":"Colosseum Slavers","ascension_level":20}}