{"host":"m2hq2wo54qenirc2","time":1607797326,"event":{"mods":["2.2 Compatiblity","AchievementEnabler","Act Like it!","Aspiration","BaseMod","Better Synergies","Better Vampires","Colored Map","Colored Powertips","Conspire","Downfall","Elementarium","Energized Spire","Exacting","Gremlin Skip","Hallownest","Hubris","Hyrulean Relics","Ironclad Rager","Mimic Mod","Minty Spire (QoL Compilation)","Permanent Neow","Replay The Spire","Somnambulant","Spikes Relics","StSLib","Strawberry Spire","The Blackbeard","The Bug Knight","The Construct","The Disciple","The Jungle","The Necromancer"],"gold_per_floor":[117,137,137,148,164,183,183,200,226,244,254,208,239,999941,999941,1000043,1000043,1000054,1000071,999620,999634,999634,999634,999662,999662,999662,999662,999673,999383,999400,999426,999426,999522,999522,999536,999047,999047,999129,999149,999181,999181,999181,999204,999204,999221,999221,998923,998934,998934,998934],"floor_reached":51,"playtime":747,"items_purged":[],"score":1344,"play_id":"02abf880-cf63-47e4-a7eb-80a85bdd66d1","local_time":"20201212122206","is_ascension_mode":false,"campfire_choices":[{"data":"Zap","floor":7,"key":"SMITH"},{"data":"Dualcast","floor":15,"key":"SMITH"},{"data":"Defend_B","floor":23,"key":"SMITH"},{"data":"Defend_B","floor":25,"key":"SMITH"},{"data":"Defend_B","floor":27,"key":"SMITH"},{"data":"Defend_B","floor":32,"key":"SMITH"},{"data":"Strike_B","floor":41,"key":"SMITH"},{"floor":44,"key":"REST"},{"floor":49,"key":"REST"}],"circlet_count":0,"master_deck":["Strike_B+1","Strike_B+1","Strike_B+1","Defend_B+1","Defend_B+1","Defend_B+1","Defend_B+1","Zap+1","Dualcast+1"],"relics":["Cracked Core","strawberrySpire:Treaders","hubris:SoftwareUpdate","ExplosiveVial","strawberrySpire:MawJerky","Black Star","hubris:ScarierMask","Replay:Rubber Ducky","Ancient Tea Set","Frozen Eye","CherryCoatedStake","Centennial Puzzle","construct:FoamFinger","construct:RocketBooster","hubris:TenFootPole","Mercury Hourglass","SlaversCollar","aspiration:StickyExplosives_weak","GiantMaggot","strawberrySpire:ElefentMask","CeramicFish","Blood Vial","Juzu Bracelet","Bag of Marbles","TheAbacus"],"acts_visited":["Exordium","TheCity","TheBeyond"],"potions_floor_usage":[],"damage_taken":[{"damage":0,"enemies":"Small Slimes","floor":1,"turns":1},{"damage":0,"enemies":"conspire:RoseBush","floor":2,"turns":1},{"damage":0,"enemies":"Cultist","floor":4,"turns":1},{"damage":0,"enemies":"Looter","floor":5,"turns":1},{"damage":0,"enemies":"3 Louse","floor":6,"turns":1},{"damage":0,"enemies":"2 Fungi Beasts","floor":8,"turns":1},{"damage":0,"enemies":"Large Slime","floor":10,"turns":1},{"damage":0,"enemies":"Blue Slaver","floor":11,"turns":1},{"damage":0,"enemies":"Gremlin Nob","floor":13,"turns":1},{"damage":0,"enemies":"Slime Boss","floor":16,"turns":1},{"damage":0,"enemies":"3 Byrds","floor":18,"turns":1},{"damage":0,"enemies":"Sentry and Sphere","floor":19,"turns":1},{"damage":0,"enemies":"Centurion and Healer","floor":21,"turns":1},{"damage":0,"enemies":"Gremlin Leader","floor":24,"turns":1},{"damage":0,"enemies":"Cultist and Chosen","floor":28,"turns":1},{"damage":0,"enemies":"Sentry and Sphere","floor":30,"turns":1},{"damage":0,"enemies":"Book of Stabbing","floor":31,"turns":1},{"damage":0,"enemies":"Champ","floor":33,"turns":1},{"damage":0,"enemies":"3 Darklings","floor":35,"turns":2},{"damage":0,"enemies":"Orb Walker","floor":39,"turns":1},{"damage":0,"enemies":"strawberrySpire:EssenceStones","floor":40,"turns":1},{"damage":0,"enemies":"Sphere and 2 Shapes","floor":45,"turns":1},{"damage":0,"enemies":"4 Shapes","floor":48,"turns":1},{"damage":0,"enemies":"Awakened One","floor":50,"turns":2}],"seed_played":"3584625581508760092","potions_obtained":[{"floor":5,"key":"Toxic Potion"},{"floor":6,"key":"BlessingOfTheForge"},{"floor":8,"key":"FearPotion"}],"is_trial":false,"path_per_floor":["M","M","$","M","M","M","R","M","T","M","M","?","E","$","R_BF","B",null,"M","M","$","M","?","R","E","R","T","R","M","$","M","E","R","B",null,"M","$","?","?","M","E","R","?","T","R","M","?","$","M","R","B",null],"character_chosen":"DEFECT","items_purchased":["ExplosiveVial","strawberrySpire:MawJerky","Replay:Rubber Ducky","Ancient Tea Set","Frozen Eye","construct:RocketBooster","aspiration:StickyExplosives_weak","GiantMaggot","Bag of Marbles","TheAbacus"],"campfire_rested":2,"item_purchase_floors":[14,14,20,20,20,29,36,36,47,47],"current_hp_per_floor":[75,75,75,75,75,75,75,75,75,75,75,75,75,75,75,75,75,75,75,75,75,75,75,79,79,79,79,79,79,79,83,83,83,83,83,83,83,67,67,71,71,71,71,87,87,90,90,90,90,90],"gold":998934,"neow_bonus":"ONE_RANDOM_RARE_CARD","is_daily":false,"chose_seed":false,"campfire_upgraded":7,"win_rate":0.0,"timestamp":1607797326,"path_taken":["M","M","$","M","M","M","R","M","T","M","M","?","E","$","R_BF","BOSS","M","M","$","M","?","R","E","R","T","R","M","$","M","E","R","BOSS","M","$","?","?","M","E","R","?","T","R","M","?","$","M","R","BOSS"],"items_purchased_type":["Relic","Relic","Relic","Relic","Relic","Relic","Relic","Relic","Relic","Relic"],"build_version":"2020-11-30","purchased_purges":0,"victory":true,"max_hp_per_floor":[75,75,75,75,75,75,75,75,75,75,75,75,75,75,75,75,75,75,75,75,75,75,75,79,79,79,79,79,79,79,83,83,83,83,83,83,83,83,83,87,87,87,87,87,87,90,90,90,90,90],"card_choices":[{"not_picked":["Stack","Double Energy","Panic Button"],"picked":"SKIP","floor":1},{"not_picked":["Stack","Double Energy","Panic Button"],"picked":"SKIP","floor":1},{"not_picked":["Stack","Double Energy","Panic Button"],"picked":"SKIP","floor":1},{"not_picked":["Streamline","strawberrySpire:THEL","strawberrySpire:DataDump"],"picked":"SKIP","floor":2},{"not_picked":["strawberrySpire:Disconnect","Ball Lightning","Barrage"],"picked":"SKIP","floor":4},{"not_picked":["Auto Shields","Barrage","Steam"],"picked":"SKIP","floor":5},{"not_picked":["Sunder","Panic Button","Beam Cell"],"picked":"SKIP","floor":6},{"not_picked":["Gash","strawberrySpire:Adapter","Beam Cell"],"picked":"SKIP","floor":8},{"not_picked":["Stack","Echo Form","Coolheaded"],"picked":"SKIP","floor":10},{"not_picked":["ReplayTheSpireMod:Calculation Training","Go for the Eyes","Conserve Battery"],"picked":"SKIP","floor":11},{"not_picked":["Beam Cell","DiskWipe","strawberrySpire:Disconnect"],"picked":"SKIP","floor":13},{"not_picked":["Go for the Eyes+1","Skim","Barrage"],"picked":"SKIP","floor":18},{"not_picked":["Sweeping Beam+1","Static Discharge","strawberrySpire:Disconnect"],"picked":"SKIP","floor":19},{"not_picked":["Beam Cell","strawberrySpire:BlasterWyrm","Compile Driver"],"picked":"SKIP","floor":21},{"not_picked":["Steam","strawberrySpire:NeonFlight","Multi-Cast"],"picked":"SKIP","floor":24},{"not_picked":["Rebound","strawberrySpire:Compressor+1","Leap"],"picked":"SKIP","floor":28},{"not_picked":["Rebound","conspire:SharedLibrary","Fusion+1"],"picked":"SKIP","floor":30},{"not_picked":["ReplayTheSpireMod:Dual Polarity+1","Coolheaded","Sunder"],"picked":"SKIP","floor":31},{"not_picked":["strawberrySpire:Disconnect","ReplayTheSpireMod:Dual Polarity","ReplaySolidLightProjector+1"],"picked":"SKIP","floor":35},{"not_picked":["Sweeping Beam+1","Beam Cell+1","Cold Snap"],"picked":"SKIP","floor":39},{"not_picked":["Redo","Tempest+1","Sweeping Beam+1"],"picked":"SKIP","floor":40},{"not_picked":["Gash","Chill+1","Steam"],"picked":"SKIP","floor":45},{"not_picked":["Panic Button+1","strawberrySpire:DataDump+1","Coolheaded+1"],"picked":"SKIP","floor":48}],"player_experience":1070456,"relics_obtained":[{"floor":9,"key":"strawberrySpire:Treaders"},{"floor":13,"key":"hubris:SoftwareUpdate"},{"floor":24,"key":"CherryCoatedStake"},{"floor":24,"key":"Centennial Puzzle"},{"floor":26,"key":"construct:FoamFinger"},{"floor":31,"key":"hubris:TenFootPole"},{"floor":31,"key":"Mercury Hourglass"},{"floor":38,"key":"strawberrySpire:ElefentMask"},{"floor":40,"key":"CeramicFish"},{"floor":40,"key":"Blood Vial"},{"floor":43,"key":"Juzu Bracelet"}],"event_choices":[{"damage_healed":0,"gold_gain":0,"player_choice":"Left Gold","damage_taken":0,"max_hp_gain":0,"max_hp_loss":0,"event_name":"World of Goop","floor":12,"gold_loss":46},{"cards_removed":["Strike_B"],"damage_healed":0,"gold_gain":0,"player_choice":"Offered Basic","damage_taken":0,"max_hp_gain":0,"max_hp_loss":0,"event_name":"Bonfire Elementals","floor":22,"gold_loss":0}],"is_beta":false,"boss_relics":[{"not_picked":["Ectoplasm","Replay:Fungal Core"],"picked":"hubris:ScarierMask"},{"not_picked":["Runic Dome","energizedSpire:SpiderWeb"],"picked":"SlaversCollar"}],"items_purged_floors":[],"is_endless":false,"potions_floor_spawned":[5,6,8,16,28,30,45,48],"ascension_level":0}}