{"host":"ev90652pwodlruol","time":1607752543,"event":{"mods":["AchievementEnabler","Act Like it!","Aspiration","BaseMod","Bestiary","BetterRewards","Conspire","Gensokyo","Hubris","Koishi","Luminous","Marisa£®ÏF”Í°°ƒß¿Ì…≥£©","Minty Spire (QoL Compilation)","Replay The Spire","StSLib","SuperFastMode","vexMod"],"gold_per_floor":[111,126,138,138,153,182,182,212,212,238,250,250,264,104,104,202,202,221,231,6,80,123,123,123,71,153,153,153,185,38,57,57,187,187,205,217,230,269,269,269,300,54,81,81,116,116,91,134,134,134],"floor_reached":51,"playtime":2653,"items_purged":["Strike_MRS"],"score":827,"play_id":"8a405b63-2dc2-498c-b223-9cfe37cbea8d","local_time":"20201212135543","is_ascension_mode":true,"campfire_choices":[{"floor":7.0,"key":"REST"},{"floor":23.0,"key":"REST"},{"floor":28.0,"key":"REST"},{"floor":32.0,"key":"REST"},{"data":"CasketOfStar","floor":40.0,"key":"SMITH"},{"data":"ReplayTheSpireMod:Brewmster","floor":49.0,"key":"SMITH"}],"circlet_count":0,"master_deck":["Strike_MRS","Strike_MRS","Defend_MRS","Defend_MRS","Defend_MRS","Defend_MRS","MasterSpark","UpSweep","ManaConvection+1","FairyDestructionRay+1","DoubleSpark","GalacticHalo","PropBag","6A","WitchLeyline","UnstableBomb","IllusionStar","RefractionSpark","MaximisePower+1","EventHorizon","ShootTheMoon","MeteoricShower","SatelliteIllusion","EarthLightRay","WitchOfGreed+1","MagicAbsorber+1","OpenUniverse+1","OpenUniverse+1","MysteriousBeam+1","Singularity","StarDustReverie+1","ShootingEcho+1","StarDustReverie+1","CasketOfStar+1","hubris:NaturalOne","EarthLightRay+1","ReplayTheSpireMod:Brewmster+1","MilkyWay+1"],"relics":["MiniHakkero","aspiration:PocketMushroom","aspiration:FetidBarrel","hubris:BundleOfHerbs","Orrery","Tiny Chest","BreadOfAWashokuLover","conspire:Dentures","Matryoshka","hubris:Icosahedron","Enchiridion","SacredBark","Strange Spoon","Replay:Bottled Steam","Toxic Egg 2","hubris:Towel","Potion Belt","Meat on the Bone","hubris:Spice","vexMod:BarristanHead","hubris:TenFootPole","War Paint","Centennial Puzzle","Lantern"],"acts_visited":["Gensokyo:Gensokyo","Gensokyo:Gensokyoer","TheBeyond"],"potions_floor_usage":[50,50,50,50,50,50,50,50,50],"damage_taken":[{"damage":1.0,"enemies":"Gensokyo:Python","floor":1.0,"turns":2.0},{"damage":3.0,"enemies":"Gensokyo:2_Kodama","floor":2.0,"turns":3.0},{"damage":4.0,"enemies":"Gensokyo:3_Fairies","floor":3.0,"turns":3.0},{"damage":0.0,"enemies":"Gensokyo:2_Rabbits","floor":5.0,"turns":3.0},{"damage":1.0,"enemies":"Gensokyo:Mamizou","floor":6.0,"turns":5.0},{"damage":5.0,"enemies":"Gensokyo:Cirno","floor":8.0,"turns":7.0},{"damage":16.0,"enemies":"Gensokyo:Mamizou","floor":10.0,"turns":7.0},{"damage":9.0,"enemies":"Gensokyo:CorruptedTreant","floor":11.0,"turns":2.0},{"damage":0.0,"enemies":"Gensokyo:VengefulSpirit","floor":13.0,"turns":4.0},{"damage":41.0,"enemies":"Gensokyo:Yukari","floor":16.0,"turns":6.0},{"damage":0.0,"enemies":"Gensokyo:2_Gloops","floor":18.0,"turns":3.0},{"damage":32.0,"enemies":"Gensokyo:CosmicMonolith","floor":19.0,"turns":4.0},{"damage":12.0,"enemies":"Gensokyo:Chomper_and_Gloop","floor":22.0,"turns":4.0},{"damage":34.0,"enemies":"Gensokyo:Tenshi","floor":29.0,"turns":3.0},{"damage":36.0,"enemies":"Gensokyo:Slime_Group","floor":31.0,"turns":4.0},{"damage":65.0,"enemies":"Gensokyo:Eiki","floor":33.0,"turns":8.0},{"damage":31.0,"enemies":"3 Shapes","floor":35.0,"turns":6.0},{"damage":51.0,"enemies":"3 Darklings","floor":36.0,"turns":4.0},{"damage":11.0,"enemies":"Maw","floor":37.0,"turns":5.0},{"damage":15.0,"enemies":"4 Shapes","floor":38.0,"turns":5.0},{"damage":33.0,"enemies":"Nemesis","floor":41.0,"turns":5.0},{"damage":30.0,"enemies":"R_Hoarder","floor":45.0,"turns":5.0},{"damage":6.0,"enemies":"3 Darklings","floor":48.0,"turns":5.0},{"damage":9,"enemies":"Replay:Hell Engine","floor":50,"turns":5}],"seed_played":"-4047410996483335926","potions_obtained":[{"floor":2.0,"key":"Adrenaline Potion"},{"floor":5.0,"key":"Strength Potion"},{"floor":11.0,"key":"SmokeBomb"},{"floor":16.0,"key":"Regen Potion"},{"floor":18.0,"key":"CultistPotion"},{"floor":22.0,"key":"ColorlessPotion"},{"floor":29.0,"key":"SkillPotion"},{"floor":31.0,"key":"Ancient Potion"},{"floor":33.0,"key":"Fire Potion"},{"floor":36.0,"key":"Block Potion"},{"floor":37.0,"key":"EntropicBrew"},{"floor":41.0,"key":"Strength Potion"},{"floor":48.0,"key":"AttackPotion"}],"is_trial":false,"path_per_floor":["M","M","M","?","M","E","R","E","T","E","M","?","M","?","R","B",null,"M","M","$","T","M","R","?","$","T","T","R","E","$","M","R","B",null,"M","M","M","M","T","R","E","$","T","$","E","?","?","M","R","B",null],"character_chosen":"MARISA","items_purchased":["aspiration:PocketMushroom","aspiration:FetidBarrel","hubris:BundleOfHerbs","Orrery","CultistPotion","Reflective Coating","Strange Spoon","OpenUniverse+1","hubris:TenFootPole","ReplayTheSpireMod:Brewmster","BottledSpark"],"campfire_rested":4,"item_purchase_floors":[0,0,0,0,0,0,20,25,30,42,42],"current_hp_per_floor":[33,30,26,26,26,25,47,42,42,40,31,31,31,31,53,14,75,75,47,47,47,39,61,61,61,61,69,83,49,49,30,54,50,91,65,30,36,76,76,76,49,49,49,49,52,52,52,54,54,59],"gold":134,"neow_bonus":"","is_daily":false,"chose_seed":false,"campfire_upgraded":2,"win_rate":0.0,"timestamp":1607752543,"path_taken":["M","M","M","?","M","E","R","E","T","E","M","?","M","?","R","BOSS","M","M","?","?","?","R","?","?","T","?","R","E","?","M","R","BOSS","M","?","M","?","?","R","E","?","T","$","E","?","?","M","R","BOSS"],"items_purchased_type":["Relic","Relic","Relic","Relic","Potion","Potion","Relic","Card","Relic","Card","Potion"],"build_version":"2020-11-30","purchased_purges":1,"victory":true,"max_hp_per_floor":[75,75,75,75,75,75,75,75,75,75,75,75,75,75,75,75,75,75,75,75,75,75,75,75,75,75,83,83,83,83,83,83,83,91,91,83,83,83,83,83,75,75,75,75,88,88,88,80,80,80],"card_choices":[{"not_picked":["DarkSpark","OortCloud"],"picked":"ManaConvection","floor":0.0},{"not_picked":["GravityBeat","StarBarrage"],"picked":"FairyDestructionRay","floor":0.0},{"not_picked":["ShootingEcho","AlicesGift"],"picked":"DoubleSpark","floor":0.0},{"not_picked":["RefractionSpark","IllusionStar"],"picked":"GalacticHalo","floor":0.0},{"not_picked":["DarkMatter","AbsoluteMagnitude"],"picked":"PropBag","floor":0.0},{"not_picked":["Acceleration","WitchLeyline"],"picked":"6A","floor":1.0},{"not_picked":["LuminesStrike","IllusionStar"],"picked":"WitchLeyline","floor":2.0},{"not_picked":["StarBarrage","GasGiant"],"picked":"UnstableBomb","floor":3.0},{"not_picked":["StarBarrage","GasGiant"],"picked":"IllusionStar","floor":5.0},{"not_picked":["DC","GasGiant"],"picked":"RefractionSpark","floor":6.0},{"not_picked":["6A","UnstableBomb"],"picked":"MaximisePower","floor":8.0},{"not_picked":["GalacticHalo","GrandCross"],"picked":"EventHorizon","floor":10.0},{"not_picked":["MagicChant","StarBarrage"],"picked":"ShootTheMoon","floor":11.0},{"not_picked":["DoubleSpark","WitchOfGreed"],"picked":"MeteoricShower","floor":13.0},{"not_picked":["UltimateShortwave","TreasureHunter"],"picked":"SatelliteIllusion","floor":16.0},{"not_picked":["IllusionStar","Occultation"],"picked":"EarthLightRay","floor":18.0},{"not_picked":["MilkyWay","LuminesStrike"],"picked":"WitchOfGreed+1","floor":19.0},{"not_picked":["NonDirectionalLaser","ManaConvection+1"],"picked":"MagicAbsorber+1","floor":22.0},{"not_picked":["NonDirectionalLaser","ShootingEcho"],"picked":"MysteriousBeam+1","floor":29.0},{"not_picked":["Occultation+1","WitchLeyline+1"],"picked":"Singularity","floor":31.0},{"not_picked":["UltimateShortwave+1","ManaRampage+1"],"picked":"StarDustReverie+1","floor":33.0},{"not_picked":["WitchLeyline","OrrerysSun"],"picked":"ShootingEcho+1","floor":35.0},{"not_picked":["SuperPerseids+1","IllusionStar+1"],"picked":"hubris:SpiceAddiction","floor":36.0},{"not_picked":["DoubleSpark","PowerUp+1"],"picked":"StarDustReverie+1","floor":37.0},{"not_picked":["DoubleSpark+1","WitchLeyline"],"picked":"CasketOfStar","floor":38.0},{"not_picked":["StarlightTyphoon+1","GrandCross+1"],"picked":"EarthLightRay+1","floor":41.0},{"not_picked":["GrandCross","WitchOfGreed"],"picked":"MilkyWay+1","floor":45.0},{"not_picked":["WitchLeyline","GalacticHalo+1"],"picked":"hubris:SpiceAddiction","floor":48.0}],"player_experience":240647,"relics_obtained":[{"floor":6.0,"key":"Tiny Chest"},{"floor":8.0,"key":"BreadOfAWashokuLover"},{"floor":9.0,"key":"conspire:Dentures"},{"floor":10.0,"key":"Matryoshka"},{"floor":21.0,"key":"Replay:Bottled Steam"},{"floor":21.0,"key":"Toxic Egg 2"},{"floor":26.0,"key":"Potion Belt"},{"floor":26.0,"key":"Meat on the Bone"},{"floor":27.0,"key":"hubris:Spice"},{"floor":29.0,"key":"vexMod:BarristanHead"},{"floor":39.0,"key":"War Paint"},{"floor":41.0,"key":"hubris:Spice"},{"floor":43.0,"key":"Centennial Puzzle"},{"floor":45.0,"key":"Lantern"}],"event_choices":[{"damage_healed":0.0,"max_hp_gain":0.0,"max_hp_loss":0.0,"gold_gain":0.0,"event_name":"conspire:Investor","player_choice":"Leave","floor":46.0,"gold_loss":0.0,"damage_taken":0.0}],"is_beta":false,"boss_relics":[{"not_picked":["aspiration:RunicSpoon","Tiny House"],"picked":"SacredBark"},{"not_picked":["hubris:Stopwatch","aspiration:IroncladSkillbook"],"picked":"hubris:Spice"}],"items_purged_floors":[20],"is_endless":false,"potions_floor_spawned":[2,3,5,11,16,18,29,31,36,37,41],"ascension_level":1}}