{"host":"0vd2boh2oi7jm085","time":1607775237,"event":{"mods":["BaseMod","Colored Map","Colored Powertips","Highlight Path","Minty Spire (QoL Compilation)","Quick Restart","StSLib","The IronCluck"],"gold_per_floor":[118,118,136,101,49,93,93,112,139,163,163,66,80,98,98,196,196,176,148,198,157,180,223,223,259,259,259,259],"floor_reached":27,"playtime":547,"items_purged":[],"score":511,"play_id":"c688e0c1-658d-4b04-894a-9187a4a2ea45","local_time":"20201212041357","is_ascension_mode":true,"campfire_choices":[{"data":"Flex","floor":7.0,"key":"SMITH"},{"data":"Heavy Blade","floor":11.0,"key":"SMITH"},{"data":"Seeing Red","floor":15.0,"key":"SMITH"},{"floor":24.0,"key":"REST"}],"circlet_count":0,"master_deck":["AscendersBane","Strike_R","Strike_R","Strike_R","Strike_R","Strike_R","Defend_R","Defend_R","Defend_R","Defend_R","Bash","Thunderclap","Flex+1","Pummel","Heavy Blade+1","Inflame","Heavy Blade","Seeing Red+1","Reaper","Pummel+1","Anger","Inflame","Heavy Blade"],"relics":["Burning Blood","NeowsBlessing","Golden Idol","Omamori","Strawberry","Runic Pyramid","Nunchaku","PreservedInsect","Singing Bowl"],"acts_visited":["Exordium","TheCity"],"potions_floor_usage":[],"damage_taken":[{"damage":0.0,"enemies":"Jaw Worm","floor":1.0,"turns":1.0},{"damage":0.0,"enemies":"Small Slimes","floor":3.0,"turns":1.0},{"damage":0.0,"enemies":"3 Sentries","floor":6.0,"turns":1.0},{"damage":11.0,"enemies":"Cultist","floor":8.0,"turns":4.0},{"damage":14.0,"enemies":"3 Louse","floor":10.0,"turns":2.0},{"damage":15.0,"enemies":"Large Slime","floor":13.0,"turns":4.0},{"damage":1.0,"enemies":"2 Fungi Beasts","floor":14.0,"turns":3.0},{"damage":63.0,"enemies":"The Guardian","floor":16.0,"turns":11.0},{"damage":48.0,"enemies":"2 Thieves","floor":18.0,"turns":4.0},{"damage":20.0,"enemies":"Spheric Guardian","floor":22.0,"turns":4.0},{"damage":48.0,"enemies":"Gremlin Leader","floor":23.0,"turns":6.0},{"damage":44.0,"enemies":"Book of Stabbing","floor":25.0,"turns":4.0},{"damage":10,"enemies":"Snecko","floor":27,"turns":3}],"seed_played":"879844088518848038","potions_obtained":[{"floor":1.0,"key":"Dexterity Potion"},{"floor":3.0,"key":"ColorlessPotion"},{"floor":22.0,"key":"Swift Potion"}],"is_trial":false,"path_per_floor":["M","?","M","?","$","E","R","M","T","M","R","$","M","M","R","B",null,"M","$","?","$","M","E","R","E","T","M"],"character_chosen":"IRONCLAD","items_purchased":["Flex","Inflame","Heavy Blade","Anger","Inflame"],"campfire_rested":1,"item_purchase_floors":[5,12,12,19,21],"current_hp_per_floor":[74,48,54,72,72,75,75,70,77,69,69,69,60,65,65,8,64,38,38,38,38,24,15,39,9,9,0,0],"gold":259,"neow_bonus":"THREE_ENEMY_KILL","is_daily":false,"chose_seed":false,"campfire_upgraded":3,"win_rate":0.0,"timestamp":1607775237,"path_taken":["M","?","M","?","$","E","R","?","T","M","R","?","M","M","R","BOSS","M","$","?","$","M","E","R","E","T","M"],"items_purchased_type":["Card","Card","Card","Card","Card"],"build_version":"2020-11-30","purchased_purges":0,"victory":false,"max_hp_per_floor":[75,75,75,75,75,75,75,75,82,82,82,82,82,82,82,82,82,82,82,82,82,82,82,82,82,82,82,82],"card_choices":[{"not_picked":["Sword Boomerang","Ghostly Armor"],"picked":"Thunderclap","floor":1.0},{"not_picked":["Rupture","Battle Trance","Clothesline"],"picked":"SKIP","floor":3.0},{"not_picked":["Body Slam","Sever Soul"],"picked":"Pummel","floor":6.0},{"not_picked":["Havoc","Headbutt","Searing Blow"],"picked":"SKIP","floor":8.0},{"not_picked":["Pommel Strike","Anger"],"picked":"Heavy Blade","floor":10.0},{"not_picked":["Perfected Strike","Intimidate"],"picked":"Seeing Red","floor":13.0},{"not_picked":["Corruption","Blood for Blood","Bloodletting"],"picked":"SKIP","floor":14.0},{"not_picked":["Exhume","Feed"],"picked":"Reaper","floor":16.0},{"not_picked":["Burning Pact","Havoc"],"picked":"Pummel+1","floor":18.0},{"not_picked":["True Grit","Thunderclap+1","Pummel"],"picked":"SKIP","floor":22.0},{"not_picked":["Intimidate","Second Wind","Sever Soul"],"picked":"SKIP","floor":23.0},{"not_picked":["Clash","Rupture"],"picked":"Heavy Blade","floor":25.0}],"player_experience":78942,"relics_obtained":[{"floor":6.0,"key":"Omamori"},{"floor":9.0,"key":"Strawberry"},{"floor":23.0,"key":"Nunchaku"},{"floor":25.0,"key":"PreservedInsect"},{"floor":26.0,"key":"Singing Bowl"}],"event_choices":[{"damage_healed":0.0,"max_hp_gain":0.0,"max_hp_loss":0.0,"gold_gain":0.0,"event_name":"Golden Idol","player_choice":"Take Damage","floor":2.0,"gold_loss":0.0,"damage_taken":26.0,"relics_obtained":["Golden Idol"]},{"damage_healed":18.0,"max_hp_gain":0.0,"max_hp_loss":0.0,"gold_gain":0.0,"event_name":"The Cleric","player_choice":"Healed","floor":4.0,"gold_loss":35.0,"damage_taken":0.0},{"damage_healed":0.0,"max_hp_gain":0.0,"max_hp_loss":0.0,"gold_gain":50.0,"event_name":"Nest","player_choice":"Stole From Cult","floor":20.0,"gold_loss":0.0,"damage_taken":0.0}],"is_beta":false,"boss_relics":[{"not_picked":["Mark of Pain","Coffee Dripper"],"picked":"Runic Pyramid"}],"items_purged_floors":[],"is_endless":false,"potions_floor_spawned":[1,3,6,22],"killed_by":"Snecko","ascension_level":17}}