{"host":"sabve5zmqufxyc5o","time":1607753988,"event":{"mods":["2.2 Compatiblity","AchievementEnabler","Act Like it!","BaseMod","Block Reminder","Colored Map","Colored Powertips","DeckTracker","KOR Keyword Fix","Keyboard Shortcuts","Minty Spire (QoL Compilation)","Quick Restart","Rare Cards Sparkle","Relic Stats","StSLib","SuperFastMode"],"gold_per_floor":[119,138,138,155,80,80,95,111,183,216,8,8,8,21,21,94,94,109,129,129,139,159,159,159,74,74,74,74,91,41,70,70,70,70],"floor_reached":33,"playtime":485,"items_purged":["Strike_B","Strike_B"],"score":486,"play_id":"c0b9a510-4283-426d-b598-55a49b17c0ee","local_time":"20201212151948","is_ascension_mode":true,"campfire_choices":[{"floor":6.0,"key":"REST"},{"floor":13.0,"key":"REST"},{"floor":15.0,"key":"REST"},{"floor":23.0,"key":"REST"},{"floor":32.0,"key":"REST"}],"circlet_count":0,"master_deck":["AscendersBane","Strike_B","Defend_B","Defend_B","Defend_B","Defend_B","Zap+1","Dualcast","Gash","Gash","Compile Driver","Steam","Turbo","All For One","Self Repair","Gash","Seek","Go for the Eyes","Cold Snap","Undo","Scrape+1"],"relics":["Cracked Core","InkBottle","CaptainsWheel","Cursed Key","CeramicFish"],"acts_visited":["Exordium","TheCity"],"potions_floor_usage":[33],"damage_taken":[{"damage":8.0,"enemies":"Small Slimes","floor":1.0,"turns":3.0},{"damage":0.0,"enemies":"2 Louse","floor":2.0,"turns":1.0},{"damage":7.0,"enemies":"Jaw Worm","floor":4.0,"turns":3.0},{"damage":11.0,"enemies":"3 Louse","floor":7.0,"turns":3.0},{"damage":8.0,"enemies":"Red Slaver","floor":8.0,"turns":3.0},{"damage":25.0,"enemies":"Lagavulin","floor":10.0,"turns":6.0},{"damage":0.0,"enemies":"Large Slime","floor":14.0,"turns":2.0},{"damage":9.0,"enemies":"Slime Boss","floor":16.0,"turns":5.0},{"damage":13.0,"enemies":"Shell Parasite","floor":18.0,"turns":3.0},{"damage":23.0,"enemies":"2 Thieves","floor":19.0,"turns":5.0},{"damage":10.0,"enemies":"Snake Plant","floor":21.0,"turns":4.0},{"damage":22.0,"enemies":"3 Cultists","floor":22.0,"turns":5.0},{"damage":5.0,"enemies":"Colosseum Slavers","floor":27.0,"turns":3.0},{"damage":14.0,"enemies":"Centurion and Healer","floor":29.0,"turns":4.0},{"damage":15.0,"enemies":"Snake Plant","floor":31.0,"turns":4.0},{"damage":57,"enemies":"Collector","floor":33,"turns":7}],"seed_played":"1031679300315141121","potions_obtained":[{"floor":2.0,"key":"SteroidPotion"},{"floor":4.0,"key":"CultistPotion"},{"floor":16.0,"key":"PowerPotion"},{"floor":18.0,"key":"Energy Potion"},{"floor":31.0,"key":"Block Potion"}],"is_trial":false,"path_per_floor":["M","M","?","M","$","R","M","M","T","E","$","?","R","M","R","B",null,"M","M","?","M","M","R","?","?","T","?","?","M","?","M","R","B"],"character_chosen":"DEFECT","items_purchased":["Self Repair","Gash"],"campfire_rested":5,"item_purchase_floors":[11,11],"current_hp_per_floor":[56,56,49,42,42,63,52,44,44,19,19,19,40,40,61,59,68,62,46,46,43,28,49,49,49,49,51,31,24,24,16,38,0,0],"gold":70,"neow_bonus":"UPGRADE_CARD","is_daily":false,"chose_seed":false,"campfire_upgraded":0,"win_rate":0.0,"timestamp":1607753988,"path_taken":["M","M","?","M","$","R","M","M","T","E","$","?","R","M","R","BOSS","M","M","?","M","M","R","?","?","T","?","?","?","?","M","R","BOSS"],"items_purchased_type":["Card","Card"],"build_version":"2020-11-30","purchased_purges":2,"victory":false,"max_hp_per_floor":[71,71,71,71,71,71,71,71,71,71,71,71,71,71,71,71,71,71,71,71,71,71,71,71,71,71,71,76,76,76,76,76,76,76],"relic_stats":{"counters":[16,61],"CeramicFish":9,"Cursed Key":0,"obtain_stats":[{"CaptainsWheel":10,"CeramicFish":25,"Cracked Core":0,"Cursed Key":17,"InkBottle":9},{"CaptainsWheel":6,"CeramicFish":12,"Cracked Core":0,"Cursed Key":8,"InkBottle":5},{"CaptainsWheel":19,"CeramicFish":43,"Cracked Core":0,"Cursed Key":26,"InkBottle":13}],"InkBottle":[24]},"card_choices":[{"not_picked":["Rip and Tear","Glacier"],"picked":"Gash","floor":1.0},{"not_picked":["Steam","Recycle"],"picked":"Gash","floor":2.0},{"not_picked":["Steam","Barrage"],"picked":"Compile Driver","floor":4.0},{"not_picked":["Steam","Double Energy","Redo"],"picked":"SKIP","floor":7.0},{"not_picked":["Double Energy","Redo"],"picked":"Steam","floor":7.0},{"not_picked":["Storm","Ball Lightning"],"picked":"Turbo","floor":8.0},{"not_picked":["Streamline","White Noise"],"picked":"All For One","floor":10.0},{"not_picked":["Streamline","Rebound","Conserve Battery"],"picked":"SKIP","floor":14.0},{"not_picked":["Rainbow","Core Surge"],"picked":"Seek","floor":16.0},{"not_picked":["Sweeping Beam+1","Redo","Barrage+1"],"picked":"SKIP","floor":18.0},{"not_picked":["Self Repair","Hello World"],"picked":"Go for the Eyes","floor":19.0},{"not_picked":["Melter","Compile Driver","Heatsinks"],"picked":"SKIP","floor":21.0},{"not_picked":["Stack+1","Leap"],"picked":"Cold Snap","floor":22.0},{"not_picked":["Streamline","Rebound","Compile Driver"],"picked":"SKIP","floor":29.0},{"not_picked":["Rebound","Rainbow"],"picked":"Scrape+1","floor":31.0}],"player_experience":763398,"relics_obtained":[{"floor":9.0,"key":"InkBottle"},{"floor":10.0,"key":"CaptainsWheel"}],"event_choices":[{"cards_removed":["Strike_B"],"damage_healed":0.0,"max_hp_gain":0.0,"max_hp_loss":0.0,"gold_gain":0.0,"event_name":"Golden Wing","player_choice":"Card Removal","floor":3.0,"gold_loss":0.0,"damage_taken":7.0},{"damage_healed":0.0,"max_hp_gain":0.0,"max_hp_loss":0.0,"gold_gain":0.0,"event_name":"Liars Game","player_choice":"Ignored","floor":12.0,"gold_loss":0.0,"damage_taken":0.0},{"damage_healed":0.0,"max_hp_gain":0.0,"max_hp_loss":0.0,"gold_gain":0.0,"event_name":"The Mausoleum","player_choice":"Ignored","floor":20.0,"gold_loss":0.0,"damage_taken":0.0},{"damage_healed":0.0,"max_hp_gain":0.0,"max_hp_loss":0.0,"gold_gain":0.0,"event_name":"The Library","player_choice":"Read","floor":24.0,"gold_loss":0.0,"damage_taken":0.0,"cards_obtained":["Undo"]},{"damage_healed":0.0,"max_hp_gain":0.0,"max_hp_loss":0.0,"gold_gain":0.0,"event_name":"Addict","player_choice":"Obtained Relic","floor":25.0,"gold_loss":85.0,"damage_taken":0.0,"relics_obtained":["CeramicFish"]},{"damage_healed":0.0,"max_hp_gain":0.0,"max_hp_loss":0.0,"gold_gain":0.0,"event_name":"Colosseum","player_choice":"Fight","floor":27.0,"gold_loss":0.0,"damage_taken":0.0},{"damage_healed":0.0,"max_hp_gain":0.0,"max_hp_loss":0.0,"gold_gain":0.0,"event_name":"Colosseum","player_choice":"Fled From Nobs","floor":27.0,"gold_loss":0.0,"damage_taken":0.0},{"damage_healed":0.0,"max_hp_gain":5.0,"max_hp_loss":0.0,"gold_gain":0.0,"event_name":"Forgotten Altar","player_choice":"Shed Blood","floor":28.0,"gold_loss":0.0,"damage_taken":25.0},{"damage_healed":0.0,"max_hp_gain":0.0,"max_hp_loss":0.0,"gold_gain":0.0,"event_name":"The Joust","player_choice":"Bet on Owner","floor":30.0,"gold_loss":50.0,"damage_taken":0.0}],"is_beta":false,"boss_relics":[{"not_picked":["Philosopher\u0027s Stone","Pandora\u0027s Box"],"picked":"Cursed Key"}],"items_purged_floors":[5,11],"is_endless":false,"potions_floor_spawned":[2,4,16,18,31],"killed_by":"Collector","ascension_level":19}}