{"host":"aygt75jb8cs7sa4f","time":1607747668,"event":{"mods":["Act Like it!","BaseMod","Better Third Choice","BetterRewards","Colored Map","Conspire","GifTheSpireLib","Halation","Hallownest","Hermit","Marisa????????","Minty Spire (QoL Compilation)","Permanent Neow","Replay The Spire","Spikes Relics","StSLib","The Animator","The Bug Knight","The Cursed","The Servant 0.9.4"],"gold_per_floor":[109,121,134,144,155,155,155,155,182,217,244,244,277,289,289,391,391,403,173,189,189],"floor_reached":20,"playtime":1908,"items_purged":["animator:Cocytus"],"score":246,"play_id":"b7cb63fc-0c5d-4701-8363-c493cf8ca28c","local_time":"20201211233428","daily_mods":["SealedDeck","Flight","Elite Swarm"],"is_ascension_mode":false,"campfire_choices":[{"data":"animator:AcuraAkari","floor":6,"key":"SMITH"},{"data":"animator:AcuraAkari","floor":7,"key":"SMITH"},{"data":"animator:Viivi","floor":8,"key":"SMITH"},{"data":"animator:AcuraShin","floor":12,"key":"SMITH"},{"data":"animator:Gillette","floor":15,"key":"SMITH"}],"circlet_count":0,"master_deck":["animator:PandorasActor","animator:Evileye","animator:Shalltear","animator:Viivi+1","animator:Guy","animator:ChaikaBohdan","animator:Gillette+1","animator:AcuraAkari+1","animator:ChaikaBohdan","animator:ChaikaBohdan","animator:AcuraAkari+1","animator:AcuraShin+1"],"relics":["animator:LivingPicture","animator:TheMissingPiece","replay:Trail_Library","animator:PurgingStone","Blue Doll","animator:Buoy","conspire:GiftBox","Golden Egg","Black Star","PreservedInsect"],"acts_visited":["Hallownest:Greenpath","Hallownest:CityofTears"],"potions_floor_usage":[11,16,18],"damage_taken":[{"damage":0,"enemies":"Hallownest:monsterHuskGuard","floor":1,"turns":3},{"damage":3,"enemies":"Hallownest:2_Tiktiks_and_1_Crawlid","floor":2,"turns":2},{"damage":0,"enemies":"Hallownest:2_Baldur","floor":3,"turns":1},{"damage":0,"enemies":"Hallownest:monsterAspidMother","floor":4,"turns":3},{"damage":19,"enemies":"Hallownest:monsterFoolEater","floor":5,"turns":3},{"damage":0,"enemies":"Hallownest:eliteMossKnight","floor":10,"turns":2},{"damage":4,"enemies":"Hallownest:eliteVengeflyKing","floor":11,"turns":2},{"damage":0,"enemies":"Hallownest:eliteCrystalGuardian","floor":13,"turns":2},{"damage":0,"enemies":"Hallownest:monsterMossCharger","floor":14,"turns":2},{"damage":7,"enemies":"Hallownest:BossBrokenVessel","floor":16,"turns":4},{"damage":0,"enemies":"Hallownest:Flukemon_and_Top","floor":18,"turns":3},{"damage":6,"enemies":"Hallownest:Guard_and_Sentry","floor":20,"turns":3}],"seed_played":"5922340323297312291","potions_obtained":[{"floor":1,"key":"Ancient Potion"},{"floor":4,"key":"Milkshake"},{"floor":5,"key":"ColorlessPotion"},{"floor":13,"key":"Block Potion"},{"floor":20,"key":"Elixir"}],"is_trial":true,"path_per_floor":["M","M","M","M","M","R","R","R","T","E","E","R","E","M","R","B",null,"M","$","M"],"character_chosen":"THE_ANIMATOR","items_purchased":["PreservedInsect"],"campfire_rested":0,"item_purchase_floors":[19],"current_hp_per_floor":[66,63,63,63,44,44,44,44,44,44,40,40,40,40,40,33,66,66,66,60,60],"gold":189,"neow_bonus":"","is_daily":false,"chose_seed":false,"campfire_upgraded":5,"win_rate":0.0,"timestamp":1607747668,"path_taken":["M","M","M","M","M","R","R","R","T","E","E","R","E","M","R","BOSS","M","$","M"],"items_purchased_type":["Relic"],"build_version":"2020-11-30","purchased_purges":1,"victory":false,"max_hp_per_floor":[66,66,66,66,66,66,66,66,66,66,66,66,66,66,66,66,66,66,66,66,66],"card_choices":[{"not_picked":["animator:KyokoSakura","animator:Kuribayashi","animator:TukaLunaMarceau"],"picked":"SKIP","floor":1},{"not_picked":["animator:Entoma","animator:Chris"],"picked":"animator:ChaikaBohdan","floor":2},{"not_picked":["animator:Togame","animator:Chung","animator:LeleiLaLalena"],"picked":"SKIP","floor":3},{"not_picked":["animator:Assassin","animator:DwarfShaman"],"picked":"animator:AcuraAkari","floor":5},{"not_picked":["animator:Shigure","animator:ItamiYouji","animator:SwordMaiden"],"picked":"SKIP","floor":10},{"not_picked":["animator:Wiz","animator:Envy"],"picked":"animator:AcuraShin","floor":11},{"not_picked":["animator:Wiz","animator:OrikoMikuni","animator:Rimuru"],"picked":"SKIP","floor":11},{"not_picked":["animator:Souei","animator:SilverFang","animator:Mikaela"],"picked":"SKIP","floor":14},{"not_picked":["animator:Scar+1","animator:Entoma","animator:Genos"],"picked":"SKIP","floor":18},{"not_picked":["animator:Vanir","animator:CowGirl","animator:ZankiKiguchi"],"picked":"SKIP","floor":20}],"player_experience":411936,"relics_obtained":[{"floor":9,"key":"Blue Doll"},{"floor":10,"key":"animator:Buoy"},{"floor":11,"key":"conspire:GiftBox"},{"floor":13,"key":"Golden Egg"}],"event_choices":[],"is_beta":false,"boss_relics":[{"not_picked":["Replay:Grab Bag","halation:SmartPhone"],"picked":"Black Star"}],"items_purged_floors":[19],"is_endless":true,"potions_floor_spawned":[1,4,5,13,20],"killed_by":"Hallownest:Guard_and_Sentry","ascension_level":0}}