{"host":"ow9msrs9p2ctkx99","time":1607798526,"event":{"mods":["AchievementEnabler","BaseMod","Colored Map","Colored Powertips","Minty Spire (QoL Compilation)","Permanent Neow","Quick Restart","SuperFastMode"],"gold_per_floor":[363,363,288,301,476,509,525,497,543,354,354,372,17,48,48,153,203,221,236,236,11,29,29,60,60,60,76,76,76],"floor_reached":28,"playtime":1778,"items_purged":["Strike_B","Doubt","Strike_B"],"score":328,"play_id":"0163c4cf-2305-4470-8911-05ea84e2207b","local_time":"20201212194206","is_ascension_mode":true,"campfire_choices":[{"floor":11,"key":"REST"},{"data":"Capacitor","floor":15,"key":"SMITH"},{"floor":23,"key":"REST"},{"floor":25,"key":"REST"}],"circlet_count":0,"master_deck":["Strike_B","Defend_B","Defend_B","Defend_B","Defend_B+1","Zap+1","Dualcast+1","Cold Snap","Glacier","Sweeping Beam","Ball Lightning+1","Self Repair","Rebound","Capacitor+1","BootSequence","Echo Form","Melter","Sunder+1","Reprogram","BootSequence+1","Gash"],"relics":["Cracked Core","Happy Flower","War Paint","Chemical X","Boot","Tiny House","Juzu Bracelet","Red Mask","Kunai"],"acts_visited":["Exordium","TheCity"],"potions_floor_usage":[6,14,16,16,28,28],"damage_taken":[{"damage":3.0,"enemies":"2 Louse","floor":1.0,"turns":2.0},{"damage":0.0,"enemies":"Cultist","floor":4.0,"turns":3.0},{"damage":52,"enemies":"Gremlin Nob","floor":6,"turns":6},{"damage":5,"enemies":"Jaw Worm","floor":7,"turns":3},{"damage":0,"enemies":"2 Fungi Beasts","floor":12,"turns":2},{"damage":10,"enemies":"3 Sentries","floor":14,"turns":5},{"damage":20,"enemies":"Slime Boss","floor":16,"turns":10},{"damage":18,"enemies":"Chosen","floor":18,"turns":5},{"damage":10,"enemies":"2 Thieves","floor":19,"turns":4},{"damage":49,"enemies":"Snake Plant","floor":22,"turns":6},{"damage":24,"enemies":"Masked Bandits","floor":24,"turns":5},{"damage":15,"enemies":"Snecko","floor":27,"turns":6},{"damage":38,"enemies":"Slavers","floor":28,"turns":3}],"seed_played":"-2970167451569327876","potions_obtained":[{"floor":4.0,"key":"AttackPotion"},{"floor":6,"key":"BlessingOfTheForge"},{"floor":12,"key":"Fire Potion"},{"floor":14,"key":"Explosive Potion"},{"floor":17,"key":"SpeedPotion"},{"floor":19,"key":"EssenceOfDarkness"}],"is_trial":false,"path_per_floor":["M","?","$","M","?","E","M","?","T","$","R","M","$","E","R","B",null,"M","M","?","$","M","R","?","R","T","M","E"],"character_chosen":"DEFECT","items_purchased":["Self Repair","Dexterity Potion","Capacitor","Chemical X","Reprogram","Juzu Bracelet"],"campfire_rested":3,"item_purchase_floors":[10,10,13,13,21,21],"current_hp_per_floor":[65,65,65,65,65,13,8,8,8,8,28,28,28,25,25,12,59,55,52,52,52,10,31,7,28,28,27,0,0],"gold":76,"neow_bonus":"TWO_FIFTY_GOLD","is_daily":false,"chose_seed":false,"campfire_upgraded":1,"win_rate":0.0,"timestamp":1607798526,"path_taken":["M","?","$","?","?","E","M","?","T","?","R","M","$","E","R","BOSS","M","M","?","$","M","R","?","R","T","M","E"],"items_purchased_type":["Card","Potion","Card","Relic","Card","Relic"],"build_version":"2020-11-30","purchased_purges":3,"victory":false,"max_hp_per_floor":[68,68,68,68,68,68,68,68,68,68,68,68,68,68,68,68,73,73,73,73,73,73,73,73,73,73,73,73,73],"card_choices":[{"not_picked":["Turbo","Barrage"],"picked":"Cold Snap","floor":1.0},{"not_picked":["Consume","Gash"],"picked":"Glacier","floor":4.0},{"not_picked":["Reinforced Body","Chaos"],"picked":"Sweeping Beam","floor":6},{"not_picked":["Amplify","Steam"],"picked":"Ball Lightning","floor":7},{"not_picked":["Cold Snap","Streamline"],"picked":"Rebound","floor":12},{"not_picked":["Ball Lightning","Streamline"],"picked":"BootSequence","floor":14},{"not_picked":["Creative AI","Core Surge"],"picked":"Echo Form","floor":16},{"not_picked":["Steam Power","Coolheaded"],"picked":"Melter","floor":17},{"not_picked":["Ball Lightning","Redo","Force Field"],"picked":"SKIP","floor":18},{"not_picked":["Coolheaded","Go for the Eyes+1"],"picked":"Sunder+1","floor":19},{"not_picked":["Compile Driver","Meteor Strike"],"picked":"BootSequence+1","floor":22},{"not_picked":["Auto Shields+1","Doom and Gloom"],"picked":"Gash","floor":24},{"not_picked":["Beam Cell","Genetic Algorithm","Coolheaded"],"picked":"SKIP","floor":27}],"player_experience":952202,"relics_obtained":[{"floor":6,"key":"Happy Flower"},{"floor":9,"key":"War Paint"},{"floor":14,"key":"Boot"},{"floor":24,"key":"Red Mask"},{"floor":26,"key":"Kunai"}],"event_choices":[{"damage_healed":0.0,"max_hp_gain":0.0,"max_hp_loss":0.0,"gold_gain":0.0,"event_name":"Upgrade Shrine","player_choice":"Upgraded","floor":2.0,"gold_loss":0.0,"damage_taken":0.0,"cards_upgraded":["Dualcast"]},{"damage_healed":0.0,"max_hp_gain":0.0,"max_hp_loss":0.0,"gold_gain":175.0,"event_name":"Liars Game","player_choice":"AGREE","floor":5.0,"gold_loss":0.0,"damage_taken":0.0,"cards_obtained":["Doubt"]},{"damage_healed":0,"gold_gain":0,"player_choice":"Left Gold","damage_taken":0,"max_hp_gain":0,"max_hp_loss":0,"event_name":"World of Goop","floor":8,"gold_loss":28},{"cards_removed":["Strike_B"],"damage_healed":0,"gold_gain":0,"player_choice":"Purged","damage_taken":0,"max_hp_gain":0,"max_hp_loss":0,"event_name":"Purifier","floor":20,"gold_loss":0},{"damage_healed":0,"gold_gain":0,"player_choice":"Fought Bandits","damage_taken":0,"max_hp_gain":0,"max_hp_loss":0,"event_name":"Masked Bandits","floor":24,"gold_loss":0}],"is_beta":false,"boss_relics":[{"not_picked":["Runic Pyramid","SlaversCollar"],"picked":"Tiny House"}],"items_purged_floors":[3,10,13],"is_endless":false,"potions_floor_spawned":[4,6,12,14,19,24],"killed_by":"Slavers","ascension_level":9}}