{"host":"omuz9yzrsj9oc9b2","time":1607810358,"event":{"mods":["2.2 Compatiblity","BaseMod","Downfall","Minty Spire (QoL Compilation)","Replay The Spire","StSLib","The Poker Player"],"gold_per_floor":[109,109,109,109,122,152,152,152,152,152],"floor_reached":8,"playtime":365,"items_purged":[],"score":78,"play_id":"57efe933-d178-4fa0-a2cd-fcc6bb486e1f","local_time":"20201212215918","is_ascension_mode":true,"metric_token":466,"campfire_choices":[{"data":"PokerPlayerMod:CardPrinter","floor":7,"key":"SMITH"}],"circlet_count":0,"master_deck":["PokerPlayerMod:Diamond2","PokerPlayerMod:Diamond4","PokerPlayerMod:Diamond4","PokerPlayerMod:Diamond5","PokerPlayerMod:Spade1","PokerPlayerMod:Spade2","PokerPlayerMod:Spade3","PokerPlayerMod:Spade4","PokerPlayerMod:Club1","PokerPlayerMod:Club2","PokerPlayerMod:Heart2","PokerPlayerMod:TrumpStrike","PokerPlayerMod:BadJoker","PokerPlayerMod:Mulligan","PokerPlayerMod:Spade10+","PokerPlayerMod:CloakAndDiamond","PokerPlayerMod:CardPrinter+1"],"relics":["PokerPlayerMod:DeckCase","Potion Belt","Snack Pack","Oddly Smooth Stone"],"acts_visited":["Exordium"],"potions_floor_usage":[],"damage_taken":[{"damage":9,"enemies":"Small Slimes","floor":1,"turns":3},{"damage":5,"enemies":"Jaw Worm","floor":5,"turns":2},{"damage":7,"enemies":"Gremlin Nob","floor":6,"turns":3},{"damage":30,"enemies":"Replay:BlueRogue","floor":8,"turns":3}],"seed_played":"3817698874994814812","potions_obtained":[{"floor":5,"key":"Ancient Potion"},{"floor":6,"key":"Strength Potion"}],"is_trial":false,"path_per_floor":["M","?","?","T","M","E","R","E"],"character_chosen":"THE_POKER_PLAYER","items_purchased":[],"campfire_rested":0,"item_purchase_floors":[],"current_hp_per_floor":[38,38,35,35,33,28,28,0,0,0],"gold":152,"neow_bonus":"TRANSFORM_CARD","is_daily":false,"chose_seed":false,"campfire_upgraded":1,"win_rate":0.0,"timestamp":1607810358,"path_taken":["M","?","?","?","M","E","R","E"],"items_purchased_type":[],"build_version":"2020-11-30","purchased_purges":0,"victory":false,"max_hp_per_floor":[52,52,52,52,52,52,52,52,52,52],"card_choices":[{"not_picked":["PokerPlayerMod:Diamond2","PokerPlayerMod:Diamond5","PokerPlayerMod:Configure"],"picked":"SKIP","floor":1},{"not_picked":["PokerPlayerMod:DartThrow","PokerPlayerMod:Overdeal"],"picked":"PokerPlayerMod:CloakAndDiamond","floor":5},{"not_picked":["PokerPlayerMod:PoorCopy","PokerPlayerMod:Diamond2"],"picked":"PokerPlayerMod:CardPrinter","floor":6}],"player_experience":234082,"relics_obtained":[{"floor":4,"key":"Snack Pack"},{"floor":6,"key":"Oddly Smooth Stone"}],"event_choices":[{"damage_healed":0,"gold_gain":0,"player_choice":"Grow","damage_taken":0,"max_hp_gain":0,"max_hp_loss":0,"event_name":"Living Wall","floor":2,"gold_loss":0,"cards_upgraded":["PokerPlayerMod:Diamond4"]},{"damage_healed":0,"gold_gain":0,"player_choice":"Success","damage_taken":3,"relics_obtained":["Potion Belt"],"max_hp_gain":0,"max_hp_loss":0,"event_name":"Scrap Ooze","floor":3,"gold_loss":0}],"is_beta":false,"boss_relics":[],"items_purged_floors":[],"is_endless":false,"potions_floor_spawned":[5,6],"killed_by":"Replay:BlueRogue","ascension_level":9}}