{"host":"9vk21r6l9dtkpvh9","time":1607779741,"event":{"mods":["2.2 Compatiblity","AchievementEnabler","Act Like it!","Astrologer","Bard","Bartender","BaseMod","Better Altar","Better Match","Better Note","Better Sensory Stone","Better Skull","Better Third Choice","CapriCore","CatGirl Mod","Colored Map","Colored Powertips","Conspire","DeckTracker","Downfall","Energized Spire","Fiend Mod","Gensokyo","GifTheSpireLib","Hermit","Hubris","Infinite Spire","Jorbs\u0027s Wanderer Trilogy","Koishi","Luminous","Mad Scientist","Marisa????????","Mimic Mod","Minty Spire (QoL Compilation)","Potionbrewer","Rare Cards Sparkle","Relic Stats","Replay The Spire","SOS???????","Shade Mod","Somnambulant","Spicy Shops","StSLib","SuperFastMode","Td1madao Mod","The Animator","The Construct","The Forsaken","The Gatherer","The Hierophant","The Immortal","The Jungle","The Mystic","The Necromancer","The Runesmith","The Senshi","The Servant 0.9.4","The Trickster","The Valiant","The Wild Card","TheBandit","TheSwordswoman","TheWitcher","WarShipGirlsR/????R mod","vexMod","???Mod??????Boss"],"gold_per_floor":[117,127,142,153,163,163,163,163],"floor_reached":7,"playtime":740,"items_purged":[],"score":45,"play_id":"a57a090f-5502-4b08-a427-6440ba3b30d4","local_time":"20201212082901","is_ascension_mode":false,"campfire_choices":[],"circlet_count":0,"master_deck":["bard:Strike","bard:Strike","bard:Strike","bard:Strike","bard:Defend","bard:Defend","bard:Defend","bard:Defend","bard:Riposte","bard:Inspire","bard:BestowCurse","bard:LifeDrain","bard:Aphasia","bard:FalseLife","bard:Blink"],"relics":["bard:PitchPipe","bard:BagPipes"],"acts_visited":["Exordium"],"potions_floor_usage":[4,7],"damage_taken":[{"damage":5,"enemies":"Cultist","floor":1,"turns":4},{"damage":2,"enemies":"conspire:RoseBush","floor":2,"turns":4},{"damage":2,"enemies":"Jaw Worm","floor":3,"turns":5},{"damage":2,"enemies":"Lots of Slimes","floor":4,"turns":3},{"damage":11,"enemies":"Large Slime","floor":5,"turns":9},{"damage":0,"enemies":"Gremlin Nob","floor":7,"turns":2}],"seed_played":"1093048957105648762","potions_obtained":[{"floor":3,"key":"Guardian:BlockOnCardUsePotion"},{"floor":4,"key":"sneckomod:MuddlingPotion"}],"is_trial":false,"path_per_floor":["M","M","M","M","M","?","E"],"character_chosen":"BARD","items_purchased":[],"campfire_rested":0,"item_purchase_floors":[],"current_hp_per_floor":[72,70,68,66,55,55,55,55],"gold":163,"neow_bonus":"TEN_PERCENT_HP_BONUS","is_daily":false,"chose_seed":false,"campfire_upgraded":0,"win_rate":0.0,"timestamp":1607779741,"path_taken":["M","?","M","M","M","?","E"],"items_purchased_type":[],"build_version":"2020-11-30","purchased_purges":0,"victory":false,"max_hp_per_floor":[77,77,77,77,77,77,77,77],"relic_stats":{"counters":[6,27],"obtain_stats":[{"bard:BagPipes":0,"bard:PitchPipe":0},{"bard:BagPipes":0,"bard:PitchPipe":0},{"bard:BagPipes":0,"bard:PitchPipe":0}]},"card_choices":[{"not_picked":["bard:EchoEcho","bard:CuttingWords"],"picked":"bard:BestowCurse","floor":1},{"not_picked":["bard:CuttingWords","bard:EchoEcho"],"picked":"bard:LifeDrain","floor":2},{"not_picked":["bard:Flourish","bard:Gamble"],"picked":"bard:Aphasia","floor":3},{"not_picked":["bard:EnGarde","bard:SixFourTime"],"picked":"bard:FalseLife","floor":4},{"not_picked":["bard:Gamble","bard:Demoralize"],"picked":"bard:Blink","floor":5}],"player_experience":569288,"relics_obtained":[],"event_choices":[{"damage_healed":0,"gold_gain":0,"player_choice":"Ignored","damage_taken":0,"max_hp_gain":0,"max_hp_loss":0,"event_name":"Golden Wing","floor":6,"gold_loss":0}],"is_beta":false,"boss_relics":[],"items_purged_floors":[],"is_endless":false,"potions_floor_spawned":[3,4],"killed_by":"Gremlin Nob","ascension_level":0}}