{"host":"19tvufa8xx4wr4o1","time":1607796830,"event":{"mods":["AchievementEnabler","BaseMod","Better Sensory Stone","Better Third Choice","Highlight Path","Minty Spire (QoL Compilation)","Relic Stats","StSLib"],"gold_per_floor":[119,136,10,10,61,61,92,92,115,115,131,151,168,182,182,260,260,277,277,277,292,472,472,492,492,517,517,529,529,28,48,48,48,48],"floor_reached":33,"playtime":881,"items_purged":["Strike_R","Strike_R"],"score":432,"play_id":"a27de4d6-5f30-4e05-bad2-5a34bfb6ffb4","local_time":"20201212121350","is_ascension_mode":true,"campfire_choices":[{"data":"Bash","floor":6.0,"key":"SMITH"},{"data":"Rampage","floor":8.0,"key":"SMITH"},{"data":"Perfected Strike","floor":10.0,"key":"SMITH"},{"data":"True Grit","floor":15.0,"key":"SMITH"},{"data":"Whirlwind","floor":23,"key":"SMITH"},{"data":"Shockwave","floor":25,"key":"SMITH"},{"data":"Feed","floor":27,"key":"SMITH"},{"data":"Intimidate","floor":29,"key":"SMITH"},{"data":"Clothesline","floor":32,"key":"SMITH"}],"circlet_count":0,"master_deck":["AscendersBane","Strike_R","Strike_R","Strike_R","Defend_R","Defend_R","Defend_R","Defend_R","Bash+1","Perfected Strike+1","Clothesline+1","Rampage+1","True Grit+1","Shockwave+1","Feed+1","Whirlwind+1","Bandage Up","Intimidate+1","Injury","Hemokinesis+1"],"relics":["Burning Blood","CaptainsWheel","Akabeko","Cursed Key","Happy Flower","Oddly Smooth Stone","Question Card"],"acts_visited":["Exordium","TheCity"],"potions_floor_usage":[31,33,33,33,33],"damage_taken":[{"damage":3.0,"enemies":"2 Louse","floor":1.0,"turns":3.0},{"damage":3.0,"enemies":"Jaw Worm","floor":2.0,"turns":5.0},{"damage":19.0,"enemies":"3 Sentries","floor":7.0,"turns":7.0},{"damage":0.0,"enemies":"Cultist","floor":11.0,"turns":2.0},{"damage":7.0,"enemies":"Looter","floor":12.0,"turns":3.0},{"damage":7.0,"enemies":"Lots of Slimes","floor":13.0,"turns":5.0},{"damage":10.0,"enemies":"Blue Slaver","floor":14.0,"turns":3.0},{"damage":44.0,"enemies":"Hexaghost","floor":16.0,"turns":9.0},{"damage":8.0,"enemies":"Spheric Guardian","floor":18.0,"turns":4.0},{"damage":5,"enemies":"Shell Parasite","floor":21,"turns":6},{"damage":0,"enemies":"Snake Plant","floor":24,"turns":2},{"damage":15,"enemies":"Centurion and Healer","floor":28,"turns":7},{"damage":6,"enemies":"Sentry and Sphere","floor":31,"turns":4},{"damage":67,"enemies":"Collector","floor":33,"turns":7}],"seed_played":"-4220812929136813913","potions_obtained":[{"floor":0.0,"key":"BlessingOfTheForge"},{"floor":0.0,"key":"Explosive Potion"},{"floor":11.0,"key":"EssenceOfSteel"},{"floor":12.0,"key":"EssenceOfSteel"},{"floor":13.0,"key":"Energy Potion"},{"floor":18.0,"key":"Swift Potion"},{"floor":28,"key":"BlessingOfTheForge"},{"floor":31,"key":"EntropicBrew"}],"is_trial":false,"path_per_floor":["M","M","$","?","?","R","E","R","T","R","M","M","M","M","R","B",null,"M","?","?","M","?","R","M","R","T","R","M","R","$","M","R","B"],"character_chosen":"IRONCLAD","items_purchased":["Clothesline","Oddly Smooth Stone","Question Card"],"campfire_rested":0,"item_purchase_floors":[3,30,30],"current_hp_per_floor":[71,74,74,63,63,63,50,50,50,50,56,55,54,50,50,12,59,57,57,57,65,46,46,55,55,55,55,54,54,54,58,58,0,0],"gold":48,"neow_bonus":"THREE_SMALL_POTIONS","is_daily":false,"chose_seed":false,"campfire_upgraded":9,"win_rate":0.0,"timestamp":1607796830,"path_taken":["M","M","$","?","?","R","E","R","T","R","M","M","M","M","R","BOSS","M","?","?","M","?","R","M","R","T","R","?","R","$","M","R","BOSS"],"items_purchased_type":["Card","Relic","Relic"],"build_version":"2020-11-30","purchased_purges":2,"victory":false,"max_hp_per_floor":[75,75,75,75,75,75,75,75,75,75,75,75,75,75,75,75,75,75,75,75,78,78,78,81,81,81,81,85,85,85,85,85,85,85],"relic_stats":{"Happy Flower":[6],"counters":[14,67],"Cursed Key":1,"Question Card":1,"obtain_stats":[{"CaptainsWheel":7,"Happy Flower":26,"Oddly Smooth Stone":30,"Cursed Key":17,"Question Card":30,"Burning Blood":0,"Akabeko":9},{"CaptainsWheel":3,"Happy Flower":11,"Oddly Smooth Stone":12,"Cursed Key":8,"Question Card":12,"Burning Blood":0,"Akabeko":3},{"CaptainsWheel":15,"Happy Flower":49,"Oddly Smooth Stone":56,"Cursed Key":37,"Question Card":56,"Burning Blood":0,"Akabeko":15}],"Burning Blood":78},"card_choices":[{"not_picked":["Fire Breathing","Feel No Pain","Anger"],"picked":"SKIP","floor":1.0},{"not_picked":["Sword Boomerang","Wild Strike"],"picked":"Perfected Strike","floor":2.0},{"not_picked":["Iron Wave","Heavy Blade"],"picked":"Rampage","floor":7.0},{"not_picked":["Rupture","Feel No Pain","Pommel Strike"],"picked":"SKIP","floor":11.0},{"not_picked":["Perfected Strike","Bloodletting"],"picked":"True Grit","floor":12.0},{"not_picked":["Thunderclap","Dark Embrace","Wild Strike"],"picked":"SKIP","floor":13.0},{"not_picked":["Shrug It Off","Armaments"],"picked":"Shockwave","floor":14.0},{"not_picked":["Corruption","Berserk"],"picked":"Feed","floor":16.0},{"not_picked":["Wild Strike","Iron Wave","Uppercut"],"picked":"SKIP","floor":18.0},{"not_picked":["Discovery","Mind Blast"],"picked":"Bandage Up","floor":20.0},{"not_picked":["Feel No Pain","Perfected Strike","Headbutt"],"picked":"SKIP","floor":21},{"not_picked":["Pommel Strike","Feel No Pain"],"picked":"Intimidate","floor":24},{"not_picked":["Cleave","Body Slam"],"picked":"Hemokinesis+1","floor":28},{"not_picked":["Dropkick","Clash","Perfected Strike+1","Cleave"],"picked":"SKIP","floor":31}],"player_experience":484234,"relics_obtained":[{"floor":7.0,"key":"CaptainsWheel"},{"floor":9.0,"key":"Akabeko"},{"floor":26,"key":"Happy Flower"}],"event_choices":[{"damage_healed":0.0,"max_hp_gain":0.0,"max_hp_loss":0.0,"gold_gain":0.0,"event_name":"betterThird:BetterScrap","player_choice":"LEAVE","floor":4.0,"gold_loss":0.0,"damage_taken":11.0,"cards_obtained":["FTL"]},{"damage_healed":0.0,"max_hp_gain":0.0,"max_hp_loss":0.0,"gold_gain":51.0,"event_name":"Golden Wing","player_choice":"Gained Gold","floor":5.0,"gold_loss":0.0,"damage_taken":0.0},{"damage_healed":0.0,"max_hp_gain":0.0,"max_hp_loss":0.0,"gold_gain":0.0,"event_name":"The Library","player_choice":"Read","floor":19.0,"gold_loss":0.0,"damage_taken":0.0,"cards_obtained":["Whirlwind"]},{"damage_healed":0.0,"max_hp_gain":0.0,"max_hp_loss":0.0,"gold_gain":2.0,"event_name":"betterStone:BetterStone","player_choice":"1","floor":20.0,"gold_loss":0.0,"damage_taken":0.0},{"damage_healed":0,"gold_gain":180,"player_choice":"GOLD GOLD ","damage_taken":19,"max_hp_gain":0,"max_hp_loss":0,"event_name":"Knowing Skull","floor":22,"potions_obtained":[],"gold_loss":0,"cards_obtained":[]}],"is_beta":false,"boss_relics":[{"not_picked":["Black Star","Empty Cage"],"picked":"Cursed Key"}],"items_purged_floors":[3,30],"is_endless":false,"potions_floor_spawned":[1,11,12,13,18,28,31],"killed_by":"Collector","ascension_level":15}}