{"host":"dij4iqdhjit0agg1","time":1607784955,"event":{"mods":["Act Like it!","BaseMod","Better Note","Colored Powertips","Minty Spire (QoL Compilation)","Permanent Neow","Rare Cards Sparkle","StSLib"],"gold_per_floor":[363,383,383,383,42,42,3,31,31,31,31,45,57,71,71,176,176,189,189,289,289,289,289,301,313,313,29,29,42,58,75,75,75,75],"floor_reached":33,"playtime":2450,"items_purged":[],"score":247,"play_id":"fc8c5378-b191-45bb-8d27-26058bb6a7e6","local_time":"20201212155555","is_ascension_mode":false,"campfire_choices":[{"data":"Armaments","floor":6,"key":"SMITH"},{"data":"Whirlwind","floor":11,"key":"SMITH"},{"data":"Flex","floor":15,"key":"SMITH"},{"floor":23,"key":"REST"},{"floor":28,"key":"REST"},{"floor":32,"key":"REST"}],"circlet_count":0,"master_deck":["Strike_R","Strike_R","Strike_R","Strike_R","Strike_R","Defend_R","Defend_R","Defend_R","Defend_R","Bash+1","Shrug It Off","Armaments+1","Flex+1","Whirlwind+1","Pommel Strike","Limit Break","Offering","Body Slam","Thunderclap+1","Blood for Blood","Entrench","Thunderclap+1"],"relics":["Burning Blood","Self Forming Clay","CaptainsWheel","Question Card","Black Star","Nloth\u0027s Gift","Anchor","White Beast Statue"],"acts_visited":["Exordium","TheCity"],"potions_floor_usage":[13,16,18,29,33,33],"damage_taken":[{"damage":2,"enemies":"Small Slimes","floor":1,"turns":4},{"damage":0,"enemies":"2 Louse","floor":2,"turns":3},{"damage":27,"enemies":"Lagavulin","floor":8,"turns":8},{"damage":6,"enemies":"Cultist","floor":12,"turns":3},{"damage":0,"enemies":"2 Fungi Beasts","floor":13,"turns":2},{"damage":7,"enemies":"Blue Slaver","floor":14,"turns":4},{"damage":14,"enemies":"Slime Boss","floor":16,"turns":8},{"damage":51,"enemies":"3 Byrds","floor":18,"turns":9},{"damage":13,"enemies":"Shell Parasite","floor":24,"turns":8},{"damage":15,"enemies":"Shelled Parasite and Fungi","floor":25,"turns":6},{"damage":31,"enemies":"Sentry and Sphere","floor":29,"turns":7},{"damage":24,"enemies":"Snake Plant","floor":30,"turns":4},{"damage":15,"enemies":"Shelled Parasite and Fungi","floor":31,"turns":7},{"damage":71,"enemies":"Collector","floor":33,"turns":8}],"seed_played":"1882716742994131541","potions_obtained":[{"floor":1,"key":"Block Potion"},{"floor":13,"key":"PowerPotion"},{"floor":16,"key":"BloodPotion"},{"floor":18,"key":"GamblersBrew"},{"floor":29,"key":"BloodPotion"},{"floor":30,"key":"EssenceOfSteel"},{"floor":31,"key":"FearPotion"}],"is_trial":false,"path_per_floor":["M","M","?","?","$","R","$","E","T","?","R","M","M","M","R","B",null,"M","?","?","?","?","R","M","M","T","$","R","M","M","M","R","B"],"character_chosen":"IRONCLAD","items_purchased":["Armaments","Flex","Self Forming Clay","Whirlwind","Blood for Blood","White Beast Statue"],"campfire_rested":3,"item_purchase_floors":[5,5,5,7,27,27],"current_hp_per_floor":[80,80,80,80,80,80,80,59,59,59,59,59,65,64,64,56,80,51,51,51,51,36,61,54,45,45,45,70,62,44,35,60,0,0],"gold":75,"neow_bonus":"TWO_FIFTY_GOLD","is_daily":false,"chose_seed":false,"campfire_upgraded":3,"win_rate":0.0,"timestamp":1607784955,"path_taken":["M","M","?","?","$","R","$","E","T","?","R","?","M","M","R","BOSS","M","?","?","?","?","R","M","M","T","$","R","?","M","?","R","BOSS"],"items_purchased_type":["Card","Card","Relic","Card","Card","Relic"],"build_version":"2020-11-30","purchased_purges":0,"victory":false,"max_hp_per_floor":[80,80,80,80,80,80,80,80,80,80,80,80,80,80,80,80,80,80,80,80,80,85,85,85,85,85,85,85,85,85,85,85,85,85],"card_choices":[{"not_picked":["Hemokinesis","Clash"],"picked":"Shrug It Off","floor":1},{"not_picked":["Headbutt","Warcry","Twin Strike"],"picked":"SKIP","floor":2},{"not_picked":["Havoc","Carnage","Second Wind"],"picked":"SKIP","floor":8},{"not_picked":["Anger","Heavy Blade","Twin Strike"],"picked":"Pommel Strike","floor":12},{"not_picked":["Sever Soul","Armaments","Flame Barrier","Shrug It Off"],"picked":"SKIP","floor":13},{"not_picked":["Cleave","Wild Strike","Rage"],"picked":"Limit Break","floor":14},{"not_picked":["Reaper","Fiend Fire","Limit Break"],"picked":"Offering","floor":16},{"not_picked":["Sentinel","Uppercut+1","Armaments"],"picked":"Twin Strike+1","floor":18},{"not_picked":["Dropkick","Havoc+1","True Grit"],"picked":"Thunderclap+1","floor":24},{"not_picked":["Anger","Pummel+1","Dual Wield","Headbutt+1"],"picked":"SKIP","floor":25},{"not_picked":["Headbutt","Pommel Strike","Second Wind"],"picked":"Entrench","floor":29},{"not_picked":["Evolve+1","Reaper","Dropkick"],"picked":"Thunderclap+1","floor":30},{"not_picked":["Pummel+1","Dark Embrace","Warcry","Sever Soul+1"],"picked":"SKIP","floor":31}],"player_experience":873737,"relics_obtained":[{"floor":8,"key":"CaptainsWheel"},{"floor":9,"key":"Question Card"},{"floor":26,"key":"Anchor"}],"event_choices":[{"damage_healed":0,"gold_gain":0,"player_choice":"Grow","damage_taken":0,"max_hp_gain":0,"max_hp_loss":0,"event_name":"Living Wall","floor":3,"gold_loss":0,"cards_upgraded":["Bash"]},{"damage_healed":0,"gold_gain":0,"player_choice":"Ignored","damage_taken":0,"max_hp_gain":0,"max_hp_loss":0,"event_name":"Liars Game","floor":4,"gold_loss":0},{"cards_removed":["Clumsy"],"damage_healed":0,"gold_gain":0,"player_choice":"Offered Curse","damage_taken":0,"relics_obtained":["Spirit Poop"],"max_hp_gain":0,"max_hp_loss":0,"event_name":"Bonfire Elementals","floor":10,"gold_loss":0},{"damage_healed":0,"gold_gain":0,"cards_transformed":["Twin Strike"],"player_choice":"Transformed","damage_taken":0,"max_hp_gain":0,"max_hp_loss":0,"event_name":"Transmorgrifier","floor":19,"gold_loss":0,"cards_obtained":["Body Slam"]},{"damage_healed":0,"gold_gain":100,"player_choice":"Pray","damage_taken":0,"max_hp_gain":0,"max_hp_loss":0,"event_name":"Golden Shrine","floor":20,"gold_loss":0},{"damage_healed":0,"gold_gain":0,"player_choice":"Traded Relic","damage_taken":0,"relics_obtained":["Nloth\u0027s Gift"],"max_hp_gain":0,"max_hp_loss":0,"event_name":"N\u0027loth","floor":21,"relics_lost":["Spirit Poop"],"gold_loss":0},{"damage_healed":0,"gold_gain":0,"player_choice":"Shed Blood","damage_taken":20,"max_hp_gain":5,"max_hp_loss":0,"event_name":"Forgotten Altar","floor":22,"gold_loss":0}],"is_beta":false,"boss_relics":[{"not_picked":["Runic Cube","Velvet Choker"],"picked":"Black Star"}],"items_purged_floors":[],"is_endless":false,"potions_floor_spawned":[1,13,16,18,29,30,31],"killed_by":"Collector","ascension_level":0}}