{"host":"0vkf1k7bkmi4whcf","time":1607790252,"event":{"mods":["Bartender","BaseMod","Better Third Choice","CapriCore","Displayed Cursed Tome","Downfall","GungeonMod","Koishi","Marisa????????","Minty Spire (QoL Compilation)","Reimu??????","Relic Stats","Remilia??????","StSLib","Td1madao Mod","The Alterego","The Immortal","The Servant 0.9.4","The Wild Card","Waifu the Spire","Yuyuko","???????????mod"],"gold_per_floor":[131,131,150,169,180,180,191,210,210,222,234,234,234,248,248,326,326,341,341,341,616,632,632,632],"floor_reached":23,"playtime":755,"items_purged":[],"score":475,"play_id":"9c1b45e5-bab6-4471-9c0d-5a74b6557ef8","local_time":"20201212172412","is_ascension_mode":true,"campfire_choices":[{"data":"Bait_HighSpeedFlying_purple","floor":6,"key":"SMITH"},{"data":"DimensionStaggered_purple","floor":12,"key":"SMITH"},{"floor":15,"key":"REST"}],"circlet_count":0,"master_deck":["AscendersBane","AT_purpleEX","AT_purpleEX","AT_purpleEX","AT_purpleEX","Defend_purpleEX","Defend_purpleEX","Defend_purpleEX","Observe_purple_1","Observe_purple_2","Bait_HighSpeedFlying_purple+1","Charmbait_purple","BarrageBoundary_PipeDream_purple","RuptureOfTimeAndSpace_purple","MeetDecomposer_purple","GluttonyofRealm_purpleEX","SfantasyHide_purple","DimensionStaggered_purple+1","DimensionStaggered_purple","Theboundaryofcreation_purpleEX","Umbrella_purple","Mirror_FourBoundary_purple","Regret","RuleDissolution_purple"],"relics":["Boundary_crack","Memoryfragments_purpleEX","Ancient Tea Set","White Beast Statue","Darkstone Periapt","Runic Pyramid"],"acts_visited":["Exordium","TheCity"],"potions_floor_usage":[16,23],"damage_taken":[{"damage":3,"enemies":"Cultist","floor":1,"turns":4},{"damage":12,"enemies":"2 Louse","floor":3,"turns":2},{"damage":0,"enemies":"Jaw Worm","floor":4,"turns":3},{"damage":4,"enemies":"3 Louse","floor":5,"turns":2},{"damage":7,"enemies":"Gremlin Gang","floor":7,"turns":3},{"damage":13,"enemies":"Exordium Thugs","floor":8,"turns":3},{"damage":3,"enemies":"2 Fungi Beasts","floor":10,"turns":2},{"damage":0,"enemies":"3 Louse","floor":11,"turns":2},{"damage":4,"enemies":"Large Slime","floor":14,"turns":3},{"damage":0,"enemies":"Slime Boss","floor":16,"turns":6},{"damage":0,"enemies":"Spheric Guardian","floor":18,"turns":3},{"damage":33,"enemies":"2 Thieves","floor":22,"turns":4},{"damage":67,"enemies":"Slavers","floor":23,"turns":4}],"seed_played":"8305134950547778520","potions_obtained":[{"floor":3,"key":"AttackPotion"},{"floor":10,"key":"SkillPotion"},{"floor":16,"key":"Dexterity Potion"}],"is_trial":false,"path_per_floor":["M","?","M","M","M","R","M","M","T","M","M","R","T","M","R","B",null,"M","?","?","?","M","E"],"character_chosen":"Youkari","items_purchased":[],"campfire_rested":1,"item_purchase_floors":[],"current_hp_per_floor":[58,58,47,47,44,44,39,26,26,26,29,29,29,25,46,51,66,72,72,72,78,50,0,0],"gold":632,"neow_bonus":"RANDOM_COMMON_RELIC","is_daily":false,"chose_seed":false,"campfire_upgraded":2,"win_rate":0.0,"timestamp":1607790252,"path_taken":["M","?","?","M","M","R","M","M","T","M","M","R","?","?","R","BOSS","M","?","?","?","M","E"],"items_purchased_type":[],"build_version":"2020-11-30","purchased_purges":0,"victory":false,"max_hp_per_floor":[65,65,65,65,65,65,65,65,65,68,71,71,71,71,71,71,71,74,74,74,80,83,86,86],"relic_stats":{"Darkstone Periapt":6,"counters":[13,41],"obtain_stats":[{"Darkstone Periapt":13,"DemoMod:GlassGuonStoneRelic":3,"Boundary_crack":0,"Ancient Tea Set":0,"White Beast Statue":9,"Memoryfragments_purpleEX":0,"Runic Pyramid":17},{"Darkstone Periapt":8,"DemoMod:GlassGuonStoneRelic":2,"Boundary_crack":0,"Ancient Tea Set":0,"White Beast Statue":6,"Memoryfragments_purpleEX":0,"Runic Pyramid":10},{"Darkstone Periapt":21,"DemoMod:GlassGuonStoneRelic":6,"Boundary_crack":0,"Ancient Tea Set":0,"White Beast Statue":17,"Memoryfragments_purpleEX":0,"Runic Pyramid":30}]},"card_choices":[{"not_picked":["AdvanceAttack_purple","Boundary_DreamRealityDamnation_purple"],"picked":"Bait_HighSpeedFlying_purple","floor":1},{"not_picked":["OmniscientAndOmnipotent_Monster_purple","MonsterNeedle_purple"],"picked":"Charmbait_purple","floor":3},{"not_picked":["Shallow_ocean_purpleEX","Worldmountain_purple"],"picked":"BarrageBoundary_PipeDream_purple","floor":4},{"not_picked":["ExternalForce_HighSpeedFlying_purple","Anti_communist_purple"],"picked":"RuptureOfTimeAndSpace_purple","floor":5},{"not_picked":["RuleDissolution_purple","StateErode_purple"],"picked":"MeetDecomposer_purple","floor":7},{"not_picked":["FragmentationRealm_purple","SfantasyHide_purple"],"picked":"GluttonyofRealm_purpleEX","floor":8},{"not_picked":["Boundary_ObjectiveBoundary_purple","SharpContractionReality_purple"],"picked":"SfantasyHide_purple","floor":10},{"not_picked":["Shallow_ocean_purpleEX","ExistenceContinue_purple"],"picked":"DimensionStaggered_purple","floor":11},{"not_picked":["Mirror_FormAndEmptin_purple","StateDuplicate_purple"],"picked":"DimensionStaggered_purple","floor":14},{"not_picked":["LoveAcrossDimensions_purple","WangLiang_LineAndCurveDreams_purple"],"picked":"Theboundaryofcreation_purpleEX","floor":16},{"not_picked":["Shallow_ocean_purpleEX","RuleDissolution_purple"],"picked":"Umbrella_purple","floor":18},{"not_picked":["Mirror_Drifter_purple","Boundary_LightAndDark_purple"],"picked":"RuleDissolution_purple","floor":22}],"player_experience":704356,"relics_obtained":[{"floor":9,"key":"White Beast Statue"},{"floor":13,"key":"Darkstone Periapt"}],"event_choices":[{"cards_removed":["Defend_purpleEX"],"damage_healed":0,"gold_gain":0,"player_choice":"Offered Basic","damage_taken":0,"max_hp_gain":0,"max_hp_loss":0,"event_name":"Bonfire Elementals","floor":2,"gold_loss":0},{"damage_healed":0,"gold_gain":0,"player_choice":"Read","damage_taken":0,"max_hp_gain":0,"max_hp_loss":0,"event_name":"The Library","floor":19,"gold_loss":0,"cards_obtained":["Mirror_FourBoundary_purple"]},{"damage_healed":0,"gold_gain":275,"player_choice":"Desecrate","damage_taken":0,"max_hp_gain":0,"max_hp_loss":0,"event_name":"Golden Shrine","floor":21,"gold_loss":0,"cards_obtained":["Regret"]}],"is_beta":false,"boss_relics":[{"not_picked":["Velvet Choker","SlaversCollar"],"picked":"Runic Pyramid"}],"items_purged_floors":[],"is_endless":false,"potions_floor_spawned":[3,10,11,14,16,18,22],"killed_by":"Slavers","ascension_level":18}}