{"host":"9mnb7pbo3pfmmmyl","time":1607799107,"event":{"mods":["Aspiration","BaseMod","Highlight Path","Lobotomy","Minty Spire (QoL Compilation)","MostiFishMod","Shop Mod","StSLib","TestMod","¡¾ÒÅÎï¿¨ÅÆ¡¿REMEMod","óô»ðÖ¸ÄÏ"],"gold_per_floor":[119,119,135,48,48,88,106,106,106,138,164,183,215,231,231,313,313,342,207,207,227,240,281,281,313,313,347,409,409],"floor_reached":28,"playtime":1208,"items_purged":["Strike_B"],"score":710,"play_id":"5a1badc0-ace0-4938-b158-17079364dcb1","local_time":"20201213025147","is_ascension_mode":true,"campfire_choices":[{"data":"Electrodynamics","floor":8,"key":"SMITH"},{"data":"MostiFishMod:FourSeasons","floor":15,"key":"SMITH"},{"data":"MostiFishMod:LinkProtocol","floor":24,"key":"SMITH"}],"circlet_count":0,"master_deck":["AscendersBane","Strike_B","Strike_B+1","Strike_B+1","Defend_B","Defend_B","Defend_B","Defend_B","Zap+1","Dualcast","Thunder Strike","Stack","Electrodynamics+1","Defragment","Melter","Stack","Echo Form","MostiFishMod:FourSeasons+1","Static Discharge","MostiFishMod:ReadyAimFire","MostiFishMod:LinkProtocol+1","MostiFishMod:SephirahHod","testmod-Bloodthirsty","Reboot","White Noise"],"relics":["Cracked Core","testmod-TestBox","DaveBox","REME_ComplimentaryCards","JellyFishMachine","testmod-TheFather","CogitoBucket","RabbitCall","Question Card","testmod-TurbochargingSystem","Sundial","testmod-AssaultLearning","Whetstone","BackwardClock","Gambling Chip","ImportantClient","MostiFishMod:Hod","AspirationHeart","CeramicFish","Dream Catcher"],"acts_visited":["Exordium","TheCity"],"potions_floor_usage":[13,13,23,28,28],"damage_taken":[{"damage":1,"enemies":"Cultist","floor":1,"turns":3},{"damage":2,"enemies":"Jaw Worm","floor":3,"turns":2},{"damage":10,"enemies":"3 Sentries","floor":6,"turns":3},{"damage":0,"enemies":"Small Slimes","floor":7,"turns":2},{"damage":4,"enemies":"Gremlin Nob","floor":10,"turns":3},{"damage":20,"enemies":"Blue Slaver","floor":11,"turns":5},{"damage":0,"enemies":"Large Slime","floor":12,"turns":3},{"damage":0,"enemies":"3 Sentries","floor":13,"turns":1},{"damage":0,"enemies":"Exordium Wildlife","floor":14,"turns":1},{"damage":13,"enemies":"Hexaghost","floor":16,"turns":4},{"damage":17,"enemies":"Spheric Guardian","floor":18,"turns":3},{"damage":0,"enemies":"Chosen","floor":21,"turns":2},{"damage":0,"enemies":"Shelled Parasite and Fungi","floor":22,"turns":1},{"damage":14,"enemies":"Slavers","floor":23,"turns":2},{"damage":0,"enemies":"Sentry and Sphere","floor":25,"turns":2},{"damage":0,"enemies":"Book of Stabbing","floor":27,"turns":2},{"damage":87,"enemies":"Snecko","floor":28,"turns":3}],"seed_played":"6160629141638109818","potions_obtained":[{"floor":3,"key":"Swift Potion"},{"floor":6,"key":"ColorlessPotion"},{"floor":22,"key":"PowerPotion"},{"floor":23,"key":"Dexterity Potion"},{"floor":25,"key":"SpeedPotion"}],"is_trial":false,"path_per_floor":["M","T","M","$","?","E","M","R","T","E","M","M","E","M","R","B",null,"M","$","?","M","M","E","R","M","T","E","M"],"character_chosen":"DEFECT","items_purchased":["Defragment","testmod-Bloodthirsty"],"campfire_rested":0,"item_purchase_floors":[4,19],"current_hp_per_floor":[63,63,61,61,61,51,51,51,51,47,27,27,27,27,27,14,57,50,50,50,54,55,41,41,47,47,47,0,0],"gold":409,"neow_bonus":"","is_daily":false,"chose_seed":false,"campfire_upgraded":3,"win_rate":0.0,"timestamp":1607799107,"path_taken":["M","?","?","$","?","E","M","R","T","E","M","?","E","M","R","BOSS","M","$","?","M","M","E","R","M","T","E","M"],"items_purchased_type":["Card","Card"],"build_version":"2020-11-30","purchased_purges":1,"victory":false,"max_hp_per_floor":[71,71,71,71,71,71,71,71,71,71,71,71,71,71,71,71,71,81,81,81,81,81,81,81,81,81,81,81,81],"card_choices":[{"not_picked":["Steam","Genetic Algorithm"],"picked":"Stack","floor":1},{"not_picked":["aspiration:Polymerization","White Noise","Gash"],"picked":"Electrodynamics","floor":3},{"not_picked":["Beam Cell","Scrape","Go for the Eyes"],"picked":"Melter","floor":6},{"not_picked":["Barrage","Self Repair","Stack","Coolheaded"],"picked":"SKIP","floor":7},{"not_picked":["Barrage","Self Repair","Coolheaded"],"picked":"Stack","floor":7},{"not_picked":["Conserve Battery","Beam Cell","Steam"],"picked":"Echo Form","floor":10},{"not_picked":["Steam","Conserve Battery","Cold Snap"],"picked":"MostiFishMod:FourSeasons","floor":11},{"not_picked":["Beam Cell","Self Repair","Go for the Eyes"],"picked":"Static Discharge","floor":12},{"not_picked":["Conserve Battery","Steam","Consume"],"picked":"MostiFishMod:ReadyAimFire","floor":13},{"not_picked":["Glacier","Sweeping Beam","Coolheaded","Cold Snap"],"picked":"SKIP","floor":14},{"not_picked":["Core Surge","Machine Learning","MostiFishMod:ATRI"],"picked":"MostiFishMod:LinkProtocol","floor":16},{"not_picked":["Streamline","Redo","Beam Cell","Cold Snap"],"picked":"SKIP","floor":18},{"not_picked":["Beam Cell","Compile Driver","Redo"],"picked":"Reboot","floor":21},{"not_picked":["Leap","Compile Driver","Glacier","Go for the Eyes"],"picked":"SKIP","floor":22},{"not_picked":["Blizzard","Turbo","Sweeping Beam","Self Repair"],"picked":"SKIP","floor":23},{"not_picked":["Streamline","Melter","Conserve Battery"],"picked":"White Noise","floor":25},{"not_picked":["Beam Cell","Static Discharge","Sweeping Beam","MostiFishMod:DeathFromBelow"],"picked":"SKIP","floor":27}],"player_experience":479153,"relics_obtained":[{"floor":1,"key":"Question Card"},{"floor":2,"key":"testmod-TurbochargingSystem"},{"floor":6,"key":"Sundial"},{"floor":9,"key":"testmod-AssaultLearning"},{"floor":10,"key":"Whetstone"},{"floor":13,"key":"Gambling Chip"},{"floor":16,"key":"ImportantClient"},{"floor":23,"key":"CeramicFish"},{"floor":27,"key":"Dream Catcher"}],"event_choices":[{"damage_healed":0,"gold_gain":0,"player_choice":"Upgraded","damage_taken":0,"max_hp_gain":0,"max_hp_loss":0,"event_name":"Upgrade Shrine","floor":5,"gold_loss":0,"cards_upgraded":["Zap"]}],"is_beta":false,"boss_relics":[{"not_picked":["testmod-CardMagician","testmod-KeyOfTheVoid"],"picked":"MostiFishMod:Hod"}],"items_purged_floors":[19],"is_endless":false,"potions_floor_spawned":[3,6,12,22,23,25],"killed_by":"Snecko","ascension_level":20}}