{"host":"tmiksjdllv4oe9un","time":1607803327,"event":{"mods":["Act Like it!","BaseMod","BetterRewards","Card Forge","Googly Eyes","Hallownest","Minty Spire (QoL Compilation)","Quick Restart","StSLib"],"gold_per_floor":[111,122,122,52,52,52,71,96,122,141,173,293,293,307,307,307,307],"floor_reached":16,"playtime":390,"items_purged":[],"score":110,"play_id":"a7744368-5d5f-4b73-afea-3353a59cd8c3","local_time":"20201212150207","is_ascension_mode":false,"campfire_choices":[{"floor":6,"key":"REST"},{"floor":13,"key":"REST"},{"floor":15,"key":"REST"}],"circlet_count":0,"master_deck":["Strike_G","Strike_G","Strike_G","Strike_G","Strike_G","Defend_G","Defend_G","Defend_G","Defend_G","Defend_G","Survivor","Neutralize","Deadly Poison","Poisoned Stab","Phantasmal Killer","Poisoned Stab","Bouncing Flask","Poisoned Stab","Venomology"],"relics":["Ring of the Snake","Hammer of Thor","Seething Fire","Anvil of the Gods","NeowsBlessing","Oddly Smooth Stone","Dream Catcher","Hallownest:StagBellRelic1","Meat on the Bone","Ancient Tea Set","Boot","Sundial"],"acts_visited":["Hallownest:Greenpath"],"potions_floor_usage":[8,11,16,16],"damage_taken":[{"damage":0.0,"enemies":"2_ Uuma","floor":1.0,"turns":1.0},{"damage":0.0,"enemies":"Hallownest:monsterHuskGuard","floor":2.0,"turns":1.0},{"damage":0,"enemies":"Hallownest:monsterHuskWarrior","floor":7,"turns":1},{"damage":34,"enemies":"Hallownest:eliteCrystalGuardian","floor":8,"turns":6},{"damage":30,"enemies":"Hallownest:1_Baldur_1_Crawlid_1_Warrior","floor":10,"turns":7},{"damage":5,"enemies":"Hallownest:eliteVengeflyKing","floor":11,"turns":6},{"damage":10,"enemies":"Hallownest:1_Ooma_and_2_Uuma","floor":14,"turns":5},{"damage":82,"enemies":"Hallownest:BossHornet","floor":16,"turns":6}],"seed_played":"-8884908962372596396","potions_obtained":[{"floor":7,"key":"Swift Potion"},{"floor":8,"key":"SkillPotion"},{"floor":11,"key":"Block Potion"},{"floor":14,"key":"Weak Potion"}],"is_trial":false,"path_per_floor":["M","M","?","?","T","R","M","E","T","M","E","?","R","M","R","B"],"character_chosen":"THE_SILENT","items_purchased":[],"campfire_rested":3,"item_purchase_floors":[],"current_hp_per_floor":[70,70,52,52,52,70,70,36,36,18,25,25,46,36,57,0,0],"gold":307,"neow_bonus":"THREE_ENEMY_KILL","is_daily":false,"chose_seed":false,"campfire_upgraded":0,"win_rate":0.0,"timestamp":1607803327,"path_taken":["M","M","?","?","?","R","M","E","T","M","E","?","R","M","R","BOSS"],"items_purchased_type":[],"build_version":"2020-11-30","purchased_purges":0,"victory":false,"max_hp_per_floor":[70,70,70,70,70,70,70,70,70,70,70,70,70,70,70,70,70],"card_choices":[{"not_picked":["Underhanded Strike","Deflect","Deadly Poison"],"picked":"SKIP","floor":1.0},{"not_picked":["Terror","Blade Dance"],"picked":"Deadly Poison","floor":2},{"not_picked":["Flying Knee","Prepared"],"picked":"Poisoned Stab","floor":6},{"not_picked":["Backflip","Predator"],"picked":"Phantasmal Killer","floor":7},{"not_picked":["Prepared","PiercingWail","Riddle With Holes"],"picked":"SKIP","floor":8},{"not_picked":["Backflip","Choke"],"picked":"Poisoned Stab","floor":10},{"not_picked":["PiercingWail","Acrobatics"],"picked":"Bouncing Flask","floor":11},{"not_picked":["Acrobatics","Predator"],"picked":"Poisoned Stab","floor":13},{"not_picked":["Prepared","Outmaneuver","Flying Knee"],"picked":"SKIP","floor":14},{"not_picked":["Tactician","Outmaneuver"],"picked":"Venomology","floor":15}],"player_experience":4588,"relics_obtained":[{"floor":5,"key":"Meat on the Bone"},{"floor":8,"key":"Ancient Tea Set"},{"floor":9,"key":"Boot"},{"floor":11,"key":"Sundial"}],"event_choices":[],"is_beta":false,"boss_relics":[],"items_purged_floors":[],"is_endless":false,"potions_floor_spawned":[7,8,11,14],"killed_by":"Hallownest:BossHornet","ascension_level":0}}