{"host":"hemshb5b6cie9gjx","time":1607740978,"event":{"gold_per_floor":[118,38,48,48,59,59,85,85,85,103,33,65,0,10,10,112,112,130,149,149,160,172,203,223,223,246,279,279,362,362,376,376,477,477,492,502,502,516,161,195,195,208,208,208,235,264,288,320,332,344],"floor_reached":51,"playtime":1777,"items_purged":["Rupture"],"score":911,"play_id":"5f52e2b8-282d-47c7-8275-906453acff5a","local_time":"20201212134258","is_ascension_mode":false,"campfire_choices":[{"data":"Life Link","floor":6,"key":"SMITH"},{"floor":8,"key":"REST"},{"floor":15,"key":"DIG"},{"floor":25,"key":"REST"},{"floor":41,"key":"REST"},{"floor":44,"key":"REST"}],"neow_cost":"NONE","seed_source_timestamp":9336470512104,"circlet_count":0,"master_deck":["Strike_R","Strike_R","Strike_R","Strike_R","Strike_R","Defend_R","Defend_R","Defend_R","Defend_R","Bash","Offering","Clash","Life Link+1","Clash","Life Link","Clash","Enlightenment","Spot Weakness","Berserk","Carnage+1","Headbutt+1","infinitespire:Execution","Clothesline","Whirlwind","Dark Embrace+1","Clothesline+1","Dual Wield","ReplayTheSpireMod:Chaos Vortex","ReplayTheSpireMod:??????????????????????","True Grit","Double Tap","Spot Weakness","ReplayTheSpireMod:LeadingStrike","Replay:Many Hands","Writhe","Survivor","Berserk","Flash of Steel","infinitespire:UltimateForm","Replay:Undeath\u0027s Touch","Clash","Flash of Steel+1","Carnage","Demon Form","Massacre+1","Ghostly Armor+1","Wild Strike+1","Inflame+1"],"relics":["Burning Blood","InkBottle","Gambling Chip","ReplayTheSpireMod:Spearhead","Toy Ornithopter","Singing Bowl","Vajra","Honey Jar","Blood Vial","Red Skull","Gremlin Food","Brimstone","Bag of Marbles","ReplayTheSpireMod:SealedPack","Bag of Preparation","Replay:Ringing Soul","MawBank"],"potions_floor_usage":[12,18,19,33,46,46,50,50,50,50,50,50],"damage_taken":[{"damage":6,"enemies":"Cultist","floor":1,"turns":2},{"damage":27,"enemies":"infinitespire:Voidling","floor":3,"turns":4},{"damage":6,"enemies":"2 Louse","floor":5,"turns":2},{"damage":17,"enemies":"Lagavulin","floor":7,"turns":6},{"damage":6,"enemies":"Large Slime","floor":10,"turns":3},{"damage":6,"enemies":"Gremlin Nob","floor":12,"turns":2},{"damage":7,"enemies":"Exordium Wildlife","floor":14,"turns":2},{"damage":43,"enemies":"Hexaghost","floor":16,"turns":4},{"damage":18,"enemies":"Spheric Guardian","floor":18,"turns":4},{"damage":13,"enemies":"Shell Parasite","floor":19,"turns":2},{"damage":36,"enemies":"Centurion and Healer","floor":21,"turns":3},{"damage":16,"enemies":"Cultist and Chosen","floor":22,"turns":4},{"damage":20,"enemies":"Gremlin Leader","floor":23,"turns":4},{"damage":16,"enemies":"Sentry and Sphere","floor":24,"turns":3},{"damage":18,"enemies":"Book of Stabbing","floor":27,"turns":2},{"damage":0,"enemies":"Snecko","floor":31,"turns":1},{"damage":21,"enemies":"Collector","floor":33,"turns":5},{"damage":44,"enemies":"3 Darklings","floor":35,"turns":4},{"damage":33,"enemies":"3 Shapes","floor":36,"turns":4},{"damage":13,"enemies":"Maw","floor":38,"turns":4},{"damage":72,"enemies":"Reptomancer","floor":40,"turns":4},{"damage":21,"enemies":"Jaw Worm Horde","floor":42,"turns":2},{"damage":34,"enemies":"Giant Head","floor":45,"turns":5},{"damage":48,"enemies":"Writhing Mass","floor":46,"turns":3},{"damage":14,"enemies":"Sphere and 2 Shapes","floor":47,"turns":4},{"damage":6,"enemies":"Jaw Worm Horde","floor":48,"turns":2},{"damage":96,"enemies":"Time Eater","floor":50,"turns":7}],"seed_played":"-3935173039200931690","potions_obtained":[{"floor":7,"key":"Energy Potion"},{"floor":12,"key":"SteroidPotion"},{"floor":14,"key":"Block Potion"},{"floor":18,"key":"SkillPotion"},{"floor":27,"key":"BloodPotion"},{"floor":35,"key":"Elixir"},{"floor":38,"key":"Dexterity Potion"},{"floor":42,"key":"LiquidMemories"},{"floor":45,"key":"LifebloodPotion"},{"floor":48,"key":"FairyPotion"},{"floor":49,"key":"EntropicBrew"},{"floor":49,"key":"CultistPotion"}],"is_trial":false,"path_per_floor":["M","?","M","?","M","R","E","R","T","M","$","E","?","M","R_BF","B",null,"M","M","?","M","M","E","M","R","T","E","AVR","?","?","M","R_BF","B",null,"M","M","?","M","$","E","R","M","T","R","E","M","M","M","R_BF","B",null],"character_chosen":"IRONCLAD","items_purchased":["Life Link","Clash","Rupture","Flash of Steel","Carnage"],"campfire_rested":4,"item_purchase_floors":[11,39,39,39,39],"current_hp_per_floor":[80,80,59,59,59,59,48,72,72,72,72,77,83,82,82,45,86,79,79,79,51,43,29,21,48,48,38,38,6,6,14,14,27,98,60,37,100,95,95,31,61,48,48,78,55,28,24,29,29,39],"gold":356,"neow_bonus":"ONE_RANDOM_RARE_CARD","is_prod":false,"is_daily":false,"chose_seed":false,"campfire_upgraded":1,"win_rate":0,"timestamp":1607740978,"path_taken":["M","?","?","?","?","R","E","R","T","M","$","E","?","M","R_BF","BOSS","M","M","?","M","M","E","M","R","T","E","AVR","?","?","M","R_BF","BOSS","M","?","?","M","$","E","R","M","T","R","E","M","?","M","R_BF","BOSS"],"build_version":"2020-11-30","purchased_purges":1,"victory":true,"max_hp_per_floor":[80,80,80,80,80,80,80,80,80,80,80,80,86,86,86,86,86,86,88,88,90,92,92,92,92,92,92,92,96,96,96,96,98,98,98,100,100,102,102,102,102,102,102,102,105,108,110,113,113,113],"relic_stats":{"Blood Vial":24,"Singing Bowl":18,"counters":[27,92],"Gambling Chip":[62],"Bag of Preparation":[12],"MawBank":72,"obtain_stats":[{"Gremlin Food":27,"Singing Bowl":12,"Vajra":15,"ReplayTheSpireMod:SealedPack":34,"Bag of Preparation":40,"MawBank":45,"Burning Blood":0,"Blood Vial":23,"Replay:Ringing Soul":43,"ReplayTheSpireMod:Spearhead":7,"Brimstone":28,"Gambling Chip":4,"Honey Jar":17,"Bag of Marbles":29,"InkBottle":2,"Toy Ornithopter":9,"Red Skull":26},{"Gremlin Food":15,"Singing Bowl":6,"Vajra":7,"ReplayTheSpireMod:SealedPack":17,"Bag of Preparation":21,"MawBank":23,"Burning Blood":0,"Blood Vial":13,"Replay:Ringing Soul":22,"ReplayTheSpireMod:Spearhead":4,"Brimstone":15,"Gambling Chip":2,"Honey Jar":8,"Bag of Marbles":15,"InkBottle":1,"Toy Ornithopter":4,"Red Skull":14},{"Gremlin Food":47,"Singing Bowl":19,"Vajra":21,"ReplayTheSpireMod:SealedPack":53,"Bag of Preparation":69,"MawBank":76,"Burning Blood":0,"Blood Vial":42,"Replay:Ringing Soul":71,"ReplayTheSpireMod:Spearhead":14,"Brimstone":47,"Gambling Chip":6,"Honey Jar":25,"Bag of Marbles":47,"InkBottle":2,"Toy Ornithopter":14,"Red Skull":45}],"Burning Blood":162,"InkBottle":[39],"Toy Ornithopter":60},"card_choices":[{"not_picked":["Perfected Strike","Rupture","Run Through"],"picked":"SKIP","floor":1},{"not_picked":["Rage","ReplayReversal"],"picked":"Clash","floor":3},{"not_picked":["Feel No Pain","Thunderclap"],"picked":"Life Link","floor":5},{"not_picked":["Searing Blow","Armaments"],"picked":"Clash","floor":7},{"not_picked":["Sentinel","Searing Blow","Shockwave"],"picked":"SKIP","floor":10},{"not_picked":["True Grit","Dark Embrace"],"picked":"Clash","floor":12},{"not_picked":["Evolve","Infernal Blade"],"picked":"Spot Weakness","floor":14},{"not_picked":["Replay:Many Hands","Limit Break"],"picked":"Berserk","floor":16},{"not_picked":["Replay:Undeath\u0027s Touch","ReplayTheSpireMod:Strike From Hell","Power Through+1"],"picked":"Carnage+1","floor":18},{"not_picked":["Armaments","Body Slam+1","ReplayReversal","Headbutt"],"picked":"Singing Bowl","floor":19},{"not_picked":["Reckless Charge+1","Berserk","Clothesline","ReplayTheSpireMod:Stacked+1"],"picked":"Singing Bowl","floor":21},{"not_picked":["True Grit+1","Whirlwind","Clothesline","ReplayTheSpireMod:Limb From Limb"],"picked":"Singing Bowl","floor":22},{"not_picked":["Rage","Searing Blow","Dropkick"],"picked":"Dark Embrace+1","floor":23},{"not_picked":["Anger","ReplayReversal","Body Slam"],"picked":"Clothesline+1","floor":24},{"not_picked":["Flex+1","Hemokinesis+1","Barricade"],"picked":"Dual Wield","floor":27},{"not_picked":["Havoc","Cleave","Shrug It Off","True Grit"],"picked":"Singing Bowl","floor":29},{"not_picked":["Body Slam","Replay:Undeath\u0027s Touch","Clash","Massacre+1"],"picked":"Singing Bowl","floor":29},{"not_picked":["Thunderclap","Warcry+1","Sentinel"],"picked":"Spot Weakness","floor":31},{"not_picked":["Reaper","Exhume","Corruption","Replay:Many Hands"],"picked":"Singing Bowl","floor":33},{"not_picked":["Dualcast","Vigilance","Eruption"],"picked":"Survivor","floor":34},{"not_picked":["Exhume","Barricade","Brutality"],"picked":"Berserk","floor":34},{"not_picked":["Forethought","Discovery","Impatience"],"picked":"Flash of Steel","floor":34},{"not_picked":["infinitespire:Collect","infinitespire:TheBestDefense","infinitespire:SevenWalls"],"picked":"infinitespire:UltimateForm","floor":34},{"not_picked":["Wild Strike+1","Flex","Feel No Pain+1"],"picked":"Replay:Undeath\u0027s Touch","floor":35},{"not_picked":["Shockwave+1","Second Wind","Abandon+1","infinitespire:OneForAll+1"],"picked":"Singing Bowl","floor":36},{"not_picked":["ReplayTheSpireMod:Strike From Hell+1","Barricade","Armaments+1","True Grit"],"picked":"Singing Bowl","floor":38},{"not_picked":["ReplayTheSpireMod:Strike From Hell+1","Bloodletting","Searing Blow+1"],"picked":"Demon Form","floor":40},{"not_picked":["infinitespire:OneForAll","Heavy Blade","Disarm+1"],"picked":"Massacre+1","floor":42},{"not_picked":["Shrug It Off","Reckless Charge","Iron Wave"],"picked":"Ghostly Armor+1","floor":45},{"not_picked":["Burning Pact","True Grit+1","Anger"],"picked":"Wild Strike+1","floor":46},{"not_picked":["ReplayTheSpireMod:Muscle Training+1","ReplayTheSpireMod:Strike From Hell+1","Warcry","Cleave"],"picked":"Singing Bowl","floor":47},{"not_picked":["Reckless Charge","Metallicize","ReplayTheSpireMod:Strike From Hell"],"picked":"Inflame+1","floor":48}],"player_experience":447940,"relics_obtained":[{"floor":4,"key":"Gambling Chip"},{"floor":7,"key":"ReplayTheSpireMod:Spearhead"},{"floor":9,"key":"Toy Ornithopter"},{"floor":12,"key":"Singing Bowl"},{"floor":15,"key":"Vajra"},{"floor":23,"key":"Blood Vial"},{"floor":26,"key":"Red Skull"},{"floor":27,"key":"Gremlin Food"},{"floor":29,"key":"Bag of Marbles"},{"floor":40,"key":"Bag of Preparation"},{"floor":43,"key":"Replay:Ringing Soul"},{"floor":45,"key":"MawBank"}],"event_choices":[{"damage_healed":0,"gold_gain":0,"player_choice":"Paid Gold","damage_taken":0,"relics_obtained":["InkBottle"],"max_hp_gain":0,"max_hp_loss":0,"event_name":"WeMeetAgain","floor":2,"gold_loss":80},{"damage_healed":0,"gold_gain":0,"player_choice":"Relic","damage_taken":0,"max_hp_gain":0,"max_hp_loss":0,"event_name":"Wheel of Change","floor":4,"gold_loss":0},{"damage_healed":0,"gold_gain":0,"player_choice":"RENOUNCE","damage_taken":65,"max_hp_gain":0,"max_hp_loss":0,"event_name":"betterThird:BetterSerpent","floor":13,"gold_loss":65,"cards_obtained":["Enlightenment"]},{"cards_removed":["Life Link"],"damage_healed":0,"gold_gain":0,"player_choice":"Take \u0026 Give","damage_taken":0,"max_hp_gain":0,"max_hp_loss":0,"event_name":"betterNote:BetterNote","floor":20,"gold_loss":0,"cards_obtained":["infinitespire:Execution"]},{"damage_healed":0,"gold_gain":0,"player_choice":"1 cards matched","damage_taken":0,"max_hp_gain":0,"max_hp_loss":0,"event_name":"Match and Keep!","floor":30,"gold_loss":0,"cards_obtained":["Double Tap"]},{"damage_healed":63,"gold_gain":0,"player_choice":"Full Heal","damage_taken":0,"max_hp_gain":0,"max_hp_loss":0,"event_name":"Wheel of Change","floor":37,"gold_loss":0}],"is_beta":false,"boss_relics":[{"not_picked":["Ooze Armor","Kintsugi"],"picked":"Honey Jar"},{"not_picked":["Calling Bell","Black Blood"],"picked":"ReplayTheSpireMod:SealedPack"}],"items_purged_floors":[39],"is_endless":false,"potions_floor_spawned":[7,12,14,18,27,35,38,42,45,48],"ascension_level":0}}