{"host":"9v3x998ddbx8o276","time":1607753245,"event":{"mods":["AchievementEnabler","BaseMod","Colored Map","Highlight Path","Minty Spire (QoL Compilation)","Quick Restart","Rare Cards Sparkle"],"gold_per_floor":[119,119,119,134,146,146,18,47,47,47,47],"floor_reached":10,"playtime":186,"items_purged":[],"score":132,"play_id":"91a1dc0a-275d-44e9-939f-b5a79c4d143b","local_time":"20201212163725","is_ascension_mode":true,"campfire_choices":[{"data":"Dagger Spray","floor":6,"key":"SMITH"}],"circlet_count":0,"master_deck":["AscendersBane","Strike_G","Strike_G","Strike_G","Strike_G","Strike_G","Defend_G","Defend_G","Defend_G+1","Defend_G+1","Defend_G","Survivor","Neutralize","Flying Knee","Dagger Spray+1","Backstab","Leg Sweep","Dodge and Roll"],"relics":["Ring of the Snake","NeowsBlessing","War Paint","Anchor","Nunchaku","Letter Opener"],"acts_visited":["Exordium"],"potions_floor_usage":[8],"damage_taken":[{"damage":0,"enemies":"2 Louse","floor":1,"turns":1},{"damage":0,"enemies":"Small Slimes","floor":4,"turns":1},{"damage":0,"enemies":"Cultist","floor":5,"turns":1},{"damage":30,"enemies":"Lagavulin","floor":8,"turns":8},{"damage":12,"enemies":"3 Sentries","floor":10,"turns":4}],"seed_played":"6895281974252296829","potions_obtained":[{"floor":1,"key":"SkillPotion"},{"floor":8,"key":"BlessingOfTheForge"}],"is_trial":false,"path_per_floor":["M","?","?","M","M","R","$","E","T","E"],"character_chosen":"THE_SILENT","items_purchased":["Explosive Potion","Leg Sweep"],"campfire_rested":0,"item_purchase_floors":[7,7],"current_hp_per_floor":[59,41,41,41,41,41,41,11,11,0,0],"gold":47,"neow_bonus":"THREE_ENEMY_KILL","is_daily":false,"chose_seed":false,"campfire_upgraded":1,"win_rate":0.0,"timestamp":1607753245,"path_taken":["M","?","?","?","M","R","?","E","T","E"],"items_purchased_type":["Potion","Card"],"build_version":"2020-11-30","purchased_purges":0,"victory":false,"max_hp_per_floor":[66,66,66,66,66,66,66,66,66,66,66],"card_choices":[{"not_picked":["Terror","Expertise"],"picked":"Flying Knee","floor":1},{"not_picked":["Bane","Dodge and Roll"],"picked":"Dagger Spray","floor":4},{"not_picked":["Bane","Noxious Fumes"],"picked":"Backstab","floor":5},{"not_picked":["Bane","Leg Sweep"],"picked":"Dodge and Roll","floor":8}],"player_experience":2019992,"relics_obtained":[{"floor":8,"key":"Nunchaku"},{"floor":9,"key":"Letter Opener"}],"event_choices":[{"damage_healed":0,"gold_gain":0,"player_choice":"Success","damage_taken":18,"relics_obtained":["War Paint"],"max_hp_gain":0,"max_hp_loss":0,"event_name":"Scrap Ooze","floor":2,"gold_loss":0},{"damage_healed":0,"gold_gain":0,"player_choice":"Gave Potion","damage_taken":0,"relics_obtained":["Anchor"],"max_hp_gain":0,"max_hp_loss":0,"event_name":"WeMeetAgain","floor":3,"gold_loss":0}],"is_beta":false,"boss_relics":[],"items_purged_floors":[],"is_endless":false,"potions_floor_spawned":[1,8],"killed_by":"3 Sentries","ascension_level":20}}