{"host":"d57r1g6l9rdx1vko","time":1607747023,"event":{"mods":["AchievementEnabler","BaseMod","Colored Map","Colored Powertips","GifTheSpireLib","Minty Spire (QoL Compilation)","Replay The Spire","StSLib"],"gold_per_floor":[110,63,75,95,152,179,195,94,94,94,129,129,129,129,129,227,227,240,165,179,21,21,21,21],"floor_reached":23,"playtime":1055,"items_purged":["Defend_P"],"score":236,"play_id":"ce2ba6cd-6264-45f6-bf09-1841ba598a51","local_time":"20201212122343","is_ascension_mode":true,"campfire_choices":[{"floor":10.0,"key":"REST"},{"floor":13.0,"key":"REST"},{"floor":15.0,"key":"REST"}],"circlet_count":0,"master_deck":["Strike_P","Strike_P+1","Strike_P","Defend_P","Defend_P","Defend_P","Eruption","Vigilance","Halt","BowlingBash","FollowUp","Halt","Establishment+1","Replay:BluntJabs+1","Protect","Replay:BluntJabs","ClearTheMind","Meditate","Scrawl","FlurryOfBlows","Protect+1","DevaForm+1","Replay:BluntJabs+1"],"relics":["SacredBark","Frozen Egg 2","Regal Pillow","Whetstone","Matryoshka","Runic Pyramid"],"acts_visited":["Exordium","TheCity"],"potions_floor_usage":[],"damage_taken":[{"damage":3.0,"enemies":"Cultist","floor":1.0,"turns":4.0},{"damage":0.0,"enemies":"Small Slimes","floor":3.0,"turns":3.0},{"damage":0.0,"enemies":"2 Louse","floor":4.0,"turns":2.0},{"damage":32.0,"enemies":"Lagavulin","floor":6.0,"turns":10.0},{"damage":4.0,"enemies":"Looter","floor":7.0,"turns":4.0},{"damage":49.0,"enemies":"Gremlin Nob","floor":11.0,"turns":6.0},{"damage":71.0,"enemies":"The Guardian","floor":16.0,"turns":12.0},{"damage":12.0,"enemies":"Chosen","floor":18.0,"turns":6.0},{"damage":28.0,"enemies":"2 Thieves","floor":20.0,"turns":4.0},{"damage":39,"enemies":"Book of Stabbing","floor":23,"turns":3}],"seed_played":"534404753965781992","potions_obtained":[{"floor":1.0,"key":"BlessingOfTheForge"},{"floor":11.0,"key":"DistilledChaos"},{"floor":18.0,"key":"Strength Potion"}],"is_trial":false,"path_per_floor":["M","$","M","M","?","E","M","$","T","R","E","?","R","?","R","B",null,"M","$","M","$","?","E"],"character_chosen":"WATCHER","items_purchased":["BowlingBash","Replay:BluntJabs","ClearTheMind","DevaForm+1"],"campfire_rested":3,"item_purchase_floors":[2,8,8,21],"current_hp_per_floor":[69,69,69,69,51,19,15,15,15,51,2,2,38,38,72,1,72,60,60,32,32,32,0,0],"gold":21,"neow_bonus":"BOSS_RELIC","is_daily":false,"chose_seed":false,"campfire_upgraded":0,"win_rate":0.0,"timestamp":1607747023,"path_taken":["M","$","M","M","?","E","M","$","T","R","E","?","R","?","R","BOSS","M","$","M","$","?","E"],"items_purchased_type":["Card","Card","Card","Card"],"build_version":"2020-11-30","purchased_purges":1,"victory":false,"max_hp_per_floor":[72,72,72,72,72,72,72,72,72,72,72,72,72,72,72,72,72,72,72,72,72,72,72,72],"card_choices":[{"not_picked":["Pray","SashWhip"],"picked":"Halt","floor":1.0},{"not_picked":["SandsOfTime","ClearTheMind"],"picked":"FollowUp","floor":3.0},{"not_picked":["PathToVictory","Prostrate"],"picked":"Halt","floor":4.0},{"not_picked":["FlurryOfBlows","EmptyFist"],"picked":"Establishment+1","floor":5.0},{"not_picked":["EmptyFist","CrushJoints"],"picked":"Replay:BluntJabs","floor":5.0},{"not_picked":["CutThroughFate","InnerPeace","Consecrate"],"picked":"SKIP","floor":6.0},{"not_picked":["Replay:ManipulateFuture","EmptyBody"],"picked":"Protect","floor":7.0},{"not_picked":["MentalFortress+1","Evaluate"],"picked":"Meditate","floor":11.0},{"not_picked":["SpiritShield","DevaForm+1"],"picked":"Scrawl","floor":16.0},{"not_picked":["Evaluate","CutThroughFate"],"picked":"FlurryOfBlows","floor":18.0},{"not_picked":["JustLucky","DeceiveReality"],"picked":"Protect+1","floor":20.0}],"player_experience":56236,"relics_obtained":[{"floor":5.0,"key":"Frozen Egg 2"},{"floor":6.0,"key":"Regal Pillow"},{"floor":9.0,"key":"Whetstone"},{"floor":11.0,"key":"Matryoshka"}],"event_choices":[{"damage_healed":0.0,"max_hp_gain":0.0,"max_hp_loss":0.0,"gold_gain":0.0,"event_name":"Shining Light","player_choice":"Ignored","floor":12.0,"gold_loss":0.0,"damage_taken":0.0},{"damage_healed":0.0,"max_hp_gain":0.0,"max_hp_loss":0.0,"gold_gain":0.0,"event_name":"Duplicator","player_choice":"Copied","floor":22.0,"gold_loss":0.0,"damage_taken":0.0,"cards_obtained":["Replay:BluntJabs"]}],"is_beta":false,"boss_relics":[{"not_picked":["SlaversCollar","Velvet Choker"],"picked":"Runic Pyramid"}],"items_purged_floors":[19],"is_endless":false,"potions_floor_spawned":[1,11,18],"killed_by":"Book of Stabbing","ascension_level":4}}