{"host":"h9912w2erkgvaua8","time":1607752535,"event":{"mods":["AchievementEnabler","BaseMod","Colored Map","Minty Spire (QoL Compilation)","Quick Restart","StSLib","SuperFastMode","[IsaacMod]ÒÔÈö¼âËþ"],"gold_per_floor":[113,63,63,63,73,73,35,65,92,105,124,124,124],"floor_reached":12,"playtime":158,"items_purged":["Strike_R"],"score":175,"play_id":"6f83f03a-e097-4b25-981b-5fdcab2ab5b1","local_time":"20201212135535","is_ascension_mode":true,"campfire_choices":[{"data":"Second Wind","floor":6.0,"key":"SMITH"}],"circlet_count":0,"master_deck":["AscendersBane","Strike_R","Strike_R","Strike_R","Defend_R","Defend_R","Defend_R","Defend_R","Bash","Sword Boomerang","Second Wind+1","Battle Trance"],"relics":["Burning Blood","HushsDoor","SteamSale","NeowsBlessing","DeadEye","CeramicFish"],"acts_visited":["Exordium"],"potions_floor_usage":[],"damage_taken":[{"damage":0.0,"enemies":"Small Slimes","floor":1.0,"turns":1.0},{"damage":0.0,"enemies":"Jaw Worm","floor":5.0,"turns":1.0},{"damage":0.0,"enemies":"Gremlin Nob","floor":8.0,"turns":1.0},{"damage":0,"enemies":"Cultist","floor":10,"turns":3},{"damage":15,"enemies":"Lots of Slimes","floor":11,"turns":5},{"damage":0,"enemies":"Lagavulin","floor":12,"turns":1}],"seed_played":"-871280466433029264","potions_obtained":[{"floor":1.0,"key":"SteroidPotion"},{"floor":5.0,"key":"DuplicationPotion"}],"is_trial":false,"path_per_floor":["M","?","$","$","M","R","$","E","T","M","M","E"],"character_chosen":"IRONCLAD","items_purchased":[],"campfire_rested":0,"item_purchase_floors":[],"current_hp_per_floor":[74,74,74,74,75,75,75,75,75,75,66,66,66],"gold":124,"neow_bonus":"THREE_ENEMY_KILL","is_daily":false,"chose_seed":false,"campfire_upgraded":1,"win_rate":0.0,"timestamp":1607752535,"path_taken":["M","?","?","$","M","R","$","E","T","M","?","E"],"items_purchased_type":[],"build_version":"2020-11-30","purchased_purges":1,"victory":false,"max_hp_per_floor":[75,75,75,75,75,75,75,75,75,75,75,75,75],"card_choices":[{"not_picked":["Clothesline","Cleave"],"picked":"Sword Boomerang","floor":1.0},{"not_picked":["Pommel Strike","Pummel"],"picked":"Second Wind","floor":5.0},{"not_picked":["Thunderclap","Searing Blow"],"picked":"Battle Trance","floor":8.0},{"not_picked":["Rampage","Pommel Strike","Thunderclap"],"picked":"SKIP","floor":10},{"not_picked":["Warcry","Heavy Blade","Armaments"],"picked":"SKIP","floor":11}],"player_experience":317892,"relics_obtained":[{"floor":8.0,"key":"DeadEye"},{"floor":9.0,"key":"CeramicFish"}],"event_choices":[{"cards_removed":["Strike_R"],"damage_healed":0.0,"max_hp_gain":0.0,"max_hp_loss":0.0,"gold_gain":0.0,"event_name":"The Cleric","player_choice":"Card Removal","floor":2.0,"gold_loss":50.0,"damage_taken":0.0}],"is_beta":false,"boss_relics":[],"items_purged_floors":[7],"is_endless":false,"potions_floor_spawned":[1,5],"killed_by":"Lagavulin","ascension_level":14}}