{"host":"Ian","time":1607812880,"event":{"mods":["BaseMod","Bestiary","Block Reminder","Colored Map","Highlight Path","Key Reminder","Minty Spire (QoL Compilation)","Relic Stats"],"gold_per_floor":[113,113,126,138,24,24,44,44,70,83,110,10,41,63,63,138,138,138,98,98,98,20,20,20],"floor_reached":23,"playtime":1107,"items_purged":["Strike_R","Strike_R"],"score":382,"play_id":"ab9276fa-d38f-4ba2-b71f-2bdffae509e1","local_time":"20201212224120","is_ascension_mode":true,"campfire_choices":[{"data":"Combust","floor":6,"key":"SMITH"},{"data":"Dark Embrace","floor":8,"key":"SMITH"},{"floor":15,"key":"REST"}],"circlet_count":0,"master_deck":["AscendersBane","Strike_R","Strike_R","Strike_R","Defend_R","Defend_R","Defend_R","Defend_R","Bash","Havoc","Offering","Sentinel","Twin Strike","Anger","Combust+1","Dark Embrace+1","Ghostly Armor","Sever Soul","Feed","Rage","Clash","Reaper"],"relics":["Burning Blood","NeowsBlessing","Tiny Chest","Vajra","Pen Nib","Odd Mushroom","Ectoplasm","Kunai","Shuriken"],"acts_visited":["Exordium","TheCity"],"potions_floor_usage":[7,14,19,21],"damage_taken":[{"damage":0,"enemies":"Small Slimes","floor":1,"turns":1},{"damage":0,"enemies":"Cultist","floor":3,"turns":1},{"damage":0,"enemies":"Jaw Worm","floor":4,"turns":1},{"damage":16,"enemies":"Exordium Wildlife","floor":7,"turns":3},{"damage":25,"enemies":"Large Slime","floor":10,"turns":5},{"damage":29,"enemies":"Lagavulin","floor":13,"turns":6},{"damage":6,"enemies":"The Mushroom Lair","floor":14,"turns":2},{"damage":38,"enemies":"Slime Boss","floor":16,"turns":7},{"damage":9,"enemies":"Spheric Guardian","floor":18,"turns":3},{"damage":12,"enemies":"2 Thieves","floor":19,"turns":3},{"damage":17,"enemies":"Shelled Parasite and Fungi","floor":21,"turns":3},{"damage":66,"enemies":"Book of Stabbing","floor":23,"turns":5}],"seed_played":"6858097158270682608","potions_obtained":[{"floor":1,"key":"DuplicationPotion"},{"floor":13,"key":"SkillPotion"},{"floor":14,"key":"BlessingOfTheForge"},{"floor":19,"key":"Block Potion"}],"is_trial":false,"path_per_floor":["M","?","M","M","$","R","M","R","T","M","T","$","E","?","R","B",null,"M","M","T","M","?","E"],"character_chosen":"IRONCLAD","items_purchased":["Combust"],"campfire_rested":1,"item_purchase_floors":[5],"current_hp_per_floor":[74,74,75,75,75,75,65,65,65,46,46,46,23,23,45,13,60,57,54,54,46,46,0,0],"gold":20,"neow_bonus":"THREE_ENEMY_KILL","is_daily":false,"chose_seed":false,"campfire_upgraded":2,"win_rate":0.0,"timestamp":1607812880,"path_taken":["M","?","?","?","?","R","M","R","T","M","?","?","E","?","R","BOSS","M","M","?","M","?","E"],"items_purchased_type":["Card"],"build_version":"2020-12-07","purchased_purges":2,"victory":false,"max_hp_per_floor":[75,75,75,75,75,75,75,75,75,75,75,75,75,75,75,75,75,75,78,78,81,81,81,81],"relic_stats":{"counters":[12,40],"Shuriken":[2],"Tiny Chest":1,"Pen Nib":[5],"Ectoplasm":81,"Kunai":[5],"obtain_stats":[{"NeowsBlessing":0,"Shuriken":22,"Vajra":11,"Tiny Chest":9,"Pen Nib":13,"Ectoplasm":17,"Kunai":20,"Odd Mushroom":14,"Burning Blood":0},{"NeowsBlessing":0,"Shuriken":11,"Vajra":5,"Tiny Chest":4,"Pen Nib":6,"Ectoplasm":8,"Kunai":10,"Odd Mushroom":7,"Burning Blood":0},{"NeowsBlessing":0,"Shuriken":35,"Vajra":11,"Tiny Chest":6,"Pen Nib":17,"Ectoplasm":26,"Kunai":32,"Odd Mushroom":19,"Burning Blood":0}],"Burning Blood":55},"card_choices":[{"not_picked":["Clash","Heavy Blade"],"picked":"Havoc","floor":1},{"not_picked":["Iron Wave","Entrench"],"picked":"Twin Strike","floor":3},{"not_picked":["Twin Strike","Flame Barrier"],"picked":"Anger","floor":4},{"not_picked":["Clothesline","Seeing Red"],"picked":"Dark Embrace","floor":7},{"not_picked":["True Grit","Intimidate"],"picked":"Ghostly Armor","floor":10},{"not_picked":["Anger","Heavy Blade"],"picked":"Sever Soul","floor":13},{"not_picked":["Limit Break","Barricade"],"picked":"Feed","floor":16},{"not_picked":["True Grit","Cleave"],"picked":"Rage","floor":18},{"not_picked":["Twin Strike","Clothesline"],"picked":"Clash","floor":19},{"not_picked":["Twin Strike","Thunderclap+1"],"picked":"Reaper","floor":21}],"player_experience":2510794,"relics_obtained":[{"floor":9,"key":"Tiny Chest"},{"floor":11,"key":"Vajra"},{"floor":13,"key":"Pen Nib"},{"floor":14,"key":"Odd Mushroom"},{"floor":20,"key":"Kunai"}],"event_choices":[{"damage_healed":0,"gold_gain":0,"player_choice":"2 cards matched","damage_taken":0,"max_hp_gain":0,"max_hp_loss":0,"event_name":"Match and Keep!","floor":2,"gold_loss":0,"cards_obtained":["Offering","Sentinel"]},{"damage_healed":0,"gold_gain":0,"player_choice":"Fought Mushrooms","damage_taken":0,"max_hp_gain":0,"max_hp_loss":0,"event_name":"Mushrooms","floor":14,"gold_loss":0},{"damage_healed":0,"gold_gain":0,"player_choice":"Paid Gold","damage_taken":0,"relics_obtained":["Shuriken"],"max_hp_gain":0,"max_hp_loss":0,"event_name":"WeMeetAgain","floor":22,"gold_loss":78}],"is_beta":true,"boss_relics":[{"not_picked":["Runic Cube","Cursed Key"],"picked":"Ectoplasm"}],"items_purged_floors":[5,12],"is_endless":false,"potions_floor_spawned":[1,13,14,19],"killed_by":"Book of Stabbing","ascension_level":20}}