{"host":"ktoxvvst1mwxww91","time":1607770176,"event":{"mods":["BaseMod","Downfall","Hermit","Minty Spire (QoL Compilation)","StSLib","The Blackbeard","The Hierophant","The Mystic","The Necromancer"],"gold_per_floor":[110,110,125,125,90,90,115,131,131,131,151,151,164,174,174,278,278,297,297,297,315,315,347,347,388,388,388,413,413,448,472,472,584,584,613,670,689,689,689,719,726,726],"floor_reached":41,"playtime":1862,"items_purged":[],"score":679,"play_id":"f9d719ac-d77d-4fb4-9abf-60bede44384b","local_time":"20201212114936","is_ascension_mode":true,"campfire_choices":[{"data":"hermit:Maintenance","floor":6.0,"key":"SMITH"},{"data":"hermit:Scavenge","floor":10.0,"key":"SMITH"},{"data":"hermit:Defend_Hermit","floor":12.0,"key":"SMITH"},{"data":"hermit:Maintenance","floor":15.0,"key":"SMITH"},{"data":"hermit:Defend_Hermit","floor":24.0,"key":"SMITH"},{"floor":29.0,"key":"REST"},{"floor":32,"key":"REST"}],"circlet_count":0,"master_deck":["hermit:Strike_Hermit","hermit:Strike_Hermit","hermit:Strike_Hermit","hermit:Defend_Hermit+1","hermit:Defend_Hermit+1","hermit:Defend_Hermit","hermit:Defend_Hermit+1","hermit:Covet+1","hermit:Maintenance+1","hermit:Scavenge+1","hermit:HighCaliber+1","hermit:Quickdraw+1","hermit:Maintenance+1","hermit:BlackWind+1","hermit:HighCaliber+1","Necronomicurse","hermit:FlashPowder+1","hermit:CalledShot+1","hermit:Reprieve","hermit:Scavenge+1","hermit:ShadowCloak+1","hermit:FinalCanter+1","hermit:WideOpen+1"],"relics":["hermit:Momento","Molten Egg 2","Frozen Egg 2","Empty Cage","Necronomicon","Anchor","Juzu Bracelet","Pen Nib","Pantograph","Vajra","Turnip","Busted Crown","Torii"],"acts_visited":["Exordium","TheCity","TheBeyond"],"potions_floor_usage":[31,36,41,41],"damage_taken":[{"damage":4.0,"enemies":"Jaw Worm","floor":1.0,"turns":3.0},{"damage":1.0,"enemies":"2 Louse","floor":3.0,"turns":4.0},{"damage":2.0,"enemies":"Small Slimes","floor":7.0,"turns":5.0},{"damage":0.0,"enemies":"Looter","floor":8.0,"turns":3.0},{"damage":0.0,"enemies":"3 Louse","floor":11.0,"turns":2.0},{"damage":0.0,"enemies":"Blue Slaver","floor":13.0,"turns":2.0},{"damage":5.0,"enemies":"Lots of Slimes","floor":14.0,"turns":5.0},{"damage":5.0,"enemies":"Hexaghost","floor":16.0,"turns":10.0},{"damage":2.0,"enemies":"Chosen","floor":18.0,"turns":10.0},{"damage":0.0,"enemies":"Spheric Guardian","floor":21.0,"turns":5.0},{"damage":0.0,"enemies":"Slavers","floor":23.0,"turns":10.0},{"damage":2.0,"enemies":"Gremlin Leader","floor":25.0,"turns":9.0},{"damage":19.0,"enemies":"Snecko","floor":28.0,"turns":6.0},{"damage":13.0,"enemies":"Book of Stabbing","floor":30.0,"turns":7.0},{"damage":3,"enemies":"3 Cultists","floor":31,"turns":5},{"damage":14,"enemies":"Champ","floor":33,"turns":21},{"damage":23,"enemies":"3 Darklings","floor":35,"turns":10},{"damage":0,"enemies":"Mind Bloom Boss Battle","floor":36,"turns":8},{"damage":0,"enemies":"Orb Walker","floor":37,"turns":4},{"damage":1,"enemies":"4 Shapes","floor":40,"turns":11},{"damage":75,"enemies":"Reptomancer","floor":41,"turns":4}],"seed_played":"-8738631616670598095","potions_obtained":[{"floor":7.0,"key":"Explosive Potion"},{"floor":11.0,"key":"AttackPotion"},{"floor":13.0,"key":"GamblersBrew"},{"floor":14.0,"key":"LiquidBronze"},{"floor":21.0,"key":"DistilledChaos"},{"floor":25.0,"key":"Strength Potion"},{"floor":28.0,"key":"GamblersBrew"},{"floor":33,"key":"PowerPotion"},{"floor":35,"key":"ColorlessPotion"},{"floor":40,"key":"hermit:Tonic"}],"is_trial":false,"path_per_floor":["M","?","M","?","?","R","M","M","T","R","M","R","M","M","R","B",null,"M","?","?","M","?","E","R","E","T","T","M","R","E","M","R","B",null,"M","?","M","?","?","M","E"],"character_chosen":"HERMIT","items_purchased":[],"campfire_rested":2,"item_purchase_floors":[],"current_hp_per_floor":[64,49,48,36,54,54,52,52,52,52,52,52,52,47,47,42,67,65,49,49,49,42,42,42,40,40,40,29,51,38,35,57,61,72,53,75,75,75,75,75,0,0],"gold":726,"neow_bonus":"TRANSFORM_CARD","is_daily":false,"chose_seed":false,"campfire_upgraded":5,"win_rate":0.0,"timestamp":1607770176,"path_taken":["M","?","M","?","?","R","M","M","T","R","M","R","M","M","R","BOSS","M","?","?","M","?","E","R","E","T","?","M","R","E","M","R","BOSS","M","?","M","?","?","M","E"],"items_purchased_type":[],"build_version":"2020-11-30","purchased_purges":0,"victory":false,"max_hp_per_floor":[75,75,75,75,75,75,75,75,75,75,75,75,75,75,75,75,75,75,75,75,75,75,75,75,75,75,75,75,75,75,75,75,75,75,75,75,75,75,75,75,75,75],"card_choices":[{"not_picked":["hermit:SprayPray","hermit:Vantage"],"picked":"hermit:Scavenge","floor":1.0},{"not_picked":["hermit:Cheat","hermit:Glare"],"picked":"hermit:Grudge","floor":3.0},{"not_picked":["hermit:Snipe","hermit:Desperado+1"],"picked":"hermit:HighCaliber+1","floor":7.0},{"not_picked":["hermit:Roulette+1","hermit:SprayPray+1"],"picked":"hermit:Quickdraw+1","floor":8.0},{"not_picked":["hermit:Desperado+1","hermit:Vantage","hermit:PistolWhip+1"],"picked":"SKIP","floor":11.0},{"not_picked":["hermit:Vantage","hermit:Quickdraw+1"],"picked":"hermit:Maintenance","floor":13.0},{"not_picked":["hermit:HighCaliber+1","hermit:Cheat","hermit:DeadOrAlive+1"],"picked":"SKIP","floor":14.0},{"not_picked":["hermit:Purgatory+1","hermit:Reprieve"],"picked":"hermit:BlackWind+1","floor":16.0},{"not_picked":["hermit:GoldenBullet+1","hermit:Dive"],"picked":"hermit:HighCaliber+1","floor":18.0},{"not_picked":["hermit:GoldenBullet+1","hermit:TrackingShot+1"],"picked":"hermit:FlashPowder+1","floor":21.0},{"not_picked":["hermit:Gambit","hermit:Roulette+1"],"picked":"hermit:CalledShot+1","floor":23.0},{"not_picked":["hermit:Ricochet+1","hermit:Horror"],"picked":"hermit:Reprieve","floor":25.0},{"not_picked":["hermit:Quickdraw+1","hermit:Feint"],"picked":"hermit:Scavenge","floor":28.0},{"not_picked":["hermit:Spite+1","hermit:Coalescence+1","hermit:Quickdraw+1"],"picked":"SKIP","floor":30.0},{"not_picked":["hermit:Roulette+1","hermit:Malice+1"],"picked":"hermit:ShadowCloak+1","floor":31},{"not_picked":["hermit:Gambit","hermit:Dissolve"],"picked":"hermit:FinalCanter+1","floor":33},{"not_picked":["hermit:Coalescence+1"],"picked":"SKIP","floor":35},{"not_picked":["hermit:Misfire+1"],"picked":"SKIP","floor":37},{"not_picked":[],"picked":"hermit:WideOpen+1","floor":40}],"player_experience":1012852,"relics_obtained":[{"floor":9.0,"key":"Frozen Egg 2"},{"floor":19.0,"key":"Necronomicon"},{"floor":23.0,"key":"Juzu Bracelet"},{"floor":25.0,"key":"Pen Nib"},{"floor":26.0,"key":"Pantograph"},{"floor":27.0,"key":"Vajra"},{"floor":30.0,"key":"Turnip"},{"floor":36,"key":"Torii"}],"event_choices":[{"damage_healed":0.0,"max_hp_gain":0.0,"max_hp_loss":0.0,"gold_gain":0.0,"event_name":"Shining Light","player_choice":"Entered Light","floor":2.0,"gold_loss":0.0,"damage_taken":15.0,"cards_upgraded":["hermit:Covet","hermit:Defend_Hermit"]},{"damage_healed":0.0,"max_hp_gain":0.0,"max_hp_loss":0.0,"gold_gain":0.0,"event_name":"Scrap Ooze","player_choice":"Success","floor":4.0,"gold_loss":0.0,"damage_taken":12.0,"relics_obtained":["Molten Egg 2"]},{"damage_healed":18.0,"max_hp_gain":0.0,"max_hp_loss":0.0,"gold_gain":0.0,"event_name":"The Cleric","player_choice":"Healed","floor":5.0,"gold_loss":35.0,"damage_taken":0.0},{"damage_healed":0.0,"max_hp_gain":0.0,"max_hp_loss":0.0,"gold_gain":0.0,"event_name":"Cursed Tome","player_choice":"Obtained Book","floor":19.0,"gold_loss":0.0,"damage_taken":16.0},{"damage_healed":0.0,"max_hp_gain":0.0,"max_hp_loss":0.0,"gold_gain":0.0,"event_name":"blackbeard:ShipwreckEvent","player_choice":"Anchor","floor":22.0,"gold_loss":0.0,"damage_taken":0.0,"relics_obtained":["Anchor"]},{"damage_healed":0,"gold_gain":0,"player_choice":"Fight","damage_taken":0,"max_hp_gain":0,"max_hp_loss":0,"event_name":"MindBloom","floor":36,"gold_loss":0},{"damage_healed":0,"gold_gain":0,"player_choice":"Upgraded","damage_taken":0,"max_hp_gain":0,"max_hp_loss":0,"event_name":"Upgrade Shrine","floor":38,"gold_loss":0,"cards_upgraded":["hermit:Scavenge"]},{"damage_healed":0,"gold_gain":0,"player_choice":"Ignored","damage_taken":0,"max_hp_gain":0,"max_hp_loss":0,"event_name":"Tomb of Lord Red Mask","floor":39,"gold_loss":0}],"is_beta":false,"boss_relics":[{"not_picked":["hermit:ClaspedLocket","Philosopher\u0027s Stone"],"picked":"Empty Cage"},{"not_picked":["Sozu","Fusion Hammer"],"picked":"Busted Crown"}],"items_purged_floors":[],"is_endless":false,"potions_floor_spawned":[7,11,13,14,21,25,28,33,35,40],"killed_by":"Reptomancer","ascension_level":9}}