{"host":"2nw7vjz0sy04etg3","time":1607786440,"event":{"mods":["BaseMod","DeckTracker","Minty Spire (QoL Compilation)","Quick Restart"],"gold_per_floor":[109,125,140,156,25,59,72,84,166,166,166,177,189,199,199,278,278,289,289,305,305,205,205,205],"floor_reached":23,"playtime":852,"items_purged":["Strike_B","Defend_B"],"score":364,"play_id":"9f19a539-59ff-486c-a3b3-0037d0ba1ddd","local_time":"20201213002040","is_ascension_mode":true,"campfire_choices":[{"data":"Dualcast","floor":10.0,"key":"SMITH"},{"floor":15.0,"key":"REST"}],"circlet_count":0,"master_deck":["AscendersBane","Strike_B","Defend_B","Defend_B","Zap","Dualcast+1","Redo","Conserve Battery","Cold Snap","Ball Lightning","Go for the Eyes","Coolheaded","Echo Form","Streamline","Defragment","Recycle","Hologram","Sweeping Beam","Core Surge","Darkness","Electrodynamics","Consume"],"relics":["Cracked Core","Dream Catcher","Darkstone Periapt","Inserter"],"acts_visited":["Exordium","TheCity"],"potions_floor_usage":[23,23],"damage_taken":[{"damage":1.0,"enemies":"Cultist","floor":1.0,"turns":3.0},{"damage":0.0,"enemies":"2 Louse","floor":2.0,"turns":3.0},{"damage":1.0,"enemies":"Small Slimes","floor":3.0,"turns":4.0},{"damage":0.0,"enemies":"3 Louse","floor":4.0,"turns":4.0},{"damage":20.0,"enemies":"Lagavulin","floor":6.0,"turns":6.0},{"damage":1.0,"enemies":"Large Slime","floor":7.0,"turns":6.0},{"damage":11.0,"enemies":"Exordium Thugs","floor":8.0,"turns":4.0},{"damage":1.0,"enemies":"2 Fungi Beasts","floor":12.0,"turns":2.0},{"damage":3.0,"enemies":"Lots of Slimes","floor":13.0,"turns":4.0},{"damage":2.0,"enemies":"3 Louse","floor":14.0,"turns":4.0},{"damage":5.0,"enemies":"Slime Boss","floor":16.0,"turns":9.0},{"damage":17.0,"enemies":"Chosen","floor":18.0,"turns":4.0},{"damage":18.0,"enemies":"3 Byrds","floor":20.0,"turns":3.0},{"damage":24,"enemies":"Book of Stabbing","floor":23,"turns":4}],"seed_played":"2080461801165998578","potions_obtained":[{"floor":3.0,"key":"CultistPotion"},{"floor":4.0,"key":"Fruit Juice"},{"floor":6.0,"key":"BlessingOfTheForge"},{"floor":12.0,"key":"ColorlessPotion"},{"floor":16.0,"key":"AttackPotion"},{"floor":20.0,"key":"SpeedPotion"}],"is_trial":false,"path_per_floor":["M","M","M","M","$","E","M","M","T","R","?","M","M","M","R","B",null,"M","?","M","?","$","E"],"character_chosen":"DEFECT","items_purchased":["Coolheaded"],"campfire_rested":1,"item_purchase_floors":[5],"current_hp_per_floor":[63,63,62,67,67,47,46,35,35,35,24,23,20,18,40,35,66,49,49,31,31,31,7,7],"gold":205,"neow_bonus":"TRANSFORM_CARD","is_daily":false,"chose_seed":false,"campfire_upgraded":1,"win_rate":0.0,"timestamp":1607786440,"path_taken":["M","M","?","M","$","E","?","?","T","R","?","M","M","M","R","BOSS","M","?","M","?","$","E"],"items_purchased_type":["Card"],"build_version":"2020-11-30","purchased_purges":2,"victory":false,"max_hp_per_floor":[71,71,71,76,76,76,76,76,76,76,76,76,76,76,76,76,76,76,76,76,76,76,76,76],"card_choices":[{"not_picked":["BootSequence","Steam"],"picked":"Conserve Battery","floor":1.0},{"not_picked":["BootSequence","Rebound"],"picked":"Cold Snap","floor":2.0},{"not_picked":["Rebound","Beam Cell"],"picked":"Ball Lightning","floor":3.0},{"not_picked":["Redo","Chaos"],"picked":"Go for the Eyes","floor":4.0},{"not_picked":["Steam","Hyperbeam"],"picked":"Echo Form","floor":6.0},{"not_picked":["Leap","Go for the Eyes","Lockon"],"picked":"SKIP","floor":7.0},{"not_picked":["Blizzard","Steam"],"picked":"Streamline","floor":8.0},{"not_picked":["Self Repair","Sweeping Beam"],"picked":"Defragment","floor":12.0},{"not_picked":["Leap","Darkness"],"picked":"Recycle","floor":13.0},{"not_picked":["Barrage","Cold Snap"],"picked":"Hologram","floor":14.0},{"not_picked":["Ball Lightning","Go for the Eyes"],"picked":"Sweeping Beam","floor":15.0},{"not_picked":["Reboot","Multi-Cast"],"picked":"Core Surge","floor":16.0},{"not_picked":["Conserve Battery+1","Ball Lightning+1"],"picked":"Darkness","floor":18.0},{"not_picked":["Gash","Force Field","Redo"],"picked":"SKIP","floor":20.0}],"player_experience":231264,"relics_obtained":[{"floor":6.0,"key":"Dream Catcher"},{"floor":9.0,"key":"Darkstone Periapt"}],"event_choices":[{"damage_healed":0.0,"max_hp_gain":0.0,"max_hp_loss":0.0,"gold_gain":0.0,"event_name":"Wheel of Change","player_choice":"Damaged","floor":11.0,"gold_loss":0.0,"damage_taken":11.0},{"damage_healed":0.0,"max_hp_gain":0.0,"max_hp_loss":0.0,"gold_gain":0.0,"cards_transformed":["Strike_B","Defend_B"],"event_name":"Drug Dealer","player_choice":"Became Test Subject","floor":19.0,"gold_loss":0.0,"damage_taken":0.0,"cards_obtained":["Electrodynamics","Consume"]},{"damage_healed":0.0,"max_hp_gain":0.0,"max_hp_loss":0.0,"gold_gain":0.0,"event_name":"Ghosts","player_choice":"Ignored","floor":21.0,"gold_loss":0.0,"damage_taken":0.0}],"is_beta":false,"boss_relics":[{"not_picked":["Calling Bell","Nuclear Battery"],"picked":"Inserter"}],"items_purged_floors":[5,22],"is_endless":false,"potions_floor_spawned":[3,4,6,12,16,20],"killed_by":"Book of Stabbing","ascension_level":17}}