{"host":"g53g9qlo34vrqi92","time":1607753363,"event":{"mods":["Aspiration","Bard","BaseMod","Beaked The Cultist","BetterRewards","Colored Map","Conspire","Energized Spire","Fiend Mod","GifTheSpireLib","Googly Eyes","Gremlin Skip","Halation","Hermit","Hubris","Infinite Spire","Jedi Mod","Minty Spire (QoL Compilation)","Permanent Neow","Quick Restart","Relic Filter","Replay The Spire","Spikes Relics","StSLib","Stuff the Spire","Synergy Search","The Bladedancer","The Bug Knight","The Construct","The Cursed","The Factory","The Forsaken","The Jungle","The Necromancer","The Spell Scribe","The Trickster","Trackpad","slay the spire mod where everything is the same but ironclad has a cowboy hat","vexMod"],"gold_per_floor":[119,119,132,58,58,58,58,58,58,58,74,99,99,114,114,213,213,275,250,265,322,335,406,425,458,511,531,531,544,544,560,560,664,664,682,682,698,714,769,769,769,769,818,818,853,864,215,0,0,0],"floor_reached":51,"playtime":3880,"items_purged":["Magnetism"],"score":696,"play_id":"825b2458-b058-49db-a21a-f404ad66bb5b","local_time":"20201211220923","is_ascension_mode":false,"campfire_choices":[{"floor":6.0,"key":"REST"},{"data":"hermit:GoldenBullet","floor":8.0,"key":"SMITH"},{"data":"hermit:Showdown","floor":15.0,"key":"SMITH"},{"floor":28.0,"key":"REST"},{"floor":32.0,"key":"REST"},{"data":"ReplayUltimateDefense","floor":40.0,"key":"SMITH"},{"floor":42.0,"key":"REST"},{"data":"hermit:Dive","floor":44.0,"key":"SMITH"},{"data":"hermit:ShadowCloak","floor":49,"key":"SMITH"}],"circlet_count":0,"master_deck":["hermit:Strike_Hermit","hermit:Strike_Hermit","hermit:Strike_Hermit","hermit:Strike_Hermit","hermit:Defend_Hermit","hermit:Defend_Hermit","hermit:Defend_Hermit","hermit:Defend_Hermit","hermit:Snapshot","hermit:Covet","ReplayTheSpireMod:Private Reserves","hermit:Headshot","conspire:Banana","hermit:Feint","infinitespire:Pacifist","Metallicize","hermit:GoldenBullet+1","Looming Evil","hermit:Showdown+1","hermit:Roughhouse","bard:Greatness","Regret","Violence","CrushJoints","jedi:pocketpoison+1","Fiend:FiendSiphon+1","Seeing Red","Consecrate","beaked:StunningBlow","hermit:Dive+1","ReplayUltimateDefense+1","ReplayTheSpireMod:Private Reserves+1","blademaster:Havoc+1","hermit:ShadowCloak+1"],"relics":["hermit:Momento","trackpad:FieryHotPepper","jedi:heavyjacket","PrismaticShard","Ring of Misfortune","ReplayTheSpireMod:Ring of Challenge","Mirror","StuffTheSpire:EmeraldSignet","hubris:Backtick","PreservedInsect","Pantograph","aspiration:HiddenCompartment","ReplayFunnel","Nilry\u0027s Codex","Replay:Bronze Core","hubris:Icosahedron","hermit:CharredGlove","trackpad:SappingStone","trackpad:BottledShadow","beaked:ShinyBauble","Red Mask"],"acts_visited":["Exordium","TheCity","TheBeyond"],"potions_floor_usage":[],"damage_taken":[{"damage":3.0,"enemies":"2 Louse","floor":1.0,"turns":2.0},{"damage":0.0,"enemies":"Small Slimes","floor":3.0,"turns":3.0},{"damage":0.0,"enemies":"Cultist","floor":11.0,"turns":6.0},{"damage":1.0,"enemies":"3 Sentries","floor":12.0,"turns":8.0},{"damage":0.0,"enemies":"Blue Slaver","floor":14.0,"turns":2.0},{"damage":0.0,"enemies":"Fading Forest","floor":16.0,"turns":11.0},{"damage":0.0,"enemies":"Chosen","floor":18.0,"turns":3.0},{"damage":0.0,"enemies":"Spheric Guardian","floor":20.0,"turns":4.0},{"damage":25.0,"enemies":"Snecko","floor":21.0,"turns":4.0},{"damage":4.0,"enemies":"3 Cultists","floor":22.0,"turns":7.0},{"damage":18.0,"enemies":"Slavers","floor":23.0,"turns":5.0},{"damage":0.0,"enemies":"Centurion and Healer","floor":24.0,"turns":7.0},{"damage":4.0,"enemies":"Cultist and Chosen","floor":25.0,"turns":8.0},{"damage":9.0,"enemies":"Shelled Parasite and Fungi","floor":27.0,"turns":4.0},{"damage":3.0,"enemies":"Snake Plant","floor":29.0,"turns":4.0},{"damage":0.0,"enemies":"Snecko","floor":31.0,"turns":5.0},{"damage":55.0,"enemies":"Automaton","floor":33.0,"turns":15.0},{"damage":0.0,"enemies":"Orb Walker","floor":35.0,"turns":4.0},{"damage":0.0,"enemies":"3 Darklings","floor":37.0,"turns":8.0},{"damage":0.0,"enemies":"Transient","floor":38.0,"turns":5.0},{"damage":16.0,"enemies":"2 Orb Walkers","floor":39.0,"turns":7.0},{"damage":0,"enemies":"Maw","floor":45,"turns":11},{"damage":0,"enemies":"Spire Growth","floor":46,"turns":7},{"damage":13,"enemies":"Awakened One","floor":50,"turns":21}],"seed_played":"1076247266986130799","potions_obtained":[{"floor":11.0,"key":"Strength Potion"},{"floor":12.0,"key":"Adrenaline Potion"},{"floor":14.0,"key":"ColorlessPotion"},{"floor":20.0,"key":"Venom Potion"},{"floor":21.0,"key":"GamblersBrew"},{"floor":29.0,"key":"Reflective Coating"},{"floor":33.0,"key":"BlessingOfTheForge"},{"floor":35.0,"key":"SpeedPotion"},{"floor":38.0,"key":"SpeedPotion"}],"is_trial":false,"path_per_floor":["M","?","M","$","?","R","?","R","T","?","M","E","?","M","R","B",null,"M","?","M","M","M","E","M","M","T","M","R","M","?","M","R","B",null,"M","?","M","M","?","R","?","R","T","R","M","M","$","?","R","B",null],"character_chosen":"HERMIT","items_purchased":["trackpad:FieryHotPepper","ReplayTheSpireMod:Private Reserves","hermit:Headshot","jedi:heavyjacket","conspire:Banana","hermit:GoldenBullet","trackpad:BottledShadow","hermit:ShadowCloak","beaked:ShinyBauble"],"campfire_rested":4,"item_purchase_floors":[0,0,0,0,0,4,47,47,47],"current_hp_per_floor":[37,37,38,38,38,60,60,60,60,60,61,61,61,61,61,76,79,80,80,81,56,53,36,37,36,36,28,53,53,37,37,63,33,88,89,89,90,91,75,75,75,91,91,91,92,93,93,93,93,81],"gold":0,"neow_bonus":"","is_daily":false,"chose_seed":false,"campfire_upgraded":5,"win_rate":0.0,"timestamp":1607753363,"path_taken":["M","?","M","$","?","R","?","R","T","?","?","E","?","M","R","BOSS","M","?","M","M","M","E","M","M","T","M","R","M","?","M","R","BOSS","M","?","M","M","?","R","?","R","T","R","?","M","$","?","R","BOSS"],"items_purchased_type":["Relic","Card","Card","Relic","Card","Card","Relic","Card","Relic"],"build_version":"2020-11-30","purchased_purges":1,"victory":true,"max_hp_per_floor":[75,75,76,76,76,76,76,76,76,76,77,78,78,78,78,79,79,80,80,81,81,82,83,84,85,85,86,86,87,87,87,87,88,88,89,89,90,91,91,91,91,91,91,91,92,93,93,93,93,94],"card_choices":[{"not_picked":["hermit:NoHoldsBarred","hermit:Brawl"],"picked":"hermit:Feint","floor":1.0},{"not_picked":["Static Discharge","CutThroughFate"],"picked":"Metallicize","floor":3.0},{"not_picked":["Fiend:FiendMeatMagnet","theScribe:BlankScroll"],"picked":"bard:Greatness","floor":11.0},{"not_picked":["jedi:RedIncense","Dodge and Roll","LessonLearned"],"picked":"SKIP","floor":12.0},{"not_picked":["Blade Dance","HollowMod:TaintedHusks","theScribe:Clarity"],"picked":"SKIP","floor":14.0},{"not_picked":["jedi:studyfrost","HollowMod:SlysStrikes"],"picked":"Violence","floor":16.0},{"not_picked":["TheCursedMod:CircleOfWindfury","theScribe:Divination","blademaster:CombatPrep"],"picked":"SKIP","floor":18.0},{"not_picked":["theScribe:WeirdShield","construct:Tumble"],"picked":"CrushJoints","floor":20.0},{"not_picked":["Invigoration","TheCursedMod:Wield"],"picked":"jedi:pocketpoison+1","floor":21.0},{"not_picked":["SignatureMove+1","StuffTheSpire:GlassShard","Accuracy"],"picked":"SKIP","floor":22.0},{"not_picked":["SignatureMove+1","StuffTheSpire:GlassShard","Accuracy"],"picked":"SKIP","floor":22.0},{"not_picked":["jedi:studypoison","Negative_Energy_Mist+1"],"picked":"Fiend:FiendSiphon+1","floor":23.0},{"not_picked":["Burning Pact","theForsaken:SiphonStrike"],"picked":"Seeing Red","floor":24.0},{"not_picked":["Accuracy","theScribe:Overcharge"],"picked":"Consecrate","floor":25.0},{"not_picked":["beaked:Tweet","Fiend:FiendRage"],"picked":"beaked:StunningBlow","floor":27.0},{"not_picked":["beaked:RitualOfBody","bard:Gamble","HollowMod:DesolateDive"],"picked":"SKIP","floor":29.0},{"not_picked":["blademaster:EnchantedCuirass","HollowMod:HeavyBlow"],"picked":"hermit:Dive","floor":31.0},{"not_picked":["Thunder Strike","theTrickster:Gunblade"],"picked":"ReplayUltimateDefense","floor":33.0},{"not_picked":["Life_Tap","theTrickster:BetterSafe","HollowMod:ShadowDash+1"],"picked":"SKIP","floor":35.0},{"not_picked":["hermit:Ricochet+1","EmptyBody","blademaster:LightningCrash"],"picked":"SKIP","floor":37.0},{"not_picked":["hermit:HighCaliber","hermit:HoleUp+1"],"picked":"ReplayTheSpireMod:Private Reserves+1","floor":38.0},{"not_picked":["theScribe:ThrownScroll+1","theTrickster:SwiftAsTheWind","BowlingBash"],"picked":"SKIP","floor":45},{"not_picked":["beaked:Tradeoff+1","blademaster:Momentum+1"],"picked":"blademaster:Havoc+1","floor":46}],"player_experience":967724,"relics_obtained":[{"floor":5.0,"key":"Ring of Misfortune"},{"floor":5.0,"key":"ReplayTheSpireMod:Ring of Challenge"},{"floor":12.0,"key":"Mirror"},{"floor":23.0,"key":"Pantograph"},{"floor":25.0,"key":"aspiration:HiddenCompartment"},{"floor":26.0,"key":"ReplayFunnel"},{"floor":30.0,"key":"Nilry\u0027s Codex"},{"floor":39.0,"key":"hermit:CharredGlove"},{"floor":43.0,"key":"trackpad:SappingStone"}],"event_choices":[{"damage_healed":0.0,"max_hp_gain":0.0,"max_hp_loss":0.0,"gold_gain":0.0,"event_name":"conspire:LoneGhost","player_choice":"Disagree","floor":7.0,"gold_loss":0.0,"damage_taken":0.0},{"damage_healed":0.0,"max_hp_gain":0.0,"max_hp_loss":0.0,"gold_gain":0.0,"event_name":"Match and Keep!","player_choice":"2 cards matched","floor":10.0,"gold_loss":0.0,"damage_taken":0.0,"cards_obtained":["hermit:Showdown","hermit:Roughhouse"]},{"damage_healed":0.0,"max_hp_gain":0.0,"max_hp_loss":0.0,"gold_gain":0.0,"event_name":"Big Fish","player_choice":"Box","floor":13.0,"gold_loss":0.0,"damage_taken":0.0,"relics_obtained":["StuffTheSpire:EmeraldSignet"],"cards_obtained":["Regret"]},{"damage_healed":0.0,"max_hp_gain":0.0,"max_hp_loss":0.0,"gold_gain":0.0,"event_name":"Cursed Tome","player_choice":"Obtained Book","floor":30.0,"gold_loss":0.0,"damage_taken":16.0},{"damage_healed":0.0,"max_hp_gain":0.0,"max_hp_loss":0.0,"gold_gain":0.0,"event_name":"Mysterious Sphere","player_choice":"Fight","floor":39.0,"gold_loss":0.0,"damage_taken":0.0},{"damage_healed":0.0,"max_hp_gain":0.0,"max_hp_loss":0.0,"gold_gain":0.0,"event_name":"conspire:Investor","player_choice":"Leave","floor":41.0,"gold_loss":0.0,"damage_taken":0.0},{"damage_healed":0,"gold_gain":0,"player_choice":"Paid","damage_taken":0,"relics_obtained":["Red Mask"],"max_hp_gain":0,"max_hp_loss":0,"event_name":"Tomb of Lord Red Mask","floor":48,"gold_loss":215}],"is_beta":false,"boss_relics":[{"not_picked":["hubris:CrackedHourglass","Busted Crown"],"picked":"hubris:Backtick"},{"not_picked":["Abe\u0027s Treasure","conspire:SpecialSausage"],"picked":"Replay:Bronze Core"}],"items_purged_floors":[47],"is_endless":false,"potions_floor_spawned":[11,12,14,20,21,22,29,33,35,38,39,46],"ascension_level":0}}