{"host":"plbsiuh3vwan8ocg","time":1607764531,"event":{"mods":["AchievementEnabler","BaseMod","Minty Spire (QoL Compilation)","Quick Restart","StSLib"],"gold_per_floor":[115,290,290,290,302,302,330,330,356,376,402,402,428,439,439,514,514,498,448,467,9,21,21,51,51,51,67,13,13,13,39,39,110,110,128,128,138,4,23,53,73,73,152,152,172,21,21,35,35,35],"floor_reached":51,"playtime":4100,"items_purged":[],"score":1193,"play_id":"84ab8c25-56de-4ae2-96aa-7a3881b93d48","local_time":"20201212041531","is_ascension_mode":true,"campfire_choices":[{"data":"Coolheaded","floor":6.0,"key":"SMITH"},{"floor":8.0,"key":"REST"},{"floor":15.0,"key":"REST"},{"floor":23.0,"key":"REST"},{"floor":25,"key":"REST"},{"floor":29,"key":"REST"},{"data":"Echo Form","floor":32,"key":"SMITH"},{"data":"Transmutation","floor":44,"key":"SMITH"},{"data":"Seek","floor":47,"key":"SMITH"},{"data":"Purity","floor":49,"key":"SMITH"}],"circlet_count":0,"master_deck":["AscendersBane","Strike_B+1","Strike_B+1","Strike_B","Strike_B+1","Defend_B","Defend_B","Defend_B","Defend_B","Zap+1","Dualcast","Sweeping Beam+1","Coolheaded+1","Stack+1","FTL","Conserve Battery","Core Surge","Self Repair","Machine Learning","Steam+1","Rip and Tear","Force Field","Heatsinks+1","Leap","Turbo","Echo Form+1","Hologram","Shame","BootSequence","Seek+1","Beam Cell","White Noise","Conserve Battery","Ball Lightning","Ball Lightning","Consume+1","Deep Breath","Transmutation+1","Purity+1","Sweeping Beam+1","Purity+1","Loop","Loop","Storm","Hello World","Beam Cell+1"],"relics":["Cracked Core","Turnip","Whetstone","War Paint","Bottled Lightning","Oddly Smooth Stone","The Courier","SlaversCollar","Membership Card","Cables","Dead Branch","Symbiotic Virus","Anchor","Blue Candle","Mercury Hourglass","HornCleat","Runic Pyramid","Emotion Chip","Lantern","Toxic Egg 2"],"acts_visited":["Exordium","TheCity","TheBeyond"],"potions_floor_usage":[33,50,50],"damage_taken":[{"damage":0.0,"enemies":"Small Slimes","floor":1.0,"turns":2.0},{"damage":1.0,"enemies":"Cultist","floor":5.0,"turns":3.0},{"damage":16.0,"enemies":"3 Sentries","floor":7.0,"turns":7.0},{"damage":4.0,"enemies":"2 Louse","floor":10.0,"turns":2.0},{"damage":16.0,"enemies":"Lagavulin","floor":11.0,"turns":5.0},{"damage":7.0,"enemies":"3 Sentries","floor":13.0,"turns":6.0},{"damage":4.0,"enemies":"Large Slime","floor":14.0,"turns":3.0},{"damage":23.0,"enemies":"Slime Boss","floor":16.0,"turns":8.0},{"damage":15.0,"enemies":"2 Thieves","floor":18.0,"turns":4.0},{"damage":22.0,"enemies":"3 Byrds","floor":20.0,"turns":6.0},{"damage":24.0,"enemies":"Snake Plant","floor":22.0,"turns":5.0},{"damage":31,"enemies":"Book of Stabbing","floor":24,"turns":6},{"damage":15,"enemies":"Centurion and Healer","floor":27,"turns":5},{"damage":1,"enemies":"Gremlin Leader","floor":31,"turns":6},{"damage":5,"enemies":"Automaton","floor":33,"turns":9},{"damage":0,"enemies":"3 Shapes","floor":35,"turns":2},{"damage":0,"enemies":"Orb Walker","floor":37,"turns":4},{"damage":2,"enemies":"Maw","floor":39,"turns":8},{"damage":4,"enemies":"Reptomancer","floor":40,"turns":5},{"damage":8,"enemies":"Writhing Mass","floor":41,"turns":6},{"damage":0,"enemies":"4 Shapes","floor":45,"turns":4},{"damage":0,"enemies":"Maw","floor":48,"turns":5},{"damage":63,"enemies":"Time Eater","floor":50,"turns":11}],"seed_played":"-8270270576017496722","potions_obtained":[{"floor":10.0,"key":"AttackPotion"},{"floor":13.0,"key":"AttackPotion"},{"floor":20.0,"key":"Explosive Potion"},{"floor":31,"key":"PowerPotion"},{"floor":33,"key":"Block Potion"},{"floor":35,"key":"Swift Potion"},{"floor":37,"key":"SteroidPotion"}],"is_trial":false,"path_per_floor":["M","?","?","?","M","R","E","R","T","M","E","?","E","M","R","B",null,"M","?","M","$","M","R","E","R","T","M","$","R","?","E","R","B",null,"M","?","M","$","M","E","M","?","T","R","M","$","R","M","R","B",null],"character_chosen":"DEFECT","items_purchased":["Membership Card","Cables","Dead Branch","Symbiotic Virus","Force Field","Echo Form","Hologram","Emotion Chip","Conserve Battery","Purity+1","Loop","Loop","Storm","Hello World"],"campfire_rested":5,"item_purchase_floors":[21,21,21,21,21,28,28,38,38,46,46,46,46,46],"current_hp_per_floor":[68,68,53,53,52,52,36,58,58,54,38,38,31,27,49,26,63,55,55,40,40,23,45,21,43,43,35,35,57,57,70,70,72,74,74,74,75,75,75,75,75,65,65,65,65,65,65,65,65,2],"gold":35,"neow_bonus":"ONE_RARE_RELIC","is_daily":false,"chose_seed":false,"campfire_upgraded":5,"win_rate":0.0,"timestamp":1607764531,"path_taken":["M","?","?","?","?","R","E","R","T","M","E","?","E","M","R","BOSS","M","?","M","$","M","R","E","R","T","?","$","R","?","E","R","BOSS","M","?","M","$","M","E","M","?","T","R","M","?","R","M","R","BOSS"],"items_purchased_type":["Relic","Relic","Relic","Relic","Card","Card","Card","Relic","Card","Card","Card","Card","Card","Card"],"build_version":"2020-11-30","purchased_purges":0,"victory":true,"max_hp_per_floor":[75,75,75,75,75,75,75,75,75,75,75,75,75,75,75,75,75,75,75,75,75,75,75,75,75,75,75,75,75,75,75,75,75,75,75,75,75,75,75,75,75,75,75,75,75,75,75,75,75,75],"card_choices":[{"not_picked":["Beam Cell","Reinforced Body"],"picked":"Sweeping Beam","floor":1.0},{"not_picked":["Turbo","Streamline"],"picked":"Coolheaded","floor":5.0},{"not_picked":["Barrage","Compile Driver"],"picked":"Stack","floor":7.0},{"not_picked":["Cold Snap","Melter"],"picked":"FTL","floor":10.0},{"not_picked":["Go for the Eyes","Redo"],"picked":"Conserve Battery","floor":11.0},{"not_picked":["Doom and Gloom","Stack"],"picked":"Core Surge","floor":13.0},{"not_picked":["Compile Driver","Double Energy"],"picked":"Self Repair","floor":14.0},{"not_picked":["Seek","Hyperbeam"],"picked":"Machine Learning","floor":16.0},{"not_picked":["Conserve Battery","Stack"],"picked":"Steam+1","floor":18.0},{"not_picked":["Sweeping Beam","Rebound"],"picked":"Rip and Tear","floor":20.0},{"not_picked":["Gash","Beam Cell"],"picked":"Heatsinks+1","floor":22.0},{"not_picked":["Biased Cognition","Rip and Tear"],"picked":"Leap","floor":24},{"not_picked":["Coolheaded+1","Leap"],"picked":"Turbo","floor":27},{"not_picked":["Melter","Stack"],"picked":"BootSequence","floor":31},{"not_picked":["All For One","Rainbow"],"picked":"Seek","floor":33},{"not_picked":["Sunder","Auto Shields"],"picked":"Beam Cell","floor":35},{"not_picked":["Conserve Battery","Melter+1"],"picked":"White Noise","floor":37},{"not_picked":["Melter","Barrage"],"picked":"Ball Lightning","floor":39},{"not_picked":["Redo","Stack"],"picked":"Ball Lightning","floor":40},{"not_picked":["Skim+1","Doom and Gloom+1"],"picked":"Consume+1","floor":41},{"not_picked":["Flash of Steel","Chrysalis"],"picked":"Deep Breath","floor":42},{"not_picked":["Impatience","PanicButton"],"picked":"Transmutation","floor":42},{"not_picked":["Transmutation","Panacea"],"picked":"Purity","floor":42},{"not_picked":["Auto Shields+1","Stack+1"],"picked":"Sweeping Beam+1","floor":45},{"not_picked":["Sunder","Ball Lightning"],"picked":"Beam Cell+1","floor":48}],"player_experience":381942,"relics_obtained":[{"floor":7.0,"key":"Whetstone"},{"floor":9.0,"key":"War Paint"},{"floor":11.0,"key":"Bottled Lightning"},{"floor":13.0,"key":"The Courier"},{"floor":24,"key":"Anchor"},{"floor":26,"key":"Blue Candle"},{"floor":31,"key":"HornCleat"},{"floor":40,"key":"Lantern"},{"floor":43,"key":"Toxic Egg 2"}],"event_choices":[{"damage_healed":0.0,"max_hp_gain":0.0,"max_hp_loss":0.0,"gold_gain":175.0,"event_name":"Liars Game","player_choice":"AGREE","floor":2.0,"gold_loss":0.0,"damage_taken":0.0,"cards_obtained":["Doubt"]},{"damage_healed":0.0,"max_hp_gain":0.0,"max_hp_loss":0.0,"gold_gain":0.0,"event_name":"Shining Light","player_choice":"Entered Light","floor":3.0,"gold_loss":0.0,"damage_taken":15.0,"cards_upgraded":["Sweeping Beam","Strike_B"]},{"cards_removed":["Doubt","Injury"],"damage_healed":0.0,"max_hp_gain":0.0,"max_hp_loss":0.0,"gold_gain":0.0,"event_name":"Fountain of Cleansing","player_choice":"Removed Curses","floor":4.0,"gold_loss":0.0,"damage_taken":0.0},{"damage_healed":0.0,"max_hp_gain":0.0,"max_hp_loss":0.0,"gold_gain":0.0,"event_name":"Dead Adventurer","player_choice":"Searched \u00272\u0027 times","floor":12.0,"gold_loss":0.0,"damage_taken":0.0,"relics_obtained":["Oddly Smooth Stone"]},{"damage_healed":0.0,"max_hp_gain":0.0,"max_hp_loss":0.0,"gold_gain":0.0,"event_name":"The Joust","player_choice":"Bet on Murderer","floor":19.0,"gold_loss":50.0,"damage_taken":0.0},{"damage_healed":0,"gold_gain":0,"player_choice":"Stole Relic","damage_taken":0,"relics_obtained":["Mercury Hourglass"],"max_hp_gain":0,"max_hp_loss":0,"event_name":"Addict","floor":30,"gold_loss":0,"cards_obtained":["Shame"]},{"damage_healed":0,"gold_gain":0,"player_choice":"Ignored","damage_taken":0,"max_hp_gain":0,"max_hp_loss":0,"event_name":"Mysterious Sphere","floor":36,"gold_loss":0},{"damage_healed":0,"gold_gain":0,"player_choice":"Memory 3","damage_taken":10,"max_hp_gain":0,"max_hp_loss":0,"event_name":"SensoryStone","floor":42,"gold_loss":0}],"is_beta":false,"boss_relics":[{"not_picked":["Sozu","SacredBark"],"picked":"SlaversCollar"},{"not_picked":["Snecko Eye","Coffee Dripper"],"picked":"Runic Pyramid"}],"items_purged_floors":[],"is_endless":false,"potions_floor_spawned":[10,13,20,31,33,35,37,41],"ascension_level":13}}