{"host":"g53g9qlo34vrqi92","time":1607749222,"event":{"mods":["Aspiration","Bard","BaseMod","Beaked The Cultist","BetterRewards","Colored Map","Conspire","Energized Spire","Fiend Mod","GifTheSpireLib","Googly Eyes","Gremlin Skip","Halation","Hermit","Hubris","Infinite Spire","Jedi Mod","Minty Spire (QoL Compilation)","Permanent Neow","Quick Restart","Relic Filter","Replay The Spire","Spikes Relics","StSLib","Stuff the Spire","Synergy Search","The Bladedancer","The Bug Knight","The Construct","The Cursed","The Factory","The Forsaken","The Jungle","The Necromancer","The Spell Scribe","The Trickster","Trackpad","slay the spire mod where everything is the same but ironclad has a cowboy hat","vexMod"],"gold_per_floor":[118,138,149,169,95,95,115,142,210,210,230,230,488,502,502,626,626,646,180,198,99,114,114,114,132,158,158,178,198,219,219,219,358,358,399,444,492,547,598,598,652,652,652,652,652,652,652,715,0,0],"floor_reached":51,"playtime":4429,"items_purged":[],"score":2207,"play_id":"5eaab414-f8de-45f5-a8cc-ba58385d1454","local_time":"20201211210022","is_ascension_mode":false,"campfire_choices":[{"floor":6.0,"key":"REST"},{"floor":10.0,"key":"REST"},{"floor":15.0,"key":"REST"},{"floor":23,"key":"REST"},{"data":"StuffTheSpire:Harmony","floor":32,"key":"SMITH"},{"data":"blademaster:EyeOfTheTornado","floor":40,"key":"SMITH"},{"data":"blademaster:Empower","floor":46,"key":"SMITH"}],"circlet_count":0,"master_deck":["blademaster:Strike","blademaster:Strike","blademaster:Strike","blademaster:Strike","blademaster:Defend","blademaster:Defend","blademaster:Defend","blademaster:Defend","blademaster:RagingBlow","blademaster:HighVoltage","blademaster:ParryingStrike","blademaster:Slice","blademaster:BladeMastery+1","blademaster:DeadlyDance","blademaster:Stability","blademaster:FlockOfBlades","blademaster:Sharpen","blademaster:Meditate","blademaster:ThunderingOpener","blademaster:Frontflip","blademaster:EyeOfTheTornado+1","Injury","blademaster:ThunderSlash","blademaster:Empower+1","blademaster:FuriousStrike+1","blademaster:Meditate","blademaster:Sharpen+1","blademaster:ThunderSlash","StuffTheSpire:Harmony+1","blademaster:ParryingStrike","blademaster:AwakeningStrike","blademaster:Discharge","blademaster:AwakeningDefend","blademaster:ChargingUp+1","blademaster:Empower+1","blademaster:SharpBlades+1","blademaster:FuriousStrike+1","blademaster:Meditate+1","blademaster:Overcharge","blademaster:Empower+1","blademaster:Vortex"],"relics":["blademaster:DancersAmulet","trackpad:BottledShadow","HollowMod:PaleOreRelic","Incense Burner","infinitespire:EmpoweringShard","Golden Idol","hubris:VirtuousBlindfold","Oddly Smooth Stone","ReplayTheSpireMod:Lightbulb","War Paint","infinitespire:EvilPickle","hubris:RunicObelisk","Toy Ornithopter","aspiration:KaomsHeart"],"acts_visited":["Exordium","TheCity","TheBeyond"],"potions_floor_usage":[20,29,33,50,50],"damage_taken":[{"damage":6.0,"enemies":"2 Louse","floor":1.0,"turns":5.0},{"damage":4.0,"enemies":"Small Slimes","floor":2.0,"turns":3.0},{"damage":5.0,"enemies":"Jaw Worm","floor":3.0,"turns":3.0},{"damage":0.0,"enemies":"3 Louse","floor":4.0,"turns":3.0},{"damage":0.0,"enemies":"Looter","floor":7.0,"turns":2.0},{"damage":24.0,"enemies":"Gremlin Nob","floor":8.0,"turns":4.0},{"damage":8.0,"enemies":"Large Slime","floor":11.0,"turns":8.0},{"damage":5.0,"enemies":"Gremlin Gang","floor":14.0,"turns":8.0},{"damage":28.0,"enemies":"The Guardian","floor":16.0,"turns":13.0},{"damage":12.0,"enemies":"Shell Parasite","floor":18.0,"turns":4.0},{"damage":21,"enemies":"2 Thieves","floor":20,"turns":4},{"damage":0,"enemies":"Snake Plant","floor":22,"turns":2},{"damage":15,"enemies":"Centurion and Healer","floor":25,"turns":6},{"damage":6,"enemies":"Sentry and Sphere","floor":28,"turns":6},{"damage":2,"enemies":"Snake Plant","floor":29,"turns":4},{"damage":17,"enemies":"Shelled Parasite and Fungi","floor":30,"turns":6},{"damage":21,"enemies":"Pondfish","floor":33,"turns":10},{"damage":2,"enemies":"3 Shapes","floor":35,"turns":4},{"damage":1,"enemies":"Orb Walker","floor":36,"turns":4},{"damage":21,"enemies":"Jaw Worm Horde","floor":37,"turns":5},{"damage":2,"enemies":"4 Shapes","floor":38,"turns":4},{"damage":20,"enemies":"Maw","floor":39,"turns":7},{"damage":6,"enemies":"Jaw Worm Horde","floor":41,"turns":5},{"damage":3,"enemies":"3 Darklings","floor":48,"turns":3},{"damage":108,"enemies":"Awakened One","floor":50,"turns":10}],"seed_played":"-8811778144270661756","potions_obtained":[{"floor":1.0,"key":"Adrenaline Potion"},{"floor":2.0,"key":"Languid Potion"},{"floor":4.0,"key":"Adrenaline Potion"},{"floor":14.0,"key":"Strength Potion"},{"floor":16.0,"key":"SkillPotion"},{"floor":22,"key":"Swift Potion"},{"floor":30,"key":"Block Potion"},{"floor":35,"key":"Regen Potion"}],"is_trial":false,"path_per_floor":["M","M","M","M","$","R","M","E","T","R","M","?","?","M","R","B",null,"M","$","M","?","M","R","?","M","T","?","M","M","M","?","R","B",null,"M","M","M","M","M","R","M","$","T","?","?","R","?","M","R_BF","B",null],"character_chosen":"THE_BLADEMASTER","items_purchased":["blademaster:ParryingStrike","blademaster:Slice","trackpad:BottledShadow","HollowMod:PaleOreRelic","blademaster:BladeMastery","blademaster:Meditate","Oddly Smooth Stone","ReplayTheSpireMod:Lightbulb","blademaster:Meditate","blademaster:Sharpen+1"],"campfire_rested":4,"item_purchase_floors":[0,0,0,0,0,5,19,19,19,19],"current_hp_per_floor":[43,39,34,34,34,56,56,35,35,57,58,58,28,32,54,35,75,63,63,42,42,44,66,66,60,60,60,69,75,65,65,65,75,75,75,75,75,75,65,65,75,75,75,75,75,75,75,75,175,126],"gold":0,"neow_bonus":"","is_daily":false,"chose_seed":false,"campfire_upgraded":3,"win_rate":0.0,"timestamp":1607749222,"path_taken":["M","M","M","M","$","R","M","E","T","R","M","?","?","M","R","BOSS","M","$","M","?","M","R","?","M","T","?","M","?","M","?","R","BOSS","M","M","?","M","M","R","M","$","T","?","?","R","?","?","R_BF","BOSS"],"items_purchased_type":["Card","Card","Relic","Relic","Card","Card","Relic","Relic","Card","Card"],"build_version":"2020-11-30","purchased_purges":0,"victory":true,"max_hp_per_floor":[75,75,75,75,75,75,75,75,75,75,75,75,75,75,75,75,75,75,75,75,75,75,75,75,75,75,75,75,75,75,75,75,75,75,75,75,75,75,75,75,75,75,75,75,75,75,75,75,175,175],"card_choices":[{"not_picked":["blademaster:DaggerAndCloak","blademaster:ParryingStrike"],"picked":"blademaster:DeadlyDance","floor":1.0},{"not_picked":["blademaster:CombatPrep","blademaster:Thrust"],"picked":"blademaster:Stability","floor":2.0},{"not_picked":["blademaster:ParryingStrike","blademaster:Breeze"],"picked":"blademaster:FlockOfBlades","floor":3.0},{"not_picked":["blademaster:OneTrickPony","blademaster:Sunder"],"picked":"blademaster:Sharpen","floor":4.0},{"not_picked":["blademaster:Flurry","blademaster:OneTrickPony"],"picked":"blademaster:ThunderingOpener","floor":7.0},{"not_picked":["blademaster:ColdBlood","blademaster:AspectOfWind"],"picked":"blademaster:Frontflip","floor":8.0},{"not_picked":["blademaster:Sunder","blademaster:AwakeningStrike"],"picked":"blademaster:EyeOfTheTornado","floor":11.0},{"not_picked":["blademaster:LightningCrash","blademaster:ParryingStrike"],"picked":"blademaster:ThunderSlash","floor":13.0},{"not_picked":["blademaster:Discharge","blademaster:Frontflip","blademaster:IcyWind"],"picked":"SKIP","floor":14.0},{"not_picked":["blademaster:ThreePointStrike","blademaster:BladeDance"],"picked":"blademaster:Empower","floor":16.0},{"not_picked":["blademaster:AirSlash+1","blademaster:AwakeningDefend"],"picked":"blademaster:FuriousStrike+1","floor":18.0},{"not_picked":["blademaster:Reversal","blademaster:Sharpen"],"picked":"blademaster:ThunderSlash","floor":20},{"not_picked":["blademaster:StanceMastery","blademaster:AspectOfLightning"],"picked":"blademaster:ParryingStrike","floor":22},{"not_picked":["blademaster:Quickstep","blademaster:Gust+1"],"picked":"blademaster:AwakeningStrike","floor":25},{"not_picked":["blademaster:Breeze+1","blademaster:AirSlash"],"picked":"blademaster:Discharge","floor":28},{"not_picked":["blademaster:Blockade","blademaster:DaggerAndCloak"],"picked":"blademaster:AwakeningDefend","floor":29},{"not_picked":["blademaster:ThunderSlash+1","blademaster:Quickstep"],"picked":"blademaster:ChargingUp+1","floor":30},{"not_picked":["blademaster:Flash","blademaster:FuryOfTheElements"],"picked":"blademaster:Empower","floor":33},{"not_picked":["blademaster:Stability","blademaster:BladeMastery+1"],"picked":"blademaster:SharpBlades+1","floor":35},{"not_picked":["blademaster:LeechingStrike","blademaster:Momentum+1"],"picked":"blademaster:FuriousStrike+1","floor":36},{"not_picked":["blademaster:WindSlash+1","blademaster:Reversal+1"],"picked":"blademaster:Meditate+1","floor":37},{"not_picked":["blademaster:ThunderingOpener+1","blademaster:AwakeningDefend"],"picked":"blademaster:Overcharge","floor":38},{"not_picked":["blademaster:Frontflip","blademaster:Cut"],"picked":"blademaster:Empower","floor":39},{"not_picked":["blademaster:Rupture+1","blademaster:LeechingStrike+1","blademaster:Quickness+1"],"picked":"SKIP","floor":41},{"not_picked":["blademaster:Cut","blademaster:LeechingStrike"],"picked":"blademaster:Vortex","floor":48}],"player_experience":963295,"relics_obtained":[{"floor":8.0,"key":"Incense Burner"},{"floor":8.0,"key":"blademaster:RandomBladePerk"},{"floor":9.0,"key":"infinitespire:EmpoweringShard"},{"floor":26,"key":"War Paint"},{"floor":43,"key":"Toy Ornithopter"}],"event_choices":[{"damage_healed":0.0,"max_hp_gain":0.0,"max_hp_loss":0.0,"gold_gain":0.0,"event_name":"Golden Idol","player_choice":"Take Wound","floor":12.0,"gold_loss":0.0,"damage_taken":0.0,"relics_obtained":["Golden Idol"],"cards_obtained":["Injury"]},{"damage_healed":0,"gold_gain":0,"player_choice":"Ignored","damage_taken":0,"max_hp_gain":0,"max_hp_loss":0,"event_name":"Ghosts","floor":27,"gold_loss":0},{"damage_healed":0,"gold_gain":0,"player_choice":"Bought 0 Potions","damage_taken":0,"max_hp_gain":0,"max_hp_loss":0,"event_name":"The Woman in Blue","floor":31,"gold_loss":0},{"damage_healed":0,"gold_gain":0,"player_choice":"Leave","damage_taken":0,"max_hp_gain":0,"max_hp_loss":0,"event_name":"conspire:Investor","floor":44,"gold_loss":0},{"damage_healed":0,"gold_gain":0,"player_choice":"Memory 1","damage_taken":0,"max_hp_gain":0,"max_hp_loss":0,"event_name":"SensoryStone","floor":45,"gold_loss":0},{"damage_healed":0,"gold_gain":0,"player_choice":"Forge","damage_taken":0,"max_hp_gain":0,"max_hp_loss":0,"event_name":"Accursed Blacksmith","floor":47,"gold_loss":0,"cards_upgraded":["blademaster:Empower"]}],"is_beta":false,"boss_relics":[{"not_picked":["StuffTheSpire:RunicConfusion","jedi:battlestandard"],"picked":"hubris:VirtuousBlindfold"},{"not_picked":["hubris:Stopwatch","construct:WeddingRing"],"picked":"hubris:RunicObelisk"}],"items_purged_floors":[],"is_endless":false,"potions_floor_spawned":[1,2,4,14,16,18,22,25,30,35,37,39],"ascension_level":0}}