{"host":"d8hh7rr4yzitjeuj","time":1607755167,"event":{"mods":["2.2 Compatiblity","AchievementEnabler","BaseMod","CapriCore","Colored Map","Colored Powertips","Highlight Path","Keyboard Shortcuts","Minty Spire (QoL Compilation)","Permanent Neow","Quick Restart","StSLib","SuperFastMode"],"gold_per_floor":[114,130,140,140,153,182,182,182,208,225,242,283,305,329,329,414,441,462,481,431,5,24,24,47,71,96,108,148,183,195,224,236,333,345,373,409,440,502,14,14,32,46,117,117,117,127,127,168,168,168,168],"floor_reached":50,"playtime":1483,"items_purged":["Strike_B","Strike_B"],"score":1099,"play_id":"6b8afdac-1198-4a51-b233-a02820b2705f","local_time":"20201212153927","is_ascension_mode":true,"campfire_choices":[{"data":"Zap","floor":8.0,"key":"SMITH"},{"data":"Go for the Eyes","floor":15.0,"key":"SMITH"},{"data":"Storm","floor":23.0,"key":"SMITH"},{"floor":27.0,"key":"REST"},{"floor":32.0,"key":"REST"},{"floor":40.0,"key":"REST"},{"floor":44,"key":"REST"},{"floor":49,"key":"REST"}],"circlet_count":0,"master_deck":["AscendersBane","Defend_B","Defend_B","Zap+1","Dualcast","Tempest","Rip and Tear","Coolheaded","Rebound","Seek+1","Cold Snap","Loop","Storm+1","Go for the Eyes+1","Compile Driver","Reboot","Compile Driver+1","Tempest+1","Static Discharge","Ball Lightning+1","Static Discharge+1","Capacitor+1","Electrodynamics+1","Coolheaded","Echo Form+1","Consume","Thunder Strike","Storm+1","Capacitor+1"],"relics":["Sozu","FossilizedHelix","Strawberry","Blood Vial","CeramicFish","Astrolabe","Frozen Egg 2","MawBank","Centennial Puzzle","Velvet Choker","Unceasing Top","Regal Pillow","StrikeDummy","Oddly Smooth Stone"],"acts_visited":["Exordium","TheCity","TheBeyond"],"potions_floor_usage":[],"damage_taken":[{"damage":1.0,"enemies":"Cultist","floor":1.0,"turns":3.0},{"damage":2.0,"enemies":"Jaw Worm","floor":2.0,"turns":3.0},{"damage":0.0,"enemies":"Small Slimes","floor":3.0,"turns":2.0},{"damage":18.0,"enemies":"Gremlin Gang","floor":5.0,"turns":5.0},{"damage":5.0,"enemies":"Lagavulin","floor":6.0,"turns":5.0},{"damage":7.0,"enemies":"3 Louse","floor":10.0,"turns":3.0},{"damage":0.0,"enemies":"2 Fungi Beasts","floor":11.0,"turns":3.0},{"damage":0.0,"enemies":"Gremlin Nob","floor":12.0,"turns":3.0},{"damage":9.0,"enemies":"Lots of Slimes","floor":13.0,"turns":5.0},{"damage":7.0,"enemies":"Exordium Thugs","floor":14.0,"turns":5.0},{"damage":9.0,"enemies":"The Guardian","floor":16.0,"turns":14.0},{"damage":19.0,"enemies":"3 Byrds","floor":18.0,"turns":4.0},{"damage":7.0,"enemies":"Spheric Guardian","floor":19.0,"turns":3.0},{"damage":12.0,"enemies":"Snake Plant","floor":22.0,"turns":3.0},{"damage":0.0,"enemies":"Cultist and Chosen","floor":24.0,"turns":4.0},{"damage":9.0,"enemies":"Chosen and Byrds","floor":25.0,"turns":3.0},{"damage":35.0,"enemies":"Slavers","floor":28.0,"turns":3.0},{"damage":6.0,"enemies":"Snecko","floor":29.0,"turns":4.0},{"damage":8.0,"enemies":"Snake Plant","floor":31.0,"turns":2.0},{"damage":21.0,"enemies":"Collector","floor":33.0,"turns":7.0},{"damage":9.0,"enemies":"Orb Walker","floor":35.0,"turns":3.0},{"damage":0.0,"enemies":"3 Darklings","floor":36.0,"turns":2.0},{"damage":29.0,"enemies":"Jaw Worm Horde","floor":37.0,"turns":3.0},{"damage":30.0,"enemies":"2 Orb Walkers","floor":38.0,"turns":3.0},{"damage":5.0,"enemies":"Maw","floor":41.0,"turns":4.0},{"damage":18.0,"enemies":"Spire Growth","floor":42.0,"turns":3.0},{"damage":4,"enemies":"Writhing Mass","floor":46,"turns":3},{"damage":36,"enemies":"Reptomancer","floor":48,"turns":3},{"damage":79,"enemies":"Awakened One","floor":50,"turns":3}],"seed_played":"-5956634611872219414","potions_obtained":[],"is_trial":false,"path_per_floor":["M","M","M","T","M","E","?","R","T","M","M","E","M","M","R","B",null,"M","M","?","$","M","R","M","M","T","R","E","M","?","M","R","B",null,"M","M","M","?","$","R","M","M","T","R","T","M","?","E","R","B"],"character_chosen":"DEFECT","items_purchased":["Frozen Egg 2","Static Discharge+1","Thunder Strike","Storm+1","Regal Pillow"],"campfire_rested":5,"item_purchase_floors":[21,21,39,39,39],"current_hp_per_floor":[63,61,61,61,43,45,45,45,45,40,42,44,37,32,32,25,65,48,43,43,43,33,33,35,28,28,51,18,14,14,8,31,12,62,55,57,30,2,2,40,37,21,21,59,59,57,57,23,61,0,0],"gold":168,"neow_bonus":"BOSS_RELIC","is_daily":false,"chose_seed":false,"campfire_upgraded":3,"win_rate":0.0,"timestamp":1607755167,"path_taken":["M","M","M","?","M","E","?","R","T","M","M","E","?","M","R","BOSS","M","M","?","$","M","R","M","M","T","R","E","?","?","M","R","BOSS","M","M","M","?","$","R","M","M","T","R","?","M","?","E","R","BOSS"],"items_purchased_type":["Relic","Card","Card","Card","Relic"],"build_version":"2020-11-30","purchased_purges":2,"victory":false,"max_hp_per_floor":[71,71,71,71,71,78,78,78,78,78,78,78,78,78,78,78,78,78,78,78,78,78,78,78,78,78,78,78,78,78,78,78,78,78,78,78,78,78,78,78,78,78,78,78,78,78,78,78,78,78,78],"card_choices":[{"not_picked":["Coolheaded","Compile Driver"],"picked":"Tempest","floor":1.0},{"not_picked":["Streamline","Auto Shields"],"picked":"Rip and Tear","floor":2.0},{"not_picked":["Skim","Barrage"],"picked":"Coolheaded","floor":3.0},{"not_picked":["Rip and Tear","Darkness"],"picked":"Rebound","floor":5.0},{"not_picked":["Blizzard","Rebound"],"picked":"Seek","floor":6.0},{"not_picked":["Stack","Double Energy"],"picked":"Cold Snap","floor":10.0},{"not_picked":["Ball Lightning","Blizzard"],"picked":"Loop","floor":11.0},{"not_picked":["Machine Learning","Double Energy"],"picked":"Storm","floor":12.0},{"not_picked":["FTL","Aggregate"],"picked":"Go for the Eyes","floor":13.0},{"not_picked":["Stack","Gash"],"picked":"Compile Driver","floor":14.0},{"not_picked":["All For One","Meteor Strike"],"picked":"Reboot","floor":16.0},{"not_picked":["Ball Lightning","Redo"],"picked":"Static Discharge","floor":18.0},{"not_picked":["Recycle","Barrage"],"picked":"Ball Lightning+1","floor":19.0},{"not_picked":["Streamline","Leap+1","Hologram"],"picked":"SKIP","floor":22.0},{"not_picked":["Beam Cell","Steam Power"],"picked":"Capacitor+1","floor":24.0},{"not_picked":["Leap","Go for the Eyes"],"picked":"Electrodynamics+1","floor":25.0},{"not_picked":["Redo","Melter","Leap"],"picked":"SKIP","floor":28.0},{"not_picked":["Beam Cell","Aggregate"],"picked":"Coolheaded","floor":29.0},{"not_picked":["Conserve Battery","Beam Cell","Sweeping Beam"],"picked":"SKIP","floor":31.0},{"not_picked":["Multi-Cast","Hyperbeam"],"picked":"Echo Form+1","floor":33.0},{"not_picked":["Gash","Ball Lightning","Sweeping Beam+1"],"picked":"SKIP","floor":35.0},{"not_picked":["Conserve Battery","Sunder"],"picked":"Consume","floor":36.0},{"not_picked":["Glacier","Double Energy","Go for the Eyes"],"picked":"SKIP","floor":37.0},{"not_picked":["Gash","Redo","Beam Cell"],"picked":"SKIP","floor":41.0},{"not_picked":["Go for the Eyes","Gash","Ball Lightning"],"picked":"SKIP","floor":42.0},{"not_picked":["Hologram","Loop+1","Sweeping Beam"],"picked":"SKIP","floor":46},{"not_picked":["Recycle","Static Discharge+1"],"picked":"Capacitor+1","floor":48}],"player_experience":1325453,"relics_obtained":[{"floor":4.0,"key":"FossilizedHelix"},{"floor":6.0,"key":"Strawberry"},{"floor":9.0,"key":"Blood Vial"},{"floor":12.0,"key":"CeramicFish"},{"floor":26.0,"key":"MawBank"},{"floor":28.0,"key":"Centennial Puzzle"},{"floor":38.0,"key":"Unceasing Top"},{"floor":45,"key":"StrikeDummy"},{"floor":48,"key":"Oddly Smooth Stone"}],"event_choices":[{"cards_removed":["Strike_B"],"damage_healed":0.0,"max_hp_gain":0.0,"max_hp_loss":0.0,"gold_gain":0.0,"event_name":"Purifier","player_choice":"Purged","floor":7.0,"gold_loss":0.0,"damage_taken":0.0},{"damage_healed":0.0,"max_hp_gain":0.0,"max_hp_loss":0.0,"gold_gain":0.0,"event_name":"The Joust","player_choice":"Bet on Owner","floor":20.0,"gold_loss":50.0,"damage_taken":0.0},{"damage_healed":0.0,"max_hp_gain":0.0,"max_hp_loss":0.0,"gold_gain":0.0,"event_name":"Accursed Blacksmith","player_choice":"Forge","floor":30.0,"gold_loss":0.0,"damage_taken":0.0,"cards_upgraded":["Seek"]},{"damage_healed":0.0,"max_hp_gain":0.0,"max_hp_loss":0.0,"gold_gain":0.0,"event_name":"Mysterious Sphere","player_choice":"Fight","floor":38.0,"gold_loss":0.0,"damage_taken":0.0},{"cards_removed":["Loop"],"damage_healed":0,"gold_gain":0,"player_choice":"Removed Power","damage_taken":0,"max_hp_gain":0,"max_hp_loss":0,"event_name":"Falling","floor":47,"gold_loss":0}],"is_beta":false,"boss_relics":[{"not_picked":["Runic Pyramid","Calling Bell"],"picked":"Astrolabe"},{"not_picked":["Tiny House","SacredBark"],"picked":"Velvet Choker"}],"items_purged_floors":[21,39],"is_endless":false,"potions_floor_spawned":[1,5,6,10,12,14,18,19,22,31,35,41,46],"killed_by":"Awakened One","ascension_level":20}}