{"host":"6fbjdsiu9jij34p7","time":1607739616,"event":{"mods":["2.2 Compatiblity","AchievementEnabler","BaseMod","Colored Map","DeckTracker","Highlight Path","Keyboard Shortcuts","Minty Spire (QoL Compilation)","Permanent Neow","Quick Restart","StSLib","SuperFastMode"],"gold_per_floor":[114,264,244,257,182,212,223,223,250,267,285,13,13,29,29,104,104,119,135,79,94,112,112,112,112,160,71,71,121,203,222,222,222,222],"floor_reached":33,"playtime":931,"items_purged":["Doubt","Defend_B"],"score":490,"play_id":"63fe2392-82cb-4bbd-99a7-4b96b24dd55e","local_time":"20201212112016","is_ascension_mode":true,"campfire_choices":[{"data":"Dualcast","floor":8.0,"key":"SMITH"},{"data":"Coolheaded","floor":13.0,"key":"SMITH"},{"floor":15.0,"key":"REST"},{"floor":23,"key":"REST"},{"floor":32,"key":"REST"}],"circlet_count":0,"master_deck":["AscendersBane","Strike_B","Strike_B","Strike_B","Strike_B","Defend_B","Defend_B","Defend_B","Zap","Dualcast+1","Glacier","Compile Driver","Hologram","Cold Snap","Coolheaded+1","Echo Form","Sweeping Beam","Cold Snap","Self Repair","Compile Driver","Conserve Battery","Barrage","Barrage","Chill","Stack","Barrage"],"relics":["Cracked Core","NeowsBlessing","Ancient Tea Set","Strawberry","Orrery","Philosopher\u0027s Stone","Bronze Scales","Darkstone Periapt"],"acts_visited":["Exordium","TheCity"],"potions_floor_usage":[33,33],"damage_taken":[{"damage":0.0,"enemies":"Small Slimes","floor":1.0,"turns":1.0},{"damage":0.0,"enemies":"2 Louse","floor":4.0,"turns":1.0},{"damage":0.0,"enemies":"3 Sentries","floor":6.0,"turns":1.0},{"damage":3.0,"enemies":"Cultist","floor":7.0,"turns":4.0},{"damage":14.0,"enemies":"Exordium Wildlife","floor":10.0,"turns":4.0},{"damage":2.0,"enemies":"Blue Slaver","floor":11.0,"turns":5.0},{"damage":8.0,"enemies":"2 Fungi Beasts","floor":14.0,"turns":3.0},{"damage":36.0,"enemies":"Hexaghost","floor":16.0,"turns":16.0},{"damage":21.0,"enemies":"3 Byrds","floor":18.0,"turns":6.0},{"damage":10,"enemies":"Spheric Guardian","floor":19,"turns":6},{"damage":27,"enemies":"Snecko","floor":21,"turns":8},{"damage":29,"enemies":"Cultist and Chosen","floor":22,"turns":9},{"damage":19,"enemies":"Sentry and Sphere","floor":31,"turns":6},{"damage":69,"enemies":"Automaton","floor":33,"turns":6}],"seed_played":"-7227044713673965135","potions_obtained":[{"floor":1.0,"key":"Energy Potion"},{"floor":3.0,"key":"PotionOfCapacity"},{"floor":18.0,"key":"Strength Potion"},{"floor":22,"key":"SteroidPotion"}],"is_trial":false,"path_per_floor":["M","?","?","M","$","E","M","R","T","M","M","$","R","M","R","B",null,"M","M","$","M","M","R","?","?","T","$","$","?","T","M","R","B"],"character_chosen":"DEFECT","items_purchased":["Orrery","Barrage","Chill","Stack"],"campfire_rested":3,"item_purchase_floors":[12,20,27,27],"current_hp_per_floor":[64,64,64,64,64,64,61,61,68,54,52,52,52,51,74,38,68,54,51,51,31,9,32,10,27,27,27,27,27,27,15,39,0,0],"gold":222,"neow_bonus":"THREE_ENEMY_KILL","is_daily":false,"chose_seed":false,"campfire_upgraded":2,"win_rate":0.0,"timestamp":1607739616,"path_taken":["M","?","?","M","$","E","M","R","T","?","M","$","R","M","R","BOSS","M","M","$","M","M","R","?","?","T","?","$","?","?","M","R","BOSS"],"items_purchased_type":["Relic","Card","Card","Card"],"build_version":"2020-11-30","purchased_purges":2,"victory":false,"max_hp_per_floor":[71,71,71,71,71,71,71,71,78,78,78,78,78,78,78,78,78,78,78,78,78,78,78,83,83,83,83,83,83,83,83,83,83,83],"card_choices":[{"not_picked":["Double Energy","Compile Driver"],"picked":"Glacier","floor":1.0},{"not_picked":["Leap","Aggregate"],"picked":"Compile Driver","floor":4.0},{"not_picked":["Heatsinks","Scrape"],"picked":"Hologram","floor":6.0},{"not_picked":["Stack","FTL"],"picked":"Cold Snap","floor":7.0},{"not_picked":["Gash","Turbo"],"picked":"Coolheaded","floor":10.0},{"not_picked":["Hologram","Fusion"],"picked":"Echo Form","floor":11.0},{"not_picked":["Conserve Battery","Turbo"],"picked":"Sweeping Beam","floor":12.0},{"not_picked":["Go for the Eyes","Electrodynamics"],"picked":"Cold Snap","floor":12.0},{"not_picked":["Streamline","Aggregate"],"picked":"Self Repair","floor":12.0},{"not_picked":["Redo","Scrape"],"picked":"Compile Driver","floor":12.0},{"not_picked":["Go for the Eyes","Chaos"],"picked":"Conserve Battery","floor":12.0},{"not_picked":["Heatsinks","Rebound","Lockon"],"picked":"SKIP","floor":14.0},{"not_picked":["Coolheaded","Gash","Darkness"],"picked":"SKIP","floor":18.0},{"not_picked":["Turbo","Compile Driver+1","Coolheaded"],"picked":"SKIP","floor":19},{"not_picked":["Melter+1","Cold Snap+1"],"picked":"Barrage","floor":21},{"not_picked":["FTL","Gash","Recycle+1"],"picked":"SKIP","floor":22},{"not_picked":["Reinforced Body","Steam Power"],"picked":"Barrage","floor":31}],"player_experience":223328,"relics_obtained":[{"floor":6.0,"key":"Ancient Tea Set"},{"floor":9.0,"key":"Strawberry"},{"floor":26,"key":"Bronze Scales"},{"floor":30,"key":"Darkstone Periapt"}],"event_choices":[{"damage_healed":0.0,"max_hp_gain":0.0,"max_hp_loss":0.0,"gold_gain":150.0,"event_name":"Liars Game","player_choice":"AGREE","floor":2.0,"gold_loss":0.0,"damage_taken":0.0,"cards_obtained":["Doubt"]},{"damage_healed":0.0,"max_hp_gain":0.0,"max_hp_loss":0.0,"gold_gain":0.0,"event_name":"The Woman in Blue","player_choice":"Bought 1 Potion","floor":3.0,"gold_loss":0.0,"damage_taken":0.0},{"damage_healed":0,"gold_gain":0,"player_choice":"Shed Blood","damage_taken":27,"max_hp_gain":5,"max_hp_loss":0,"event_name":"Forgotten Altar","floor":24,"gold_loss":0},{"damage_healed":17,"gold_gain":0,"player_choice":"Heal","damage_taken":0,"max_hp_gain":0,"max_hp_loss":0,"event_name":"The Library","floor":25,"gold_loss":0},{"damage_healed":0,"gold_gain":50,"player_choice":"Stole From Cult","damage_taken":0,"max_hp_gain":0,"max_hp_loss":0,"event_name":"Nest","floor":29,"gold_loss":0}],"is_beta":false,"boss_relics":[{"not_picked":["SlaversCollar","FrozenCore"],"picked":"Philosopher\u0027s Stone"}],"items_purged_floors":[5,12],"is_endless":false,"potions_floor_spawned":[1,7,14,16,18,22,31],"killed_by":"Automaton","ascension_level":16}}