{"host":"2pgz2fctomabfk86","time":1607747853,"event":{"mods":["AchievementEnabler","BaseMod","Colored Map","DeckTracker","Minty Spire (QoL Compilation)","StSLib","SuperFastMode"],"gold_per_floor":[119,135,60,60,60,60,71,87,87,87,87,87,98,123,123,197,197,213,213,213,113,113,113,132,132,132,132,132,148,160,35,35,113,113,133,133,133],"floor_reached":36,"playtime":1307,"items_purged":["Strike_P","Alpha","WindmillStrike"],"score":666,"play_id":"c8fb4639-74ef-45ae-a20f-2bcf8bce7e96","local_time":"20201212133733","is_ascension_mode":true,"campfire_choices":[{"data":"Consecrate","floor":6.0,"key":"SMITH"},{"data":"Vigilance","floor":12.0,"key":"SMITH"},{"data":"Adaptation","floor":15.0,"key":"SMITH"},{"data":"Vault","floor":23,"key":"SMITH"},{"data":"Ragnarok","floor":25,"key":"SMITH"},{"data":"Devotion","floor":27,"key":"SMITH"},{"data":"Ghostly","floor":32,"key":"SMITH"}],"circlet_count":0,"master_deck":["AscendersBane","Eruption+1","Vigilance+1","Consecrate+1","FlurryOfBlows","TalkToTheHand","Adaptation+1","Vault+1","Conclude","Indignation","Ragnarok+1","Devotion+1","DevaForm","EmptyBody","ClearTheMind","Ghostly+1","Ghostly","Ghostly","InnerPeace","ConjureBlade"],"relics":["PureWater","NeowsBlessing","Turnip","CloakClasp","Lantern","Eternal Feather","Pandora\u0027s Box","Damaru","SacredBark"],"acts_visited":["Exordium","TheCity","TheBeyond"],"potions_floor_usage":[18,33],"damage_taken":[{"damage":0.0,"enemies":"Small Slimes","floor":1.0,"turns":2.0},{"damage":0.0,"enemies":"Jaw Worm","floor":2.0,"turns":1.0},{"damage":0.0,"enemies":"Cultist","floor":7.0,"turns":1.0},{"damage":0.0,"enemies":"Large Slime","floor":8.0,"turns":2.0},{"damage":0.0,"enemies":"2 Fungi Beasts","floor":13.0,"turns":2.0},{"damage":4.0,"enemies":"Gremlin Nob","floor":14.0,"turns":4.0},{"damage":47,"enemies":"The Guardian","floor":16,"turns":15},{"damage":0,"enemies":"2 Thieves","floor":18,"turns":2},{"damage":0,"enemies":"3 Byrds","floor":24,"turns":6},{"damage":1,"enemies":"Snake Plant","floor":29,"turns":3},{"damage":8,"enemies":"Centurion and Healer","floor":30,"turns":4},{"damage":25,"enemies":"Champ","floor":33,"turns":9},{"damage":1,"enemies":"3 Darklings","floor":35,"turns":6},{"damage":26,"enemies":"3 Shapes","floor":36,"turns":6}],"seed_played":"4762580440549503525","potions_obtained":[{"floor":1.0,"key":"Weak Potion"},{"floor":2.0,"key":"DistilledChaos"},{"floor":16,"key":"LiquidMemories"},{"floor":18,"key":"Strength Potion"},{"floor":24,"key":"ColorlessPotion"},{"floor":35,"key":"FearPotion"}],"is_trial":false,"path_per_floor":["M","M","$","?","?","R","M","M","T","?","?","R","M","E","R","B",null,"M","?","?","$","$","R","M","R","T","R","?","M","M","$","R","B",null,"M","M"],"character_chosen":"WATCHER","items_purchased":[],"campfire_rested":0,"item_purchase_floors":[],"current_hp_per_floor":[61,61,61,61,61,61,61,61,61,50,50,50,50,46,52,5,52,52,52,34,34,34,34,34,34,34,34,32,31,23,23,32,7,27,26,0,0],"gold":133,"neow_bonus":"THREE_ENEMY_KILL","is_daily":false,"chose_seed":false,"campfire_upgraded":7,"win_rate":0.0,"timestamp":1607747853,"path_taken":["M","M","$","?","?","R","?","M","T","?","?","R","M","E","R","BOSS","M","?","?","?","$","R","M","R","T","R","?","?","M","$","R","BOSS","M","M"],"items_purchased_type":[],"build_version":"2020-11-30","purchased_purges":3,"victory":false,"max_hp_per_floor":[68,68,68,68,68,68,68,68,68,68,68,68,68,68,68,68,68,68,68,34,34,34,34,34,34,34,34,34,34,34,34,34,34,34,34,34,34],"card_choices":[{"not_picked":["Study","FlyingSleeves"],"picked":"Consecrate","floor":1.0},{"not_picked":["WaveOfTheHand","Evaluate"],"picked":"FlurryOfBlows","floor":2.0},{"not_picked":["PathToVictory","Evaluate","Weave"],"picked":"SKIP","floor":7.0},{"not_picked":["PathToVictory","Evaluate","Weave"],"picked":"SKIP","floor":7.0},{"not_picked":["FlyingSleeves","ThirdEye","PathToVictory"],"picked":"SKIP","floor":8.0},{"not_picked":["Study","ForeignInfluence"],"picked":"TalkToTheHand","floor":13.0},{"not_picked":["SandsOfTime","CutThroughFate"],"picked":"Adaptation","floor":14.0},{"not_picked":["Alpha","MasterReality"],"picked":"Vault","floor":16},{"not_picked":["FlyingSleeves","FollowUp"],"picked":"EmptyBody","floor":18},{"not_picked":["Collect","Consecrate"],"picked":"InnerPeace","floor":24},{"not_picked":["CrushJoints","WaveOfTheHand","CutThroughFate"],"picked":"SKIP","floor":29},{"not_picked":["SignatureMove","Crescendo","EmptyBody"],"picked":"SKIP","floor":30},{"not_picked":["Alpha","Vault"],"picked":"ConjureBlade","floor":33},{"not_picked":["EmptyFist","BowlingBash+1","FollowUp"],"picked":"SKIP","floor":35}],"player_experience":916774,"relics_obtained":[{"floor":9.0,"key":"Turnip"},{"floor":14.0,"key":"Eternal Feather"},{"floor":26,"key":"Damaru"}],"event_choices":[{"damage_healed":0.0,"max_hp_gain":0.0,"max_hp_loss":0.0,"gold_gain":0.0,"event_name":"Liars Game","player_choice":"Ignored","floor":4.0,"gold_loss":0.0,"damage_taken":0.0},{"damage_healed":0.0,"max_hp_gain":0.0,"max_hp_loss":0.0,"gold_gain":0.0,"event_name":"Upgrade Shrine","player_choice":"Upgraded","floor":5.0,"gold_loss":0.0,"damage_taken":0.0,"cards_upgraded":["Eruption"]},{"damage_healed":0.0,"max_hp_gain":0.0,"max_hp_loss":0.0,"gold_gain":0.0,"event_name":"Scrap Ooze","player_choice":"Success","floor":10.0,"gold_loss":0.0,"damage_taken":11.0,"relics_obtained":["CloakClasp"]},{"damage_healed":0.0,"max_hp_gain":0.0,"max_hp_loss":0.0,"gold_gain":0.0,"event_name":"Dead Adventurer","player_choice":"Searched \u00271\u0027 times","floor":11.0,"gold_loss":0.0,"damage_taken":0.0,"relics_obtained":["Lantern"]},{"damage_healed":0,"gold_gain":0,"player_choice":"Read","damage_taken":0,"max_hp_gain":0,"max_hp_loss":0,"event_name":"The Library","floor":19,"gold_loss":0,"cards_obtained":["ClearTheMind"]},{"damage_healed":0,"gold_gain":0,"player_choice":"Became a Ghost","damage_taken":0,"max_hp_gain":0,"max_hp_loss":34,"event_name":"Ghosts","floor":20,"gold_loss":0,"cards_obtained":["Ghostly","Ghostly","Ghostly"]},{"damage_healed":0,"gold_gain":0,"player_choice":"Bought 0 Potions","damage_taken":0,"max_hp_gain":0,"max_hp_loss":0,"event_name":"The Woman in Blue","floor":28,"gold_loss":0}],"is_beta":false,"boss_relics":[{"not_picked":["VioletLotus","HolyWater"],"picked":"Pandora\u0027s Box"},{"not_picked":["Runic Dome","Black Star"],"picked":"SacredBark"}],"items_purged_floors":[3,21,31],"is_endless":false,"potions_floor_spawned":[1,2,16,18,24,35],"killed_by":"3 Shapes","ascension_level":17}}