{"host":"5pvsezzv96u4cz40","time":1607814290,"event":{"mods":["Act Like it!","BaseMod","BetterRewards","CapriCore","Colored Map","Colored Powertips","GifTheSpireLib","Hubris","Menagerie","Minty Spire (QoL Compilation)","Remilia??????","Replay The Spire","Shop Mod","StSLib"],"gold_per_floor":[119,169,244,23,40,51,51,1,1,1,15,33,33,33,51,3,55,153,153,173,173,253,269,10,10,10,10,87,118,118,118,58,85,85,183,183,195,6,6,26,0,0,33,33,84,84,84],"floor_reached":46,"playtime":4996,"items_purged":["Delirium","ReplayTheSpireMod:Restless Dread","Delirium"],"score":550,"play_id":"cf9c209b-65f9-45f4-86cf-c81dd5665670","local_time":"20201213000450","is_ascension_mode":false,"campfire_choices":[{"data":"BloodHunter","floor":7,"key":"SMITH"},{"data":"BombardNight","floor":10,"key":"SMITH"},{"floor":25,"key":"REST"},{"data":"hubris:DuctTapeCard","floor":27,"key":"SMITH"},{"floor":31,"key":"REST"},{"data":"BloodHunter","floor":34,"key":"SMITH"},{"floor":42,"key":"REST"},{"floor":44,"key":"REST"}],"circlet_count":0,"master_deck":["Strike_RM","Strike_RM","Strike_RM","Strike_RM+1","Defend_RM","Defend_RM","Defend_RM","Defend_RM","RedMoon","ScarletShoot","DiffusionOfMisfortune","BloodHunter+1","MastersStateliness","BombardNight","BombardNight","Languid","ForecastOfChange","StarOfDavid","BloodHunter+1","hubris:DuctTapeCard+2","Pain","KillingBlow","BombardNight","Chrysalis+1","hubris:NaturalOne","FavorOfDestiny+1","Shame","CharismaGuard","Parasite"],"relics":["ScarletHat","Ring of Greed","Ring of Fangs","Membership Card","Tiny Chest","hubris:Spice","Shuriken","SlaversCollar","Replay:WaspNest","MerchantsRug","hubris:DuctTape","Toxic Egg 2","Nunchaku","Bottled Tornado","hubris:GrandSneckoEye","hubris:Icosahedron"],"acts_visited":["Exordium","TheCity","TheBeyond"],"potions_floor_usage":[18,18,18,23,29,35,35,35,43,43,43,43,46],"damage_taken":[{"damage":0,"enemies":"2 Louse","floor":1,"turns":2},{"damage":0,"enemies":"Small Slimes","floor":5,"turns":3},{"damage":0,"enemies":"Jaw Worm","floor":6,"turns":8},{"damage":0,"enemies":"Red Slaver","floor":11,"turns":4},{"damage":0,"enemies":"2 Fungi Beasts","floor":12,"turns":3},{"damage":0,"enemies":"Blue Slaver","floor":15,"turns":3},{"damage":24,"enemies":"Hexaghost","floor":18,"turns":9},{"damage":5,"enemies":"2 Thieves","floor":20,"turns":2},{"damage":17,"enemies":"Spheric Guardian","floor":23,"turns":8},{"damage":24,"enemies":"Slavers","floor":29,"turns":3},{"damage":68,"enemies":"Automaton","floor":35,"turns":8},{"damage":4,"enemies":"3 Darklings","floor":37,"turns":1},{"damage":76,"enemies":"3 Shapes","floor":40,"turns":5},{"damage":45,"enemies":"Nemesis","floor":43,"turns":5},{"damage":46,"enemies":"Writhing Mass","floor":46,"turns":5}],"seed_played":"6537220897728081800","potions_obtained":[{"floor":6,"key":"Elixir"},{"floor":18,"key":"Adrenaline Potion"},{"floor":20,"key":"Milkshake"},{"floor":29,"key":"Swift Potion"},{"floor":37,"key":"SpeedPotion"}],"is_trial":false,"path_per_floor":["M","?","?","$","M","M","R","$","T","R","M","M","PTL","PTL","M","$","R_BF","B",null,"M","?","T","M","$","R","?","R","T","E","T","R","?","T","R","B",null,"M","$","?","M","$","R","E","R","T","M"],"character_chosen":"REMILIA","items_purchased":["hubris:Spice","SkillPotion","BombardNight","Adrenaline Potion","MerchantsRug","hubris:DuctTape","SteroidPotion","SkillPotion","Chrysalis+1","Venom Potion","Block Potion"],"campfire_rested":4,"item_purchase_floors":[4,4,16,16,24,24,24,24,38,38,41],"current_hp_per_floor":[75,75,64,72,72,74,74,74,74,74,76,76,76,76,76,76,76,63,83,78,62,62,50,50,76,76,76,76,54,54,80,80,88,88,26,96,95,95,95,22,22,50,13,39,39,0,0],"gold":84,"neow_bonus":"RANDOM_EVENT","is_daily":false,"chose_seed":false,"campfire_upgraded":4,"win_rate":0.0,"timestamp":1607814290,"path_taken":["M","?","?","$","M","M","R","$","T","R","M","M","PTL","PTL","M","?","R_BF","BOSS","M","?","?","M","$","R","?","R","T","E","?","R","?","?","R","BOSS","M","$","?","M","$","R","E","R","T","M"],"items_purchased_type":["Relic","Potion","Card","Potion","Relic","Relic","Potion","Potion","Card","Potion","Potion"],"build_version":"2020-11-30","purchased_purges":3,"victory":false,"max_hp_per_floor":[75,75,75,83,83,83,83,83,83,83,83,83,83,83,83,83,83,83,83,83,88,88,88,88,88,88,88,88,88,88,88,88,96,96,96,96,96,96,96,96,96,96,88,88,80,80,80],"card_choices":[{"not_picked":["EndlessAdversity","MastersStateliness"],"picked":"DiffusionOfMisfortune","floor":1},{"not_picked":["EndlessAdversity","RedMagic"],"picked":"BombardNight","floor":5},{"not_picked":["VampireKiss","MastersStateliness"],"picked":"BloodHunter","floor":6},{"not_picked":["CharismaGuard","StarOfDavid"],"picked":"BombardNight","floor":11},{"not_picked":["CharismaGuard","HeartBreak"],"picked":"MastersStateliness","floor":12},{"not_picked":["RedRainbow","BlasphemousPunishment"],"picked":"BombardNight","floor":15},{"not_picked":["TransientEternity","ChaoticDestiny"],"picked":"ForecastOfChange","floor":18},{"not_picked":["Septette+1","ScarletNetherworld"],"picked":"StarOfDavid","floor":20},{"not_picked":["RedRainbow","BloodAndWine"],"picked":"BloodHunter","floor":23},{"not_picked":["BloodyMagicSquare+1","ReincarnationDial+1","BombardNight"],"picked":"SKIP","floor":29},{"not_picked":["ForecastOfChange","BloodRain+1"],"picked":"KillingBlow","floor":35},{"not_picked":["CharismaGuard","ScarletDevil+1"],"picked":"BombardNight","floor":37},{"not_picked":["ScarletNetherworld","ScarletSymphony+1"],"picked":"FavorOfDestiny+1","floor":40},{"not_picked":["MastersStateliness+1","ChaoticDestiny+1"],"picked":"CharismaGuard","floor":43}],"player_experience":61265,"relics_obtained":[{"floor":2,"key":"Ring of Greed"},{"floor":2,"key":"Ring of Fangs"},{"floor":2,"key":"Membership Card"},{"floor":2,"key":"Tiny Chest"},{"floor":9,"key":"Shuriken"},{"floor":22,"key":"Replay:WaspNest"},{"floor":28,"key":"Toxic Egg 2"},{"floor":29,"key":"Nunchaku"},{"floor":30,"key":"Bottled Tornado"},{"floor":33,"key":"hubris:Spice"},{"floor":43,"key":"hubris:Spice"},{"floor":45,"key":"hubris:Spice"}],"event_choices":[{"damage_healed":0,"gold_gain":75,"player_choice":"Gather Gold","damage_taken":11,"max_hp_gain":0,"max_hp_loss":0,"event_name":"World of Goop","floor":3,"gold_loss":0},{"damage_healed":0,"gold_gain":0,"player_choice":"Shed Blood","damage_taken":21,"max_hp_gain":5,"max_hp_loss":0,"event_name":"Forgotten Altar","floor":21,"gold_loss":0}],"is_beta":false,"boss_relics":[{"not_picked":["Black Star","hubris:HollowSoul"],"picked":"SlaversCollar"},{"not_picked":["hubris:Spice","Empty Cage"],"picked":"hubris:GrandSneckoEye"}],"items_purged_floors":[4,8,38],"is_endless":false,"potions_floor_spawned":[6,18,20,29,37],"killed_by":"Writhing Mass","ascension_level":0}}