{"host":"se2kry7a7ac49ar7","time":1607809946,"event":{"mods":["BaseMod","Bestiary","Minty Spire (QoL Compilation)","StSLib"],"gold_per_floor":[119,139,151,121,133,162,182,182,182,182,182,217,229,264,264,361,361,378,403,415,17,62,96,96,96,121,148,182,182,201,66,66,66,66],"floor_reached":33,"playtime":1840,"items_purged":[],"score":355,"play_id":"c31fcdee-34eb-4488-b2c7-766ab4229c34","local_time":"20201212135226","is_ascension_mode":false,"campfire_choices":[{"data":"Uppercut","floor":10,"key":"SMITH"},{"data":"Body Slam","floor":15,"key":"SMITH"},{"data":"Immolate","floor":24,"key":"SMITH"},{"data":"Dual Wield","floor":32,"key":"SMITH"}],"circlet_count":0,"master_deck":["Strike_R+1","Strike_R+1","Strike_R+1","Strike_R+1","Strike_R+1","Defend_R+1","Defend_R+1","Defend_R+1","Defend_R+1","Bash","Uppercut+1","Sever Soul","Havoc+1","Heavy Blade+1","Headbutt","Infernal Blade","Body Slam+1","Second Wind","Immolate+1","Armaments","Uppercut+1","Dual Wield+1","Ghostly","Ghostly","Ghostly","Ghostly","Ghostly","Second Wind+1","Sword Boomerang+1","Spot Weakness","Pummel","Immolate+1"],"relics":["Busted Crown","Ornamental Fan","Gremlin Horn","Question Card","War Paint","Pear","Philosopher\u0027s Stone","Red Mask","Meat on the Bone","CeramicFish","Sundial","MealTicket","Letter Opener","Mummified Hand","DollysMirror"],"acts_visited":["Exordium","TheCity"],"potions_floor_usage":[12,12,16,16,16,28,30,33],"damage_taken":[{"damage":1,"enemies":"Jaw Worm","floor":1,"turns":2},{"damage":0,"enemies":"Cultist","floor":2,"turns":2},{"damage":0,"enemies":"Small Slimes","floor":3,"turns":4},{"damage":6,"enemies":"Exordium Wildlife","floor":5,"turns":3},{"damage":14,"enemies":"Gremlin Nob","floor":6,"turns":3},{"damage":5,"enemies":"3 Louse","floor":7,"turns":3},{"damage":4,"enemies":"3 Sentries","floor":12,"turns":6},{"damage":3,"enemies":"Looter","floor":13,"turns":2},{"damage":1,"enemies":"Gremlin Nob","floor":14,"turns":3},{"damage":12,"enemies":"The Guardian","floor":16,"turns":6},{"damage":18,"enemies":"2 Thieves","floor":18,"turns":3},{"damage":17,"enemies":"Masked Bandits","floor":19,"turns":4},{"damage":1,"enemies":"3 Byrds","floor":20,"turns":4},{"damage":0,"enemies":"Gremlin Leader","floor":23,"turns":5},{"damage":0,"enemies":"Snecko","floor":27,"turns":3},{"damage":1,"enemies":"Book of Stabbing","floor":28,"turns":5},{"damage":0,"enemies":"Shelled Parasite and Fungi","floor":30,"turns":3},{"damage":51,"enemies":"Champ","floor":33,"turns":8}],"seed_played":"7939870471771241693","potions_obtained":[{"floor":1,"key":"SkillPotion"},{"floor":4,"key":"Weak Potion"},{"floor":4,"key":"Regen Potion"},{"floor":13,"key":"HeartOfIron"},{"floor":14,"key":"CultistPotion"},{"floor":23,"key":"Strength Potion"},{"floor":27,"key":"DuplicationPotion"},{"floor":28,"key":"SkillPotion"}],"is_trial":false,"path_per_floor":["M","M","M","?","M","E","M","T","T","R","?","E","M","E","R","B",null,"M","?","M","$","?","E","R","?","T","M","E","T","M","$","R","B"],"character_chosen":"IRONCLAD","items_purchased":["Meat on the Bone","CeramicFish","DollysMirror"],"campfire_rested":0,"item_purchase_floors":[21,21,31],"current_hp_per_floor":[79,79,79,79,73,59,54,54,54,54,38,49,46,55,55,43,90,72,55,54,54,45,45,45,45,45,45,44,44,44,45,45,0,0],"gold":66,"neow_bonus":"BOSS_RELIC","is_daily":false,"chose_seed":false,"campfire_upgraded":4,"win_rate":0.0,"timestamp":1607809946,"path_taken":["M","M","M","?","M","E","?","?","T","R","?","E","M","E","R","BOSS","M","?","M","$","?","E","R","?","T","M","E","?","?","?","R","BOSS"],"items_purchased_type":["Relic","Relic","Relic"],"build_version":"2020-11-30","purchased_purges":0,"victory":false,"max_hp_per_floor":[80,80,80,80,80,80,80,80,80,80,80,80,80,90,90,90,90,90,90,90,90,45,45,45,45,45,45,45,45,45,45,45,45,45],"card_choices":[{"not_picked":["Fire Breathing"],"picked":"SKIP","floor":1},{"not_picked":[],"picked":"Uppercut","floor":2},{"not_picked":[],"picked":"Sever Soul","floor":3},{"not_picked":[],"picked":"Havoc","floor":5},{"not_picked":[],"picked":"Heavy Blade","floor":6},{"not_picked":[],"picked":"Headbutt","floor":7},{"not_picked":["Clothesline"],"picked":"Infernal Blade","floor":12},{"not_picked":["Sword Boomerang"],"picked":"Body Slam","floor":13},{"not_picked":["Cleave"],"picked":"Second Wind","floor":14},{"not_picked":["Juggernaut"],"picked":"Immolate","floor":16},{"not_picked":["Body Slam"],"picked":"Armaments","floor":18},{"not_picked":["Wild Strike+1"],"picked":"Uppercut+1","floor":19},{"not_picked":["Pummel"],"picked":"Dual Wield","floor":20},{"not_picked":["Blood for Blood"],"picked":"Second Wind+1","floor":23},{"not_picked":["Hemokinesis"],"picked":"Sword Boomerang+1","floor":27},{"not_picked":["Sword Boomerang"],"picked":"Spot Weakness","floor":28},{"not_picked":["Thunderclap"],"picked":"Pummel","floor":30}],"player_experience":640313,"relics_obtained":[{"floor":6,"key":"Ornamental Fan"},{"floor":8,"key":"Gremlin Horn"},{"floor":9,"key":"Question Card"},{"floor":12,"key":"War Paint"},{"floor":14,"key":"Pear"},{"floor":19,"key":"Red Mask"},{"floor":23,"key":"Sundial"},{"floor":26,"key":"MealTicket"},{"floor":28,"key":"Letter Opener"},{"floor":29,"key":"Mummified Hand"}],"event_choices":[{"damage_healed":0,"gold_gain":0,"player_choice":"Bought 2 Potions","damage_taken":0,"max_hp_gain":0,"max_hp_loss":0,"event_name":"The Woman in Blue","floor":4,"gold_loss":0},{"damage_healed":0,"gold_gain":0,"player_choice":"Entered Light","damage_taken":16,"max_hp_gain":0,"max_hp_loss":0,"event_name":"Shining Light","floor":11,"gold_loss":0,"cards_upgraded":["Strike_R","Heavy Blade"]},{"damage_healed":0,"gold_gain":0,"player_choice":"Fought Bandits","damage_taken":0,"max_hp_gain":0,"max_hp_loss":0,"event_name":"Masked Bandits","floor":19,"gold_loss":0},{"damage_healed":0,"gold_gain":0,"player_choice":"Became a Ghost","damage_taken":0,"max_hp_gain":0,"max_hp_loss":45,"event_name":"Ghosts","floor":22,"gold_loss":0,"cards_obtained":["Ghostly","Ghostly","Ghostly","Ghostly","Ghostly"]},{"damage_healed":0,"gold_gain":0,"player_choice":"Simplicity","damage_taken":0,"max_hp_gain":0,"max_hp_loss":0,"event_name":"Back to Basics","floor":25,"gold_loss":0,"cards_upgraded":["Strike_R","Strike_R","Strike_R","Strike_R","Defend_R","Defend_R","Defend_R"]}],"is_beta":false,"boss_relics":[{"not_picked":["Runic Cube","Sozu"],"picked":"Philosopher\u0027s Stone"}],"items_purged_floors":[],"is_endless":false,"potions_floor_spawned":[1,7,13,14,23,27,28],"killed_by":"Champ","ascension_level":0}}