{"host":"1mv6gj0zv8k9e9tz","time":1607792842,"event":{"mods":["AchievementEnabler","BaseMod","Better Third Choice","Colored Map","KOR Keyword Fix","Minty Spire (QoL Compilation)","Permanent Neow","Rare Cards Sparkle","StSLib"],"gold_per_floor":[110,129,145,155,155,155,155],"floor_reached":6,"playtime":381,"items_purged":[],"score":61,"play_id":"491e05a6-c3f3-4ea5-aff5-7a3622000b23","local_time":"20201213020722","is_ascension_mode":true,"campfire_choices":[],"circlet_count":0,"master_deck":["AscendersBane","Strike_G","Strike_G","Strike_G","Strike_G+1","Defend_G","Defend_G+1","Defend_G","Defend_G","Survivor","Neutralize","Dagger Spray","Caltrops","Poisoned Stab"],"relics":["Empty Cage"],"acts_visited":["Exordium"],"potions_floor_usage":[6,6],"damage_taken":[{"damage":0.0,"enemies":"Cultist","floor":1.0,"turns":4.0},{"damage":8.0,"enemies":"Jaw Worm","floor":2.0,"turns":5.0},{"damage":1.0,"enemies":"2 Louse","floor":3.0,"turns":3.0},{"damage":16.0,"enemies":"Large Slime","floor":4.0,"turns":8.0},{"damage":37,"enemies":"Lagavulin","floor":6,"turns":6}],"seed_played":"-2382775038675253596","potions_obtained":[{"floor":2.0,"key":"FearPotion"},{"floor":4.0,"key":"ColorlessPotion"}],"is_trial":false,"path_per_floor":["M","M","M","M","?","E"],"character_chosen":"THE_SILENT","items_purchased":[],"campfire_rested":0,"item_purchase_floors":[],"current_hp_per_floor":[63,55,54,38,24,0,0],"gold":155,"neow_bonus":"BOSS_RELIC","is_daily":false,"chose_seed":false,"campfire_upgraded":0,"win_rate":0.0,"timestamp":1607792842,"path_taken":["M","?","M","M","?","E"],"items_purchased_type":[],"build_version":"2020-11-30","purchased_purges":0,"victory":false,"max_hp_per_floor":[70,70,70,70,70,70,70],"card_choices":[{"not_picked":["Skewer","Cloak And Dagger"],"picked":"Dagger Spray","floor":1.0},{"not_picked":["Dagger Spray","Well Laid Plans"],"picked":"Caltrops","floor":2.0},{"not_picked":["Expertise","Sucker Punch","Heel Hook"],"picked":"SKIP","floor":3.0},{"not_picked":["Predator","Well Laid Plans"],"picked":"Poisoned Stab","floor":4.0}],"player_experience":460080,"relics_obtained":[],"event_choices":[{"damage_healed":38.0,"max_hp_gain":0.0,"max_hp_loss":70.0,"gold_gain":0.0,"event_name":"betterThird:BetterShining","player_choice":"Upgrade","floor":5.0,"gold_loss":0.0,"damage_taken":14.0,"cards_upgraded":["Strike_G","Defend_G"]}],"is_beta":false,"boss_relics":[],"items_purged_floors":[],"is_endless":false,"potions_floor_spawned":[2,4],"killed_by":"Lagavulin","ascension_level":12}}