{"host":"81h68oe4mr04pk3r","time":1607764789,"event":{"mods":["Act Like it!","Aspiration","BaseMod","BetterRewards","Colored Map","Colored Powertips","Conspire","Downfall","Hermit","Hubris","Infinite Spire","Jorbs\u0027s Wanderer Trilogy","Koishi","Lobotomy","LobotomyExtend","Marisa????????","Minty Spire (QoL Compilation)","Quick Restart","Reimu??????","Remilia??????","Replay The Spire","StSLib","The Bug Knight","The Construct","The Cursed","The Disciple","The Servant 0.9.4"],"gold_per_floor":[110,110,110,110,129,129,129,158,203,216,20,32,32,32,32,135,135,151,66,81,96,96,96,96,42,66,79,90,105,105,124,124,101,101],"floor_reached":33,"playtime":1583,"items_purged":["UniverseFragment"],"score":247,"play_id":"a2796a89-0cf9-4a52-9873-7f22d5770b76","local_time":"20201212011949","is_ascension_mode":false,"campfire_choices":[{"data":"infinitespire:Punishment","floor":6,"key":"SMITH"},{"floor":13,"key":"REST"},{"floor":15,"key":"DIG"},{"data":"FinalSpark","floor":24,"key":"SMITH"},{"data":"PowerUp","floor":30,"key":"SMITH"},{"data":"PowerUp","floor":32,"key":"SMITH"}],"circlet_count":0,"master_deck":["Strike_MRS","Strike_MRS","Strike_MRS","Strike_MRS","Defend_MRS","Defend_MRS","Defend_MRS","MasterSpark","UpSweep","PulseMagic+1","infinitespire:Punishment+1","6A","OSAHOGD","PowerUp+1","Scorched","EarthLightRay","DoubleSpark","ChargeUpSpray","ShyLook","ChargingUp","OldLady","FinalSpark+1","PulseMagic","Yin","WitchLeyline","WitchLeyline","SporeBomb","PowerUp+1","Freischutz","MilkyWay","DoubleSpark"],"relics":["MiniHakkero","CogitoBucket","RabbitCall","LetterFromLob","hubris:SlimyHat","Vajra","Centennial Puzzle","hubris:Backtick","infinitespire:Magic Flask","LuminousBracelet","aspiration:DSix","hubris:BottledHeart","Blue Doll","BackwardClock","Yang_Lob"],"acts_visited":["Exordium","TheCity"],"potions_floor_usage":[20,29,33],"damage_taken":[{"damage":5,"enemies":"Jaw Worm","floor":1,"turns":4},{"damage":0,"enemies":"Small Slimes","floor":5,"turns":3},{"damage":18,"enemies":"Lagavulin","floor":8,"turns":4},{"damage":0,"enemies":"Cultist","floor":10,"turns":2},{"damage":0,"enemies":"2 Fungi Beasts","floor":12,"turns":2},{"damage":3,"enemies":"Slime Boss","floor":16,"turns":6},{"damage":41,"enemies":"3 Byrds","floor":18,"turns":4},{"damage":0,"enemies":"Spheric Guardian","floor":20,"turns":3},{"damage":35,"enemies":"Snake Plant","floor":21,"turns":3},{"damage":0,"enemies":"Snecko","floor":27,"turns":3},{"damage":0,"enemies":"Shelled Parasite and Fungi","floor":28,"turns":4},{"damage":0,"enemies":"Centurion and Healer","floor":29,"turns":5},{"damage":0,"enemies":"Sentry and Sphere","floor":31,"turns":3},{"damage":0,"enemies":"Champ","floor":33,"turns":7}],"seed_played":"1283330669075955141","potions_obtained":[{"floor":8,"key":"DistilledChaos"},{"floor":10,"key":"Guardian:BlockOnCardUsePotion"},{"floor":21,"key":"SmokeBomb"},{"floor":27,"key":"sneckomod:MuddlingPotion"},{"floor":29,"key":"Elixir"}],"is_trial":false,"path_per_floor":["M","?","?","?","M","R","?","E","T","M","$","M","R","M","R_BF","B",null,"M","?","M","M","?","?","R","$","T","M","M","M","R","M","R","B"],"character_chosen":"MARISA","items_purchased":["DoubleSpark","ChargeUpSpray","SporeBomb"],"campfire_rested":1,"item_purchase_floors":[11,11,25],"current_hp_per_floor":[70,52,56,56,56,56,56,38,38,38,38,38,60,60,60,57,75,53,53,53,25,1,1,1,1,1,1,1,1,1,1,1,1,1],"gold":101,"neow_bonus":"","is_daily":false,"chose_seed":false,"campfire_upgraded":4,"win_rate":0.0,"timestamp":1607764789,"path_taken":["M","?","?","?","?","R","?","E","T","M","$","M","R","M","R_BF","BOSS","M","?","M","M","?","?","R","$","T","M","?","?","R","M","R","BOSS"],"items_purchased_type":["Card","Card","Card"],"build_version":"2020-11-30","purchased_purges":1,"victory":false,"max_hp_per_floor":[75,75,75,75,75,75,75,75,75,75,75,75,75,75,75,75,75,90,90,90,90,1,1,1,1,1,1,1,1,1,1,1,1,1],"card_choices":[{"not_picked":["Wellcheers","Bloodbath","Scarecrow"],"picked":"Singing Bowl","floor":1},{"not_picked":["IllusionStar","LuminesStrike"],"picked":"PulseMagic","floor":1},{"not_picked":["hubris:InfiniteBlow","ReplayTheSpireMod:Book of Names"],"picked":"infinitespire:Punishment","floor":2},{"not_picked":["Scarecrow","GalaxyChild","BeautyBeast"],"picked":"Singing Bowl","floor":5},{"not_picked":["MHz","Murderer"],"picked":"UniverseFragment","floor":5},{"not_picked":["GravityBeat","DC"],"picked":"6A","floor":5},{"not_picked":["PunishingBird","MHz"],"picked":"OSAHOGD","floor":8},{"not_picked":["AlicesGift","WitchOfGreed"],"picked":"PowerUp","floor":8},{"not_picked":["BeautyBeast","NakedNest"],"picked":"Scorched","floor":10},{"not_picked":["WitchOfGreed","GasGiant"],"picked":"EarthLightRay","floor":10},{"not_picked":["PlagueDoctor","BigBird","Bloodbath"],"picked":"Singing Bowl","floor":12},{"not_picked":["Wellcheers","WallGazer"],"picked":"ShyLook","floor":12},{"not_picked":["MeteoricShower","NonDirectionalLaser"],"picked":"ChargingUp","floor":12},{"not_picked":["SpiderBud","Mercenary"],"picked":"OldLady","floor":16},{"not_picked":["MillisecondPulsars","EscapeVelocity"],"picked":"FinalSpark","floor":16},{"not_picked":["CherryBlossoms","BodiesMountain","Scarecrow"],"picked":"Singing Bowl","floor":18},{"not_picked":["SprinkleStarSeal","ShootingEcho"],"picked":"PulseMagic","floor":18},{"not_picked":["VoidDream","LongBird"],"picked":"Yin","floor":20},{"not_picked":["EarthLightRay","EnergyFlow"],"picked":"WitchLeyline","floor":20},{"not_picked":["MysteriousBeam","SatelliteIllusion"],"picked":"WitchLeyline","floor":21},{"not_picked":["CherryBlossoms","BigBadWolf","SingingMachine"],"picked":"Singing Bowl","floor":27},{"not_picked":["MysteriousBeam","ShootingEcho"],"picked":"PowerUp","floor":27},{"not_picked":["StarlightTyphoon","WitchOfGreed","UnstableBomb+1"],"picked":"SKIP","floor":28},{"not_picked":["Laetitia","CrumblingArmor","CENSORED"],"picked":"Singing Bowl","floor":29},{"not_picked":["Variant","VoidDream"],"picked":"Freischutz","floor":29},{"not_picked":["MaximisePower","DC"],"picked":"MilkyWay","floor":29},{"not_picked":["FieryBird","Scarecrow","BeautyBeast"],"picked":"Singing Bowl","floor":31},{"not_picked":["DC","6A"],"picked":"DoubleSpark","floor":31}],"player_experience":94964,"relics_obtained":[{"floor":1,"key":"LetterFromLob"},{"floor":8,"key":"hubris:SlimyHat"},{"floor":9,"key":"Vajra"},{"floor":15,"key":"Centennial Puzzle"},{"floor":26,"key":"Blue Doll"}],"event_choices":[{"cards_removed":["Defend_MRS"],"damage_healed":0,"gold_gain":0,"player_choice":"Purged","damage_taken":0,"max_hp_gain":0,"max_hp_loss":0,"event_name":"Purifier","floor":4,"gold_loss":0},{"damage_healed":0,"gold_gain":0,"player_choice":"Upgraded","damage_taken":0,"max_hp_gain":0,"max_hp_loss":0,"event_name":"Upgrade Shrine","floor":7,"gold_loss":0,"cards_upgraded":["PulseMagic"]},{"damage_healed":0,"gold_gain":0,"player_choice":"Obtained Relic","damage_taken":0,"relics_obtained":["aspiration:DSix"],"max_hp_gain":0,"max_hp_loss":0,"event_name":"Addict","floor":19,"gold_loss":85},{"damage_healed":0,"gold_gain":0,"player_choice":"Shed Blood","damage_taken":0,"max_hp_gain":5,"max_hp_loss":0,"event_name":"Forgotten Altar","floor":23,"gold_loss":0}],"is_beta":false,"boss_relics":[{"not_picked":["Replay:Drink Me","aspiration:FutureDiary"],"picked":"hubris:Backtick"}],"items_purged_floors":[11],"is_endless":false,"potions_floor_spawned":[8,10,21,27,29,31],"killed_by":"Champ","ascension_level":0}}