{"host":"7ag265zevd2xd8y7","time":1607804873,"event":{"mods":["2.2 Compatiblity","AchievementEnabler","BaseMod","Better Third Choice","CapriCore","Colored Map","Highlight Path","Minty Spire (QoL Compilation)","Shop Mod","StSLib","The Dragon Tamer"],"gold_per_floor":[367,384,384,190,190,210,210,226,226,226,251,151,164,182,182,277,277,289,309,321,341,341,372,385,405,455,455,486,486,518,352,352,452,452,467,317,328,347,152,152,166,166,166,184,213,230,258,269,269,269,269,269,69,102,102],"floor_reached":56,"playtime":3950,"items_purged":["DTMod:Strike","DTMod:Strike","DTMod:TargetDefense","DTMod:DoubleHit","DTMod:Feint"],"score":1498,"play_id":"290491c1-db08-4645-9761-9f9ca893901a","local_time":"20201212122753","is_ascension_mode":false,"metric_token":723,"campfire_choices":[{"data":"DTMod:SwitchingTactic","floor":7.0,"key":"SMITH"},{"data":"DTMod:Dissolve","floor":15.0,"key":"SMITH"},{"data":"DTMod:Dissolve","floor":32,"key":"SMITH"},{"data":"DTMod:BurningForce","floor":40,"key":"SMITH"},{"floor":49,"key":"RECALL"},{"data":"DTMod:WarmUp","floor":52,"key":"SMITH"}],"dtmod_dragon_data":[6,50,2,1,12,8],"circlet_count":0,"master_deck":["DTMod:TargetDefense","DTMod:TargetDefense","DTMod:TargetDefense","DTMod:SwitchingTactic+1","DTMod:MagiciansMark","DTMod:Coolant","DTMod:BurningForce","DTMod:Astonish","DTMod:CleansingStrike","DTMod:Dissolve+1","DTMod:Weaken","DTMod:BalancedStrike","DTMod:BurningEnergy","DTMod:Inferno","DTMod:WarmUp+1","DTMod:Hide","DTMod:BurningForce+1","DTMod:Shift+1","DTMod:Dissolve+1","DTMod:Prediction","DTMod:BalancedStrike+1","DTMod:QuickFly","DTMod:Conduct+1","Apotheosis","DTMod:Dissolve","DTMod:PurifyingFlame","DTMod:BurningForce+1","DTMod:QuickFly","DTMod:WarmUp"],"relics":["DTMod:PactStone","DTMod:AncientBone","Vajra","FossilizedHelix","Sozu","Strawberry","Bag of Preparation","Bottled Tornado","HornCleat","Shuriken","Coffee Dripper","Medical Kit","Oddly Smooth Stone","Gremlin Horn","Bird Faced Urn"],"acts_visited":["Exordium","TheCity","TheBeyond","TheEnding"],"potions_floor_usage":[23],"damage_taken":[{"damage":0.0,"enemies":"Small Slimes","floor":1.0,"turns":4.0},{"damage":0.0,"enemies":"Cultist","floor":2.0,"turns":3.0},{"damage":0.0,"enemies":"Jaw Worm","floor":6.0,"turns":3.0},{"damage":0.0,"enemies":"Blue Slaver","floor":8.0,"turns":4.0},{"damage":0.0,"enemies":"Lagavulin","floor":11.0,"turns":6.0},{"damage":0.0,"enemies":"Looter","floor":13.0,"turns":3.0},{"damage":0.0,"enemies":"Exordium Thugs","floor":14.0,"turns":5.0},{"damage":4.0,"enemies":"Slime Boss","floor":16.0,"turns":11.0},{"damage":10.0,"enemies":"3 Byrds","floor":18.0,"turns":5.0},{"damage":0.0,"enemies":"2 Thieves","floor":19.0,"turns":4.0},{"damage":0.0,"enemies":"Centurion and Healer","floor":20.0,"turns":5.0},{"damage":0.0,"enemies":"Snake Plant","floor":21.0,"turns":3.0},{"damage":0,"enemies":"Book of Stabbing","floor":23,"turns":4},{"damage":0,"enemies":"Sentry and Sphere","floor":24,"turns":3},{"damage":0,"enemies":"Centurion and Healer","floor":25,"turns":5},{"damage":2,"enemies":"Gremlin Leader","floor":28,"turns":5},{"damage":0,"enemies":"Book of Stabbing","floor":30,"turns":4},{"damage":14,"enemies":"Automaton","floor":33,"turns":10},{"damage":2,"enemies":"3 Darklings","floor":35,"turns":6},{"damage":0,"enemies":"3 Shapes","floor":37,"turns":3},{"damage":0,"enemies":"Sphere and 2 Shapes","floor":38,"turns":4},{"damage":0,"enemies":"Spire Growth","floor":41,"turns":3},{"damage":0,"enemies":"Maw","floor":44,"turns":5},{"damage":0,"enemies":"Giant Head","floor":45,"turns":5},{"damage":0,"enemies":"Jaw Worm Horde","floor":46,"turns":4},{"damage":0,"enemies":"Nemesis","floor":47,"turns":3},{"damage":0,"enemies":"4 Shapes","floor":48,"turns":2},{"damage":0,"enemies":"Awakened One","floor":50,"turns":7},{"damage":0,"enemies":"Shield and Spear","floor":54,"turns":3},{"damage":0,"enemies":"The Heart","floor":55,"turns":6}],"seed_played":"-8422056907296183506","potions_obtained":[{"floor":6.0,"key":"SpeedPotion"},{"floor":8.0,"key":"GamblersBrew"},{"floor":11.0,"key":"DuplicationPotion"},{"floor":13.0,"key":"Regen Potion"}],"is_trial":false,"path_per_floor":["M","M","?","$","?","M","R","M","T","?","E","$","M","M","R","B",null,"M","M","M","M","?","E","M","M","T","T","E","?","E","$","R","B",null,"M","$","M","M","$","R","M","?","T","M","E","M","E","M","R","B",null,"R","$","E","B",null],"character_chosen":"THE_DT","items_purchased":["DTMod:Coolant","DTMod:BurningForce","DTMod:Dissolve","Medical Kit","DTMod:QuickFly","DTMod:QuickFly"],"campfire_rested":0,"item_purchase_floors":[4,4,31,39,39,53],"current_hp_per_floor":[33,33,26,26,26,26,26,26,26,26,26,26,26,26,26,22,45,35,35,35,35,35,42,42,42,42,42,40,40,40,40,40,26,52,50,50,50,50,50,50,50,50,50,50,50,50,50,50,50,50,52,52,52,52,52],"gold":102,"neow_bonus":"TWO_FIFTY_GOLD","is_daily":false,"chose_seed":false,"campfire_upgraded":5,"win_rate":0.0,"timestamp":1607804873,"path_taken":["M","M","?","$","?","M","R","M","T","?","E","$","M","M","R","BOSS","M","M","M","?","?","E","M","M","T","?","E","?","E","?","R","BOSS","M","$","M","M","$","R","M","?","T","M","E","M","E","M","R","BOSS","R","$","E","BOSS"],"items_purchased_type":["Card","Card","Card","Relic","Card","Card"],"build_version":"2020-11-30","purchased_purges":5,"victory":true,"max_hp_per_floor":[45,45,45,45,45,45,45,45,45,45,45,45,45,45,45,45,45,45,45,45,45,45,52,52,52,52,52,52,52,52,52,52,52,52,52,52,52,52,52,52,52,52,52,52,52,52,52,52,52,52,52,52,52,52,52],"card_choices":[{"not_picked":["DTMod:MasterPlan","DTMod:Dissolve"],"picked":"DTMod:MagiciansMark","floor":1.0},{"not_picked":["DTMod:BreakAttack","DTMod:BurningEnergy"],"picked":"DTMod:Feint","floor":2.0},{"not_picked":["DTMod:MaximumCharge","DTMod:RunningTactic"],"picked":"DTMod:Astonish","floor":6.0},{"not_picked":["DTMod:ResonanceForm","DTMod:LowKick"],"picked":"DTMod:CleansingStrike","floor":8.0},{"not_picked":["DTMod:MagicField","DTMod:Cover"],"picked":"DTMod:Weaken","floor":11.0},{"not_picked":["DTMod:ComboAttack","DTMod:BizarreTactic"],"picked":"DTMod:BalancedStrike","floor":13.0},{"not_picked":["DTMod:ShieldDrain","DTMod:Threaten"],"picked":"DTMod:BurningEnergy","floor":14.0},{"not_picked":["DTMod:FierySynthesis","DTMod:LightShield"],"picked":"DTMod:Inferno","floor":16.0},{"not_picked":["DTMod:Cover","DTMod:Threaten"],"picked":"DTMod:WarmUp","floor":18.0},{"not_picked":["DTMod:Weaken","DTMod:FlameSlash"],"picked":"DTMod:Hide","floor":19.0},{"not_picked":["DTMod:HeatWave","DTMod:ForkedFire"],"picked":"DTMod:BurningForce","floor":20.0},{"not_picked":["DTMod:BlazingStrike","DTMod:Weaken","DTMod:MasterPlan"],"picked":"SKIP","floor":21.0},{"not_picked":["DTMod:Conduct+1","DTMod:Feint","DTMod:SneakAttack+1"],"picked":"SKIP","floor":23},{"not_picked":["DTMod:Weaken","DTMod:PurifyingFlame"],"picked":"DTMod:Shift+1","floor":24},{"not_picked":["DTMod:Punisher","DTMod:CrossStep","DTMod:MasterPlan"],"picked":"SKIP","floor":25},{"not_picked":["DTMod:GhostSkin","DTMod:DeepFocus","DTMod:PurifyingFlame+1"],"picked":"SKIP","floor":28},{"not_picked":["DTMod:HeatWave","DTMod:ExcessFootwork","DTMod:Threaten"],"picked":"SKIP","floor":30},{"not_picked":["DTMod:SealedStrike","DTMod:HeadStart"],"picked":"DTMod:Prediction","floor":33},{"not_picked":["DTMod:ComboAttack","DTMod:Feint+1","DTMod:Weaken+1"],"picked":"SKIP","floor":35},{"not_picked":["DTMod:HeatWave","DTMod:SneakAttack+1","DTMod:Overwhelm+1"],"picked":"SKIP","floor":37},{"not_picked":["DTMod:Feint","DTMod:ForkedFire"],"picked":"DTMod:BalancedStrike+1","floor":38},{"not_picked":["DTMod:ShieldDrain+1","DTMod:QuickFly"],"picked":"DTMod:Conduct+1","floor":41},{"not_picked":["Mind Blast","Metamorphosis"],"picked":"Apotheosis","floor":42},{"not_picked":["DTMod:Weaken+1","DTMod:HeatWave","DTMod:MaximumCharge"],"picked":"SKIP","floor":44},{"not_picked":["DTMod:Training","DTMod:Shift+1"],"picked":"DTMod:Dissolve","floor":45},{"not_picked":["DTMod:ComboAttack","DTMod:CalculatedDefense+1","DTMod:Harmonize"],"picked":"SKIP","floor":46},{"not_picked":["DTMod:Feint","DTMod:BlazingStrike"],"picked":"DTMod:PurifyingFlame","floor":47},{"not_picked":["DTMod:ComboAttack+1","DTMod:PurifyingFlame"],"picked":"DTMod:BurningForce+1","floor":48},{"not_picked":["DTMod:TauntingStrike+1","DTMod:PurifyingFlame+1"],"picked":"DTMod:WarmUp","floor":54}],"player_experience":46605,"relics_obtained":[{"floor":9.0,"key":"Vajra"},{"floor":11.0,"key":"FossilizedHelix"},{"floor":23,"key":"Strawberry"},{"floor":26,"key":"Bag of Preparation"},{"floor":27,"key":"Bottled Tornado"},{"floor":28,"key":"HornCleat"},{"floor":30,"key":"Shuriken"},{"floor":45,"key":"Oddly Smooth Stone"},{"floor":47,"key":"Gremlin Horn"},{"floor":54,"key":"Bird Faced Urn"}],"event_choices":[{"damage_healed":0.0,"max_hp_gain":0.0,"max_hp_loss":0.0,"gold_gain":0.0,"event_name":"Scrap Ooze","player_choice":"Success","floor":3.0,"gold_loss":0.0,"damage_taken":7.0,"relics_obtained":["DTMod:AncientBone"]},{"cards_removed":["DTMod:Strike"],"damage_healed":0.0,"max_hp_gain":0.0,"max_hp_loss":0.0,"gold_gain":0.0,"event_name":"Living Wall","player_choice":"Forget","floor":5.0,"gold_loss":0.0,"damage_taken":0.0},{"damage_healed":0.0,"max_hp_gain":0.0,"max_hp_loss":0.0,"gold_gain":0.0,"cards_transformed":["DTMod:Strike"],"event_name":"Transmorgrifier","player_choice":"Transformed","floor":10.0,"gold_loss":0.0,"damage_taken":0.0,"cards_obtained":["DTMod:Dissolve"]},{"damage_healed":0,"gold_gain":0,"player_choice":"Ignored","damage_taken":0,"max_hp_gain":0,"max_hp_loss":0,"event_name":"Vampires","floor":22,"gold_loss":0},{"damage_healed":0,"gold_gain":0,"player_choice":"Ignored","damage_taken":0,"max_hp_gain":0,"max_hp_loss":0,"event_name":"Ghosts","floor":29,"gold_loss":0},{"damage_healed":0,"gold_gain":0,"player_choice":"Memory 1","damage_taken":0,"max_hp_gain":0,"max_hp_loss":0,"event_name":"SensoryStone","floor":42,"gold_loss":0}],"is_beta":false,"boss_relics":[{"not_picked":["DTMod:MagicStone","Tiny House"],"picked":"Sozu"},{"not_picked":["Astrolabe","Busted Crown"],"picked":"Coffee Dripper"}],"items_purged_floors":[4,12,31,36,53],"is_endless":false,"potions_floor_spawned":[6,8,11,13,14,21,24,28,30,33,38,41,44,46],"ascension_level":0}}