{"host":"046f94hp0svsg0ce","time":1607785269,"event":{"mods":["Act Like it!","Astrologer","BaseMod","Beaked The Cultist","Colored Map","Colored Powertips","GungeonMod","Halation","Highlight Path","Mad Scientist","Minty Spire (QoL Compilation)","Quick Restart","Rare Cards Sparkle","StSLib","The Construct","The Forsaken","The Necromancer","The Runesmith","The Servant 0.9.4"],"gold_per_floor":[113,113,113,137,62,100,124,124,148,148,188,188,34,57,57,183,183,203,203,10,10,23,66,18,37,37,37,50,50,89,114,114,248,248,267,600,658,713,715,715],"floor_reached":39,"playtime":3861,"items_purged":["Injury"],"score":470,"play_id":"6f9fdbb7-1a0d-4d98-8323-ab591b00d413","local_time":"20201212160109","is_ascension_mode":false,"campfire_choices":[{"floor":8,"key":"REST"},{"data":"construct:Enhance","floor":10,"key":"SMITH"},{"data":"construct:FocusedBeam","floor":12,"key":"SMITH"},{"data":"construct:PowerUp","floor":15,"key":"SMITH"},{"floor":29,"key":"REST"},{"floor":32,"key":"REST"}],"circlet_count":0,"master_deck":["construct:Strike_Gold","construct:Strike_Gold","construct:Strike_Gold","construct:Strike_Gold","construct:Strike_Gold","construct:Defend_Gold","construct:Defend_Gold","construct:Defend_Gold","construct:Defend_Gold","construct:Defend_Gold","construct:AttackMode","construct:DefenseMode","construct:FocusedBeam+1","construct:Enhance+1","construct:PowerUp+1","construct:PowerUp","construct:GatlingGun","construct:GatlingGun","construct:Anticipate","J.A.X.","construct:Anticipate","construct:FlakBarrage+1","construct:PointDefense","construct:CriticalHit+1","construct:GuardCore","construct:ScopeCore","construct:Backup","construct:SiegeForm","construct:PointDefense+1"],"relics":["construct:Cogwheel","Torii","Lantern","theForsaken:Lifeblossom","halation:NonexistentMirror","construct:WeddingRing","Juzu Bracelet","Enchiridion","halation:Pancakes","StoneCalendar","halation:IllGainedPizza","construct:ClawGrip","DemoMod:GreenGuonStone","Bronze Scales"],"acts_visited":["Exordium","TheCity","TheBeyond"],"potions_floor_usage":[11,23,25,27,27,27,30],"damage_taken":[{"damage":0,"enemies":"Jaw Worm","floor":1,"turns":4},{"damage":0,"enemies":"Small Slimes","floor":4,"turns":3},{"damage":24,"enemies":"Gremlin Nob","floor":6,"turns":4},{"damage":1,"enemies":"2 Louse","floor":7,"turns":3},{"damage":11,"enemies":"Lagavulin","floor":11,"turns":12},{"damage":13,"enemies":"Blue Slaver","floor":14,"turns":4},{"damage":39,"enemies":"Hexaghost","floor":16,"turns":16},{"damage":29,"enemies":"Shell Parasite","floor":18,"turns":5},{"damage":0,"enemies":"Spheric Guardian","floor":22,"turns":3},{"damage":40,"enemies":"Book of Stabbing","floor":23,"turns":6},{"damage":4,"enemies":"Snecko","floor":25,"turns":3},{"damage":6,"enemies":"Slavers","floor":27,"turns":2},{"damage":15,"enemies":"Cultist and Chosen","floor":28,"turns":5},{"damage":48,"enemies":"Book of Stabbing","floor":30,"turns":7},{"damage":19,"enemies":"Centurion and Healer","floor":31,"turns":5},{"damage":65,"enemies":"Champ","floor":33,"turns":9},{"damage":17,"enemies":"Orb Walker","floor":35,"turns":5},{"damage":84,"enemies":"2 Orb Walkers","floor":37,"turns":5},{"damage":10,"enemies":"3 Darklings","floor":39,"turns":1}],"seed_played":"6790941071935077946","potions_obtained":[{"floor":6,"key":"Ancient Potion"},{"floor":14,"key":"SmokeBomb"},{"floor":16,"key":"AttackPotion"},{"floor":18,"key":"SteroidPotion"},{"floor":25,"key":"SpeedPotion"},{"floor":28,"key":"Strength Potion"}],"is_trial":false,"path_per_floor":["M","?","?","M","$","E","M","R","T","R","E","R","$","M","R","B",null,"M","?","$","?","M","E","$","M","T","E","M","R","E","M","R","B",null,"M","?","?","T","M"],"character_chosen":"THE_CONSTRUCT_MOD","items_purchased":["halation:NonexistentMirror","Juzu Bracelet","construct:Anticipate","AttackPotion"],"campfire_rested":3,"item_purchase_floors":[13,20,20,24],"current_hp_per_floor":[93,93,93,93,93,69,68,93,93,93,82,82,82,75,75,42,93,65,65,65,49,54,20,20,21,21,18,9,36,55,42,69,10,93,79,79,1,1,0,0],"gold":715,"neow_bonus":"TEN_PERCENT_HP_BONUS","is_daily":false,"chose_seed":false,"campfire_upgraded":3,"win_rate":0.0,"timestamp":1607785269,"path_taken":["M","?","?","M","$","E","M","R","T","R","E","R","$","M","R","BOSS","M","?","$","?","M","E","$","M","T","E","M","R","E","M","R","BOSS","M","?","?","?","M"],"items_purchased_type":["Relic","Relic","Card","Potion"],"build_version":"2020-11-30","purchased_purges":1,"victory":false,"max_hp_per_floor":[93,93,93,93,93,93,93,93,93,93,93,93,93,93,93,93,93,93,93,93,93,93,93,93,93,93,93,93,93,93,93,93,93,93,93,93,93,93,93,93],"card_choices":[{"not_picked":["construct:ModeShift","construct:Reinforce"],"picked":"construct:FocusedBeam","floor":1},{"not_picked":["construct:SyphonStrike","construct:Dampening","construct:Reinforce"],"picked":"SKIP","floor":4},{"not_picked":["construct:Forcefield","construct:ScrapCannon"],"picked":"construct:Enhance","floor":6},{"not_picked":["construct:Backfire","construct:MetalShell","construct:Multistage"],"picked":"SKIP","floor":7},{"not_picked":["construct:HeavyBolt","construct:Analyze","construct:Accumulate"],"picked":"SKIP","floor":11},{"not_picked":["construct:Tumble","construct:FierceBash"],"picked":"construct:PowerUp","floor":14},{"not_picked":["construct:HyperBeam","construct:LongRangeLance"],"picked":"construct:GatlingGun","floor":16},{"not_picked":["construct:UnbalancingBlast","construct:FierceBash+1"],"picked":"construct:Anticipate","floor":18},{"not_picked":["construct:Tumble+1","construct:SyphonStrike+1"],"picked":"construct:FlakBarrage+1","floor":22},{"not_picked":["construct:SuppressiveFire","construct:Accumulate"],"picked":"construct:PointDefense","floor":23},{"not_picked":["construct:HyperBeam","construct:ModeShift"],"picked":"construct:CriticalHit+1","floor":25},{"not_picked":["construct:ModeShift","construct:VentSteam"],"picked":"construct:GuardCore","floor":28},{"not_picked":["construct:BatteryAcid","construct:Backup"],"picked":"construct:ScopeCore","floor":30},{"not_picked":["construct:ModeShift","construct:VentSteam+1"],"picked":"construct:Backup","floor":31},{"not_picked":["construct:GatlingGun","construct:HyperBeam"],"picked":"construct:SiegeForm","floor":33},{"not_picked":["construct:Backfire+1","construct:ForceCore+1"],"picked":"construct:PointDefense+1","floor":35}],"player_experience":1563735,"relics_obtained":[{"floor":6,"key":"Torii"},{"floor":9,"key":"Lantern"},{"floor":11,"key":"theForsaken:Lifeblossom"},{"floor":21,"key":"Enchiridion"},{"floor":23,"key":"DemoMod:WeirdEgg"},{"floor":26,"key":"StoneCalendar"},{"floor":30,"key":"halation:IllGainedPizza"},{"floor":37,"key":"DemoMod:GreenGuonStone"},{"floor":38,"key":"Bronze Scales"}],"event_choices":[{"damage_healed":0,"gold_gain":0,"player_choice":"Take Wound","damage_taken":0,"relics_obtained":["Golden Idol"],"max_hp_gain":0,"max_hp_loss":0,"event_name":"Golden Idol","floor":2,"gold_loss":0,"cards_obtained":["Injury"]},{"damage_healed":0,"gold_gain":0,"player_choice":"Obtain J.A.X.","damage_taken":0,"max_hp_gain":0,"max_hp_loss":0,"event_name":"Drug Dealer","floor":19,"gold_loss":0,"cards_obtained":["J.A.X."]},{"damage_healed":0,"gold_gain":0,"player_choice":"Obtained Book","damage_taken":16,"max_hp_gain":0,"max_hp_loss":0,"event_name":"Cursed Tome","floor":21,"gold_loss":0},{"damage_healed":0,"gold_gain":333,"player_choice":"Gave Idol","damage_taken":0,"max_hp_gain":0,"max_hp_loss":0,"event_name":"The Moai Head","floor":36,"relics_lost":["Golden Idol"],"gold_loss":0},{"damage_healed":0,"gold_gain":0,"player_choice":"Fight","damage_taken":0,"max_hp_gain":0,"max_hp_loss":0,"event_name":"Mysterious Sphere","floor":37,"gold_loss":0}],"is_beta":false,"boss_relics":[{"not_picked":["Black Star","Ectoplasm"],"picked":"construct:WeddingRing"},{"not_picked":["halation:HeavySnake","halation:Yufonium"],"picked":"construct:ClawGrip"}],"items_purged_floors":[5],"is_endless":false,"potions_floor_spawned":[6,14,16,18,22,25,27,28],"killed_by":"3 Darklings","ascension_level":0}}