{"host":"8zzc9mdnfkdiyxma","time":1607747223,"event":{"mods":["2.2 Compatiblity","BaseMod","Better Altar","Better Match","Better Note","Better Sensory Stone","Better Skull","Better Third Choice","Better Vampires","Colored Map","Colored Powertips","Energized Spire","Halation","Minty Spire (QoL Compilation)","Permanent Neow","Rare Cards Sparkle","Relic Filter","SacredBarkPlus","StSLib","Waifu the Spire"],"gold_per_floor":[118,118,73,48,58,58,89,89,139,171,171,185,201,217,217,292,292,244,244,169,169,16,16,16,36,60,72,72,99,99,115,115,115,115],"floor_reached":33,"playtime":1909,"items_purged":["Pain","Strike_G"],"score":596,"play_id":"a28241bd-6234-4c2b-9372-e3738b2534da","local_time":"20201211232703","is_ascension_mode":true,"campfire_choices":[{"data":"Neutralize","floor":6,"key":"SMITH"},{"data":"Noxious Fumes","floor":8,"key":"SMITH"},{"data":"Footwork","floor":15,"key":"SMITH"},{"floor":23,"key":"REST"},{"data":"Die Die Die","floor":30,"key":"SMITH"},{"floor":32,"key":"REST"}],"circlet_count":0,"master_deck":["AscendersBane","Strike_G","Strike_G","Strike_G","Strike_G","Defend_G","Defend_G","Defend_G","Defend_G","Defend_G","Survivor","Neutralize+1","Footwork+1","Noxious Fumes+1","Poisoned Stab","Poisoned Stab","Sucker Punch","Terror","Backflip","PiercingWail","Die Die Die+1","Envenom+1","Poisoned Stab","Dodge and Roll","PiercingWail+1","Quick Slash+1","Well Laid Plans+1"],"relics":["Ring of the Snake","NeowsBlessing","WarpedTongs","Bag of Marbles","Pear","energizedSpire:NeverEndingSparkler","Regal Pillow","Dream Catcher"],"acts_visited":["Exordium","TheCity"],"potions_floor_usage":[16,25,31,33],"damage_taken":[{"damage":0,"enemies":"Small Slimes","floor":1,"turns":1},{"damage":1,"enemies":"Cultist","floor":5,"turns":1},{"damage":3,"enemies":"3 Sentries","floor":7,"turns":2},{"damage":19,"enemies":"Gremlin Nob","floor":10,"turns":4},{"damage":1,"enemies":"Jaw Worm","floor":12,"turns":3},{"damage":10,"enemies":"2 Fungi Beasts","floor":13,"turns":5},{"damage":2,"enemies":"Looter","floor":14,"turns":3},{"damage":27,"enemies":"Slime Boss","floor":16,"turns":9},{"damage":10,"enemies":"2 Thieves","floor":18,"turns":5},{"damage":4,"enemies":"Chosen","floor":25,"turns":6},{"damage":10,"enemies":"Shelled Parasite and Fungi","floor":27,"turns":7},{"damage":2,"enemies":"Gremlin Leader","floor":29,"turns":9},{"damage":11,"enemies":"Snecko","floor":31,"turns":6},{"damage":78,"enemies":"Collector","floor":33,"turns":8}],"seed_played":"2963164884708949446","potions_obtained":[{"floor":1,"key":"Swift Potion"},{"floor":5,"key":"SneckoOil"},{"floor":7,"key":"LiquidBronze"},{"floor":19,"key":"DistilledChaos"},{"floor":19,"key":"DuplicationPotion"},{"floor":29,"key":"PowerPotion"}],"is_trial":false,"path_per_floor":["M","?","$","$","M","R","E","R","T","E","?","M","M","M","R","B",null,"M","?","$","?","$","R","$","M","T","M","?","E","R","M","R","B"],"character_chosen":"THE_SILENT","items_purchased":["Noxious Fumes","Poisoned Stab","Dodge and Roll"],"campfire_rested":2,"item_purchase_floors":[3,4,22],"current_hp_per_floor":[59,59,59,59,58,58,55,55,55,46,46,45,35,33,33,6,59,49,49,49,45,45,67,67,63,63,53,53,51,51,40,76,0,0],"gold":115,"neow_bonus":"THREE_ENEMY_KILL","is_daily":false,"chose_seed":false,"campfire_upgraded":4,"win_rate":0.0,"timestamp":1607747223,"path_taken":["M","?","?","$","M","R","E","R","T","E","?","M","?","M","R","BOSS","M","?","$","?","$","R","?","M","T","?","?","E","R","M","R","BOSS"],"items_purchased_type":["Card","Card","Card"],"build_version":"2020-11-30","purchased_purges":2,"victory":false,"max_hp_per_floor":[66,66,66,66,66,66,66,66,66,76,76,76,76,76,76,76,76,76,76,76,76,76,76,76,76,76,76,76,76,76,76,76,76,76],"card_choices":[{"not_picked":["Skewer","Tactician"],"picked":"Footwork","floor":1},{"not_picked":["Leg Sweep","Prepared"],"picked":"Poisoned Stab","floor":5},{"not_picked":["Acrobatics","Prepared"],"picked":"Sucker Punch","floor":7},{"not_picked":["Calculated Gamble","Choke"],"picked":"Terror","floor":10},{"not_picked":["Endless Agony","Flying Knee"],"picked":"Backflip","floor":12},{"not_picked":["Dodge and Roll","Outmaneuver"],"picked":"PiercingWail","floor":13},{"not_picked":["Heel Hook","Poisoned Stab"],"picked":"Die Die Die","floor":14},{"not_picked":["Burst","Venomology"],"picked":"Envenom","floor":16},{"not_picked":["Prepared","Skewer"],"picked":"Poisoned Stab","floor":18},{"not_picked":["Dash","Slice","Flying Knee"],"picked":"SKIP","floor":25},{"not_picked":["Outmaneuver","Sucker Punch"],"picked":"PiercingWail+1","floor":27},{"not_picked":["Dagger Throw","Flechettes+1","Escape Plan"],"picked":"SKIP","floor":29},{"not_picked":["Sucker Punch","Distraction"],"picked":"Quick Slash+1","floor":31},{"not_picked":["Dagger Spray","Terror"],"picked":"Well Laid Plans+1","floor":32}],"player_experience":980018,"relics_obtained":[{"floor":7,"key":"Bag of Marbles"},{"floor":10,"key":"Pear"},{"floor":26,"key":"Regal Pillow"},{"floor":29,"key":"Dream Catcher"}],"event_choices":[{"damage_healed":0,"gold_gain":0,"player_choice":"Rummage","damage_taken":0,"relics_obtained":["WarpedTongs"],"max_hp_gain":0,"max_hp_loss":0,"event_name":"Accursed Blacksmith","floor":2,"gold_loss":0,"cards_obtained":["Pain"]},{"damage_healed":46,"gold_gain":0,"player_choice":"Leave","damage_taken":0,"max_hp_gain":0,"max_hp_loss":76,"event_name":"betterThird:BetterShining","floor":11,"gold_loss":0},{"damage_healed":0,"gold_gain":0,"player_choice":"Got Potions","damage_taken":0,"max_hp_gain":0,"max_hp_loss":0,"event_name":"Lab","floor":19,"gold_loss":0},{"damage_healed":0,"gold_gain":0,"player_choice":"Bought 0 Potions","damage_taken":0,"max_hp_gain":0,"max_hp_loss":0,"event_name":"The Woman in Blue","floor":21,"gold_loss":0},{"damage_healed":0,"gold_gain":0,"player_choice":"Upgraded","damage_taken":0,"max_hp_gain":0,"max_hp_loss":0,"event_name":"Upgrade Shrine","floor":28,"gold_loss":0,"cards_upgraded":["Envenom"]}],"is_beta":false,"boss_relics":[{"not_picked":["Astrolabe","Snecko Eye"],"picked":"energizedSpire:NeverEndingSparkler"}],"items_purged_floors":[20,22],"is_endless":false,"potions_floor_spawned":[1,5,7,29],"killed_by":"Collector","ascension_level":20}}