{"host":"po0gzr6h085cygwo","time":1607753366,"event":{"mods":["AchievementEnabler","BaseMod","Minty Spire (QoL Compilation)","Rare Cards Sparkle","StSLib","SuperFastMode"],"gold_per_floor":[117,46,60,10,26,26,26,26,26,46,66,66,66,101,101,199,199,216,72,82,82,7,7,32,45,45,45,57,57,75,85,85,181,231,242,26,36,55,55,55,72,72,96,129,179,0,11,21,21,21],"floor_reached":51,"playtime":2710,"items_purged":["Strike_P"],"score":699,"play_id":"2a565bae-e7a9-4be4-af6b-8e37e291a199","local_time":"20201212150926","is_ascension_mode":false,"campfire_choices":[{"data":"Eruption","floor":6.0,"key":"SMITH"},{"data":"MentalFortress","floor":12.0,"key":"SMITH"},{"data":"Defend_P","floor":15.0,"key":"PURGE"},{"data":"Alpha","floor":23.0,"key":"SMITH"},{"data":"MentalFortress","floor":27.0,"key":"SMITH"},{"data":"Sanctity","floor":29.0,"key":"SMITH"},{"data":"DeusExMachina","floor":32.0,"key":"SMITH"},{"data":"Writhe","floor":40.0,"key":"PURGE"},{"data":"Alpha","floor":42.0,"key":"SMITH"},{"floor":49.0,"key":"REST"}],"circlet_count":0,"master_deck":["Strike_P","Strike_P+1","Defend_P","Defend_P+1","Defend_P","Eruption+1","Vigilance","MentalFortress+1","InnerPeace","ClearTheMind","FollowUp+1","MentalFortress+1","Alpha+1","Vengeance","PanicButton+1","DeusExMachina+1","Sanctity+1","LessonLearned","Alpha+1","Wireheading","Collect+1","Nirvana+1"],"relics":["NeowsBlessing","Black Blood","HolyWater","Ring of the Serpent","FrozenCore","GoldenEye","Peace Pipe","SacredBark","Akabeko","Damaru","Mummified Hand","Tiny House","Medical Kit","Whetstone","Centennial Puzzle","Gambling Chip","Red Mask"],"acts_visited":["Exordium","TheCity","TheBeyond"],"potions_floor_usage":[50,50,50],"damage_taken":[{"damage":0.0,"enemies":"Cultist","floor":1.0,"turns":1.0},{"damage":0.0,"enemies":"Jaw Worm","floor":3.0,"turns":1.0},{"damage":0.0,"enemies":"Small Slimes","floor":5.0,"turns":1.0},{"damage":0.0,"enemies":"Exordium Thugs","floor":10.0,"turns":4.0},{"damage":0.0,"enemies":"Large Slime","floor":11.0,"turns":3.0},{"damage":4.0,"enemies":"3 Sentries","floor":14.0,"turns":5.0},{"damage":37.0,"enemies":"Hexaghost","floor":16.0,"turns":9.0},{"damage":10.0,"enemies":"2 Thieves","floor":18.0,"turns":3.0},{"damage":11.0,"enemies":"Shell Parasite","floor":20.0,"turns":4.0},{"damage":28.0,"enemies":"Book of Stabbing","floor":24.0,"turns":5.0},{"damage":17.0,"enemies":"Shelled Parasite and Fungi","floor":25.0,"turns":4.0},{"damage":0.0,"enemies":"Snecko","floor":28.0,"turns":4.0},{"damage":3.0,"enemies":"Snake Plant","floor":30.0,"turns":4.0},{"damage":1.0,"enemies":"Chosen and Byrds","floor":31.0,"turns":5.0},{"damage":12.0,"enemies":"Automaton","floor":33.0,"turns":7.0},{"damage":0.0,"enemies":"3 Shapes","floor":35.0,"turns":4.0},{"damage":0.0,"enemies":"3 Darklings","floor":37.0,"turns":4.0},{"damage":32.0,"enemies":"Transient","floor":38.0,"turns":5.0},{"damage":26.0,"enemies":"Maw","floor":41.0,"turns":7.0},{"damage":25.0,"enemies":"Giant Head","floor":44.0,"turns":7.0},{"damage":17.0,"enemies":"Mind Bloom Boss Battle","floor":45.0,"turns":5.0},{"damage":16.0,"enemies":"4 Shapes","floor":47.0,"turns":5.0},{"damage":5.0,"enemies":"Transient","floor":48.0,"turns":5.0},{"damage":9,"enemies":"Time Eater","floor":50,"turns":5}],"seed_played":"4135176716520872058","potions_obtained":[{"floor":3.0,"key":"Strength Potion"},{"floor":5.0,"key":"Energy Potion"},{"floor":10.0,"key":"ColorlessPotion"},{"floor":16.0,"key":"Dexterity Potion"},{"floor":24.0,"key":"Swift Potion"},{"floor":25.0,"key":"SmokeBomb"},{"floor":31.0,"key":"EssenceOfSteel"},{"floor":34.0,"key":"ColorlessPotion"},{"floor":35.0,"key":"LiquidBronze"},{"floor":37.0,"key":"EssenceOfSteel"},{"floor":41.0,"key":"DistilledChaos"},{"floor":47.0,"key":"Ambrosia"}],"is_trial":false,"path_per_floor":["M","$","M","$","M","R","$","?","T","M","M","R","?","E","R","B",null,"M","$","M","?","$","R","E","M","T","R","M","R","M","M","R","B",null,"M","$","M","M","?","R","M","R","T","E","?","?","M","M","R","B",null],"character_chosen":"WATCHER","items_purchased":["MentalFortress","ClearTheMind","Akabeko","Wireheading","Medical Kit"],"campfire_rested":1,"item_purchase_floors":[2,4,19,36,36],"current_hp_per_floor":[72,72,72,72,72,72,72,77,77,77,77,77,77,77,77,52,77,77,77,77,65,65,65,49,44,44,44,56,56,65,76,76,76,82,82,82,82,62,82,82,68,68,68,55,50,50,46,53,77,80],"gold":21,"neow_bonus":"THREE_ENEMY_KILL","is_daily":false,"chose_seed":false,"campfire_upgraded":7,"win_rate":0.0,"timestamp":1607753366,"path_taken":["M","$","M","?","M","R","$","?","T","M","M","R","?","E","R","BOSS","M","$","M","?","?","R","E","M","T","R","?","R","M","M","R","BOSS","M","$","M","M","?","R","M","R","T","E","?","?","M","M","R","BOSS"],"items_purchased_type":["Card","Card","Relic","Card","Relic"],"build_version":"2020-11-30","purchased_purges":1,"victory":true,"max_hp_per_floor":[72,72,72,72,72,72,72,77,77,77,77,77,77,77,77,77,77,77,77,77,77,77,77,77,77,77,77,77,77,77,77,77,77,82,82,82,82,82,82,82,82,82,82,82,82,82,82,82,82,82],"card_choices":[{"not_picked":["CutThroughFate","BowlingBash","FlurryOfBlows"],"picked":"SKIP","floor":1.0},{"not_picked":["JustLucky","Prostrate"],"picked":"InnerPeace","floor":3.0},{"not_picked":["Halt","Consecrate","Evaluate"],"picked":"SKIP","floor":5.0},{"not_picked":["ThirdEye","Swivel"],"picked":"FollowUp","floor":10.0},{"not_picked":["JustLucky","ClearTheMind"],"picked":"MentalFortress","floor":11.0},{"not_picked":["SignatureMove","Prostrate","ReachHeaven"],"picked":"SKIP","floor":14.0},{"not_picked":["Scrawl","Establishment"],"picked":"Alpha","floor":16.0},{"not_picked":["EmptyFist","FlyingSleeves","Crescendo+1"],"picked":"SKIP","floor":18.0},{"not_picked":["SandsOfTime+1","Perseverance+1"],"picked":"Vengeance","floor":20.0},{"not_picked":["CutThroughFate","Fasting2"],"picked":"DeusExMachina","floor":24.0},{"not_picked":["ThirdEye","Collect"],"picked":"Sanctity","floor":25.0},{"not_picked":["Fasting2","ThirdEye+1","PathToVictory+1"],"picked":"SKIP","floor":28.0},{"not_picked":["Nirvana","Worship","FlurryOfBlows"],"picked":"SKIP","floor":30.0},{"not_picked":["Wireheading","SashWhip"],"picked":"LessonLearned","floor":31.0},{"not_picked":["Establishment","SpiritShield"],"picked":"Alpha","floor":33.0},{"not_picked":["CarveReality","PathToVictory+1","Protect"],"picked":"SKIP","floor":35.0},{"not_picked":["Swivel","Nirvana"],"picked":"Collect+1","floor":37.0},{"not_picked":["WheelKick+1","EmptyBody","CutThroughFate+1"],"picked":"SKIP","floor":38.0},{"not_picked":["SashWhip+1","Conclude","Evaluate+1"],"picked":"SKIP","floor":41.0},{"not_picked":["Halt","Consecrate+1"],"picked":"Nirvana+1","floor":44.0},{"not_picked":["Evaluate","ReachHeaven+1","ThirdEye"],"picked":"SKIP","floor":47.0},{"not_picked":["WindmillStrike+1","Sanctity","WreathOfFlame"],"picked":"SKIP","floor":48.0}],"player_experience":25859,"relics_obtained":[{"floor":9.0,"key":"GoldenEye"},{"floor":14.0,"key":"Peace Pipe"},{"floor":24.0,"key":"Damaru"},{"floor":26.0,"key":"Mummified Hand"},{"floor":43.0,"key":"Whetstone"},{"floor":44.0,"key":"Centennial Puzzle"},{"floor":45.0,"key":"Gambling Chip"}],"event_choices":[{"damage_healed":0.0,"max_hp_gain":5.0,"max_hp_loss":0.0,"gold_gain":0.0,"event_name":"Big Fish","player_choice":"Donut","floor":8.0,"gold_loss":0.0,"damage_taken":0.0},{"cards_removed":["Strike_P"],"damage_healed":0.0,"max_hp_gain":0.0,"max_hp_loss":0.0,"gold_gain":0.0,"event_name":"Living Wall","player_choice":"Forget","floor":13.0,"gold_loss":0.0,"damage_taken":0.0},{"damage_healed":0.0,"max_hp_gain":0.0,"max_hp_loss":0.0,"gold_gain":0.0,"event_name":"Knowing Skull","player_choice":"CARD ","floor":21.0,"potions_obtained":[],"gold_loss":0.0,"damage_taken":12.0,"cards_obtained":["PanicButton"]},{"damage_healed":21.0,"max_hp_gain":0.0,"max_hp_loss":0.0,"gold_gain":0.0,"event_name":"Winding Halls","player_choice":"Writhe","floor":39.0,"gold_loss":0.0,"damage_taken":0.0,"cards_obtained":["Writhe"]},{"damage_healed":0.0,"max_hp_gain":0.0,"max_hp_loss":0.0,"gold_gain":0.0,"event_name":"MindBloom","player_choice":"Fight","floor":45.0,"gold_loss":0.0,"damage_taken":0.0},{"damage_healed":0.0,"max_hp_gain":0.0,"max_hp_loss":0.0,"gold_gain":0.0,"event_name":"Tomb of Lord Red Mask","player_choice":"Paid","floor":46.0,"gold_loss":179.0,"damage_taken":0.0,"relics_obtained":["Red Mask"]}],"is_beta":false,"boss_relics":[{"not_picked":["Cursed Key","Calling Bell"],"picked":"SacredBark"},{"not_picked":["Fusion Hammer","Sozu"],"picked":"Tiny House"}],"items_purged_floors":[22],"is_endless":false,"potions_floor_spawned":[3,5,10,11,16,24,25,31,33,35,37,41,47],"ascension_level":0}}