{"host":"l2821e3dgmq4sghh","time":1607802581,"event":{"mods":["BaseMod","Colored Powertips","Minty Spire (QoL Compilation)","StSLib"],"gold_per_floor":[116,72,91,91,166,191,191,191,216,227,262,282,282,282],"floor_reached":13,"playtime":568,"items_purged":[],"score":224,"play_id":"73442f12-550c-490a-bd54-096b1d1cdb00","local_time":"20201212204941","is_ascension_mode":true,"campfire_choices":[{"data":"Dash","floor":8,"key":"SMITH"}],"circlet_count":0,"master_deck":["AscendersBane","Strike_G","Strike_G","Strike_G","Strike_G","Defend_G","Defend_G","Defend_G+1","Defend_G","Defend_G","Survivor+1","Neutralize","Poisoned Stab","Predator+1","Cloak And Dagger","Dash+1","Backflip","PiercingWail","Predator"],"relics":["Ring of the Snake","NeowsBlessing","Darkstone Periapt","War Paint","Art of War"],"acts_visited":["Exordium"],"potions_floor_usage":[11,11],"damage_taken":[{"damage":0,"enemies":"2 Louse","floor":1,"turns":1},{"damage":0,"enemies":"Small Slimes","floor":3,"turns":1},{"damage":0,"enemies":"Gremlin Nob","floor":6,"turns":1},{"damage":0,"enemies":"Jaw Worm","floor":10,"turns":3},{"damage":5,"enemies":"Lagavulin","floor":11,"turns":5},{"damage":3,"enemies":"Exordium Thugs","floor":12,"turns":3},{"damage":34,"enemies":"Gremlin Nob","floor":13,"turns":3}],"seed_played":"-5396313522855443418","potions_obtained":[{"floor":1,"key":"CunningPotion"},{"floor":3,"key":"Strength Potion"}],"is_trial":false,"path_per_floor":["M","$","M","?","?","E","?","R","T","M","E","M","E"],"character_chosen":"THE_SILENT","items_purchased":["Predator"],"campfire_rested":0,"item_purchase_floors":[2],"current_hp_per_floor":[59,59,59,59,48,48,41,41,41,41,36,33,0,0],"gold":282,"neow_bonus":"THREE_ENEMY_KILL","is_daily":false,"chose_seed":false,"campfire_upgraded":1,"win_rate":0.0,"timestamp":1607802581,"path_taken":["M","$","M","?","?","E","?","R","T","M","E","M","E"],"items_purchased_type":["Card"],"build_version":"2020-11-30","purchased_purges":0,"victory":false,"max_hp_per_floor":[66,66,66,66,66,66,66,66,66,66,66,66,66,66],"card_choices":[{"not_picked":["Reflex","Dagger Throw"],"picked":"Poisoned Stab","floor":1},{"not_picked":["Acrobatics","Blade Dance"],"picked":"Cloak And Dagger","floor":3},{"not_picked":["Phantasmal Killer","Venomology"],"picked":"Dash","floor":6},{"not_picked":["Dagger Throw","Deadly Poison"],"picked":"Backflip","floor":10},{"not_picked":["Unload","Underhanded Strike"],"picked":"PiercingWail","floor":11},{"not_picked":["Blade Dance","Prepared"],"picked":"Predator","floor":12}],"player_experience":5290017,"relics_obtained":[{"floor":6,"key":"Darkstone Periapt"},{"floor":9,"key":"War Paint"},{"floor":11,"key":"Art of War"}],"event_choices":[{"damage_healed":0,"gold_gain":0,"player_choice":"Grow","damage_taken":0,"max_hp_gain":0,"max_hp_loss":0,"event_name":"Living Wall","floor":4,"gold_loss":0,"cards_upgraded":["Predator"]},{"damage_healed":0,"gold_gain":75,"player_choice":"Gather Gold","damage_taken":11,"max_hp_gain":0,"max_hp_loss":0,"event_name":"World of Goop","floor":5,"gold_loss":0},{"cards_removed":["Strike_G"],"damage_healed":0,"gold_gain":0,"player_choice":"Card Removal","damage_taken":7,"max_hp_gain":0,"max_hp_loss":0,"event_name":"Golden Wing","floor":7,"gold_loss":0}],"is_beta":false,"boss_relics":[],"items_purged_floors":[],"is_endless":false,"potions_floor_spawned":[1,3,10],"killed_by":"Gremlin Nob","ascension_level":18}}