{"host":"njruw0b0uprlitpx","time":1607771591,"event":{"mods":["2.2 Compatiblity","AchievementEnabler","Aspiration","BaseMod","Block Reminder","Colored Map","Colored Powertips","Jedi Mod","Keyboard Shortcuts","Minty Spire (QoL Compilation)","Replay The Spire","Spicy Shops","StSLib","SuperFastMode","The Construct","The Kombatant","The Problem Sleuth","The Spell Scribe"],"gold_per_floor":[109,109,184,30,30,30,30,45,45,45,58,72,93,136,136,264,264,283,307,322,346,346,346,387,387,387,407,407,31,52,73,73,201,201,216,71,91,0,24,60,60,20,20,39,39,64,64,83,83,83],"floor_reached":51,"playtime":6037,"items_purged":["theScribe:LightningStrike"],"score":676,"play_id":"d617e208-9e2f-49f6-9b4b-e535c38d49e6","local_time":"20201212051311","is_ascension_mode":false,"campfire_choices":[{"floor":6,"key":"REST"},{"floor":10,"key":"REST"},{"data":"theScribe:StarterModifier","floor":15,"key":"SMITH"},{"floor":23,"key":"REST"},{"floor":25,"key":"REST"},{"floor":28,"key":"REST"},{"floor":32,"key":"REST"},{"data":"theScribe:Escalation","floor":41,"key":"SMITH"},{"floor":45,"key":"REST"},{"data":"theScribe:Overexert","floor":47,"key":"SMITH"},{"data":"theScribe:BlankScroll","floor":49,"key":"SMITH"}],"circlet_count":0,"master_deck":["theScribe:StarterAttack+1","theScribe:LightningStrike","theScribe:StarterDefend","theScribe:StarterDefend+1","theScribe:IcyDefend","theScribe:StarterModifier+1","theScribe:BarrierOfLight","theScribe:LightningBolt","theScribe:BluntWeapons","theScribe:ArcaneArcing","theScribe:Thunder","theScribe:MagicMissiles","theScribe:ForkedBolt","theScribe:Conflagrate","theScribe:Meditate","theScribe:IcicleBlast","theScribe:EnchantedStrike+1","theScribe:FranticSearch","theScribe:Insight","theScribe:BlankScroll+1","theScribe:Dark","theScribe:Divination","theScribe:ScriptedStarfall","theScribe:MirrorImage+1","theScribe:CapacitanceScroll+1","theScribe:RecurringRime","theScribe:Escalation+1","theScribe:Overexert+1","theScribe:StaticCage+1","theScribe:ForkedBolt","theScribe:Thwack+1","theScribe:Thwack+1","theScribe:Insight","theScribe:StaticCage+1"],"relics":["theScribe:StarterRelic1","Replay:Mystery Machine","Golden Idol","ReplayTheSpireMod:Ninjato","Dream Catcher","Painkiller Herb","Molten Egg 2","Matryoshka","Chemical X","theScribe:StormScale","aspiration:WatcherSkillbook","Red Mask","Replay:Baseball","Toy Ornithopter","jedi:angrymask"],"acts_visited":["Exordium","TheCity","TheBeyond"],"potions_floor_usage":[12,16,19,20,24,33,33,37,44,50,50,50],"damage_taken":[{"damage":0,"enemies":"Small Slimes","floor":1,"turns":5},{"damage":0,"enemies":"2 Louse","floor":8,"turns":2},{"damage":1,"enemies":"Cultist","floor":11,"turns":4},{"damage":0,"enemies":"3 Louse","floor":12,"turns":2},{"damage":2,"enemies":"Blue Slaver","floor":13,"turns":4},{"damage":15,"enemies":"Lagavulin","floor":14,"turns":8},{"damage":11,"enemies":"Slime Boss","floor":16,"turns":5},{"damage":20,"enemies":"Shell Parasite","floor":18,"turns":3},{"damage":0,"enemies":"2 Thieves","floor":19,"turns":2},{"damage":18,"enemies":"Centurion and Healer","floor":20,"turns":5},{"damage":4,"enemies":"Snake Plant","floor":21,"turns":4},{"damage":12,"enemies":"Book of Stabbing","floor":24,"turns":5},{"damage":13,"enemies":"Cultist and Chosen","floor":27,"turns":5},{"damage":18,"enemies":"3 Cultists","floor":30,"turns":4},{"damage":0,"enemies":"Snake Plant","floor":31,"turns":2},{"damage":27,"enemies":"Automaton","floor":33,"turns":7},{"damage":7,"enemies":"3 Shapes","floor":35,"turns":3},{"damage":0,"enemies":"3 Darklings","floor":37,"turns":4},{"damage":0,"enemies":"Sphere and 2 Shapes","floor":39,"turns":3},{"damage":9,"enemies":"Giant Head","floor":40,"turns":5},{"damage":19,"enemies":"4 Shapes","floor":44,"turns":4},{"damage":0,"enemies":"Writhing Mass","floor":46,"turns":4},{"damage":0,"enemies":"Sphere and 2 Shapes","floor":48,"turns":4},{"damage":48,"enemies":"Donu and Deca","floor":50,"turns":7}],"seed_played":"-5164884953377783079","potions_obtained":[{"floor":11,"key":"Toxic Potion"},{"floor":14,"key":"jedi:StrikingPotion"},{"floor":16,"key":"Energy Potion"},{"floor":18,"key":"FearPotion"},{"floor":19,"key":"Adrenaline Potion"},{"floor":27,"key":"Reflective Coating"},{"floor":30,"key":"BlessingOfTheForge"},{"floor":31,"key":"jedi:StrikingPotion"},{"floor":42,"key":"Regen Potion"},{"floor":42,"key":"PowerPotion"},{"floor":42,"key":"Swift Potion"},{"floor":44,"key":"Elixir"},{"floor":46,"key":"Strength Potion"}],"is_trial":false,"path_per_floor":["M","?","?","$","?","R","$","M","T","R","M","M","M","E","R","B",null,"?","?","?","?","?","T","E","T","T","?","T","T","?","?","T","B",null,"?","T","?","?","?","E","T","?","T","?","T","?","T","?","T","B",null],"character_chosen":"THE_SCRIBE","items_purchased":["Replay:Mystery Machine","Chemical X","theScribe:StormScale","theScribe:Overexert","theScribe:StaticCage+1"],"campfire_rested":7,"item_purchase_floors":[4,29,29,36,36],"current_hp_per_floor":[75,60,49,49,31,53,53,53,53,75,74,74,72,57,57,46,75,55,55,37,33,33,55,43,65,65,52,74,74,56,56,75,48,75,68,68,68,68,68,59,59,59,59,54,75,75,75,75,75,27],"gold":83,"neow_bonus":"TRANSFORM_CARD","is_daily":false,"chose_seed":false,"campfire_upgraded":4,"win_rate":0.0,"timestamp":1607771591,"path_taken":["M","?","?","$","?","R","?","M","T","R","M","?","M","E","R","BOSS","?","?","?","?","?","T","E","T","T","?","T","T","?","?","T","BOSS","?","T","?","?","?","E","T","?","T","?","T","?","T","?","T","BOSS"],"items_purchased_type":["Relic","Relic","Relic","Card","Card"],"build_version":"2020-11-30","purchased_purges":1,"victory":true,"max_hp_per_floor":[75,75,75,75,75,75,75,75,75,75,75,75,75,75,75,75,75,75,75,75,75,75,75,75,75,75,75,75,75,75,75,75,75,75,75,75,75,75,75,75,75,75,75,75,75,75,75,75,75,75],"card_choices":[{"not_picked":["theScribe:ToxicSpellstone","theScribe:Frost"],"picked":"theScribe:LightningBolt","floor":1},{"not_picked":["theScribe:InvigoratingStrike","theScribe:Overcharge"],"picked":"theScribe:BluntWeapons","floor":8},{"not_picked":["theScribe:Split","theScribe:TelumSpellstone"],"picked":"theScribe:ArcaneArcing","floor":11},{"not_picked":["theScribe:Frost","theScribe:ScrollOfPoison"],"picked":"theScribe:Thunder","floor":12},{"not_picked":["theScribe:Split","theScribe:Divination"],"picked":"theScribe:MagicMissiles","floor":13},{"not_picked":["theScribe:ArcaneBarrier","theScribe:ThrownScroll"],"picked":"theScribe:ForkedBolt","floor":14},{"not_picked":["theScribe:Ghost_Realm","theScribe:AbsoluteZero"],"picked":"theScribe:Conflagrate","floor":16},{"not_picked":["theScribe:LightningBolt","theScribe:ThrownScroll"],"picked":"theScribe:Meditate","floor":18},{"not_picked":["theScribe:ArcaneBarrier","theScribe:Frost"],"picked":"theScribe:IcicleBlast","floor":19},{"not_picked":["theScribe:GatherComponents","theScribe:ScrollOfScrying+1"],"picked":"theScribe:EnchantedStrike+1","floor":20},{"not_picked":["theScribe:ScindoSpellstone","theScribe:Overcharge","theScribe:ThrownScroll"],"picked":"SKIP","floor":21},{"not_picked":["theScribe:ThrownScroll+1","theScribe:ToxicSpellstone"],"picked":"theScribe:BlankScroll","floor":23},{"not_picked":["theScribe:BarrierOfLight+1","theScribe:LiquidumScroll+1"],"picked":"theScribe:Dark","floor":24},{"not_picked":["theScribe:FocusingBlow+1","theScribe:AmplifyingSpellstone"],"picked":"theScribe:Divination","floor":25},{"not_picked":["theScribe:Overcharge+1","theScribe:BluntWeapons"],"picked":"theScribe:ScriptedStarfall","floor":27},{"not_picked":["theScribe:LightningBolt+1","theScribe:GatherComponents"],"picked":"theScribe:MirrorImage+1","floor":30},{"not_picked":["theScribe:Divination","theScribe:EnchantedStrike+1"],"picked":"theScribe:CapacitanceScroll+1","floor":31},{"not_picked":["theScribe:BlankScroll","theScribe:MirrorImage"],"picked":"theScribe:RecurringRime","floor":32},{"not_picked":["theScribe:Conflagrate+1","theScribe:Overexert"],"picked":"theScribe:Escalation","floor":33},{"not_picked":["theScribe:Overcharge+1","theScribe:EnchantedStrike+1","theScribe:GatherComponents","theScribe:ThrownScroll+1"],"picked":"SKIP","floor":35},{"not_picked":["theScribe:CripplingCharge+1","theScribe:BluntWeapons","theScribe:Incendio+1"],"picked":"theScribe:ForkedBolt","floor":37},{"not_picked":["theScribe:MirrorImage+1","theScribe:ArcaneBarrier+1","theScribe:CripplingCharge+1","theScribe:EnchantedStrike+1"],"picked":"SKIP","floor":39},{"not_picked":["theScribe:EnchantedStrike+1","theScribe:IcicleBlast","theScribe:MirrorImage"],"picked":"theScribe:Thwack+1","floor":40},{"not_picked":["theScribe:AmplifyingSpellstone","theScribe:BluntWeapons","theScribe:Frost","theScribe:Overcharge+1"],"picked":"SKIP","floor":44},{"not_picked":["theScribe:GatherComponents","theScribe:ArcaneBarrier","theScribe:FlowLikeWater"],"picked":"theScribe:Thwack+1","floor":45},{"not_picked":["theScribe:FlowLikeWater","theScribe:WeirdShield+1","theScribe:Frost+1"],"picked":"theScribe:Insight","floor":46},{"not_picked":["theScribe:FrostvenomToxin+1","theScribe:Clarity","theScribe:AmplifyingSpellstone"],"picked":"theScribe:StaticCage+1","floor":48}],"player_experience":1249705,"relics_obtained":[{"floor":9,"key":"ReplayTheSpireMod:Ninjato"},{"floor":14,"key":"Dream Catcher"},{"floor":24,"key":"Molten Egg 2"},{"floor":26,"key":"Matryoshka"},{"floor":40,"key":"Replay:Baseball"},{"floor":43,"key":"Toy Ornithopter"},{"floor":43,"key":"jedi:angrymask"}],"event_choices":[{"damage_healed":0,"gold_gain":0,"player_choice":"Entered Light","damage_taken":15,"max_hp_gain":0,"max_hp_loss":0,"event_name":"Shining Light","floor":2,"gold_loss":0,"cards_upgraded":["theScribe:StarterAttack","theScribe:StarterDefend"]},{"damage_healed":0,"gold_gain":75,"player_choice":"Gather Gold","damage_taken":11,"max_hp_gain":0,"max_hp_loss":0,"event_name":"World of Goop","floor":3,"gold_loss":0},{"damage_healed":0,"gold_gain":0,"player_choice":"Take Damage","damage_taken":18,"relics_obtained":["Golden Idol"],"max_hp_gain":0,"max_hp_loss":0,"event_name":"Golden Idol","floor":5,"gold_loss":0},{"damage_healed":0,"gold_gain":0,"cards_transformed":["theScribe:StarterAttack","theScribe:StarterDefend"],"player_choice":"Became Test Subject","damage_taken":0,"max_hp_gain":0,"max_hp_loss":0,"event_name":"Drug Dealer","floor":22,"gold_loss":0,"cards_obtained":["theScribe:FranticSearch","theScribe:Insight"]},{"damage_healed":0,"gold_gain":0,"player_choice":"Paid","damage_taken":0,"relics_obtained":["Red Mask"],"max_hp_gain":0,"max_hp_loss":0,"event_name":"Tomb of Lord Red Mask","floor":38,"gold_loss":91},{"damage_healed":0,"gold_gain":0,"player_choice":"Bought 3 Potions","damage_taken":0,"max_hp_gain":0,"max_hp_loss":0,"event_name":"The Woman in Blue","floor":42,"gold_loss":0}],"is_beta":false,"boss_relics":[{"not_picked":["Honey Jar","Ectoplasm"],"picked":"Painkiller Herb"},{"not_picked":["aspiration:RunicSpoon","Replay:Bronze Core"],"picked":"aspiration:WatcherSkillbook"}],"items_purged_floors":[29],"is_endless":false,"potions_floor_spawned":[11,14,16,18,19,27,30,31,44,46],"ascension_level":0}}