{"host":"aas8f8jvicx6tcxp","time":1607742789,"event":{"mods":["BaseMod","Better Third Choice","BetterRewards","Jorbs\u0027s Wanderer Trilogy","Minty Spire (QoL Compilation)","Robot Space Explorer","StSLib","The Cursed"],"gold_per_floor":[117,36,51,64,84,84,102,102,125,138,154,154,172,0,0,99,99,115,127,141,159,258,290,290,250,250,250,263,263,131,149,149,248,248,264,264,282,297,315,315,327,327,405,405,436,436,456,469,469,469],"floor_reached":51,"playtime":4026,"items_purged":[],"score":647,"play_id":"ea91d5a7-db80-4f01-a18c-d4ae2cb29b32","local_time":"20201211211309","is_ascension_mode":false,"campfire_choices":[{"data":"RobotSpaceExplorer:TrailblazerForm","floor":6,"key":"SMITH"},{"data":"RobotSpaceExplorer:MiniLasers","floor":12,"key":"SMITH"},{"data":"Apotheosis","floor":15,"key":"SMITH"},{"floor":27,"key":"REST"},{"floor":29,"key":"REST"},{"floor":32,"key":"REST"},{"floor":40,"key":"REST"},{"floor":44,"key":"REST"},{"floor":46,"key":"REST"},{"floor":49,"key":"REST"}],"circlet_count":0,"master_deck":["RobotSpaceExplorer:Strike","RobotSpaceExplorer:Strike","RobotSpaceExplorer:Strike","RobotSpaceExplorer:Defend","RobotSpaceExplorer:Defend","RobotSpaceExplorer:Defend","RobotSpaceExplorer:Scan","RobotSpaceExplorer:MiniLasers+1","RobotSpaceExplorer:DualCore","RobotSpaceExplorer:PowerGlove","RobotSpaceExplorer:PowerCollector","RobotSpaceExplorer:TrailblazerForm+1","RobotSpaceExplorer:Pulsar","RobotSpaceExplorer:RigExplosive","RobotSpaceExplorer:PowerCollector","RobotSpaceExplorer:Pulsar","Apotheosis+1","RobotSpaceExplorer:Autoloader","RobotSpaceExplorer:RigExplosive","RobotSpaceExplorer:ImprovisedAttack","RobotSpaceExplorer:Accelerator","RobotSpaceExplorer:Wormhole","RobotSpaceExplorer:JunkDive","RobotSpaceExplorer:FranticSearch","RobotSpaceExplorer:BigMissile","RobotSpaceExplorer:ToxicBomb+1","RobotSpaceExplorer:Asteroid","RobotSpaceExplorer:Ammunition+1","RobotSpaceExplorer:TurboDodge+1","RobotSpaceExplorer:Jetpack","RobotSpaceExplorer:Blitz+1"],"relics":["RobotSpaceExplorer:RoboCore","CaptainsWheel","Shuriken","Bag of Marbles","Velvet Choker","Ancient Tea Set","RobotSpaceExplorer:BottledGravity","RobotSpaceExplorer:Reprocessor","Pantograph","Gremlin Horn"],"acts_visited":["Exordium","TheCity","TheBeyond"],"potions_floor_usage":[10,10,10,11,13,13,16,16,19,19,20,20,20,21,21,21,23,23,31,31,33,33,33,35,37,37,38,39,39,41,41,45,45,45,45,47,47,48,48,50,50,50,50],"damage_taken":[{"damage":0,"enemies":"Cultist","floor":1,"turns":4},{"damage":1,"enemies":"Jaw Worm","floor":3,"turns":5},{"damage":4,"enemies":"Small Slimes","floor":4,"turns":5},{"damage":2,"enemies":"Blue Slaver","floor":5,"turns":4},{"damage":5,"enemies":"Looter","floor":7,"turns":4},{"damage":4,"enemies":"Gremlin Gang","floor":10,"turns":3},{"damage":1,"enemies":"2 Fungi Beasts","floor":11,"turns":3},{"damage":15,"enemies":"3 Louse","floor":13,"turns":3},{"damage":17,"enemies":"Hexaghost","floor":16,"turns":8},{"damage":10,"enemies":"Spheric Guardian","floor":18,"turns":5},{"damage":8,"enemies":"3 Byrds","floor":19,"turns":4},{"damage":18,"enemies":"Centurion and Healer","floor":20,"turns":5},{"damage":11,"enemies":"Cultist and Chosen","floor":21,"turns":5},{"damage":28,"enemies":"Book of Stabbing","floor":23,"turns":7},{"damage":1,"enemies":"Chosen and Byrds","floor":28,"turns":6},{"damage":16,"enemies":"Shelled Parasite and Fungi","floor":31,"turns":4},{"damage":64,"enemies":"Automaton","floor":33,"turns":8},{"damage":12,"enemies":"3 Shapes","floor":35,"turns":4},{"damage":9,"enemies":"Orb Walker","floor":37,"turns":4},{"damage":23,"enemies":"Sphere and 2 Shapes","floor":38,"turns":6},{"damage":10,"enemies":"Jaw Worm Horde","floor":39,"turns":4},{"damage":16,"enemies":"Maw","floor":41,"turns":8},{"damage":24,"enemies":"Giant Head","floor":45,"turns":7},{"damage":23,"enemies":"Transient","floor":47,"turns":5},{"damage":8,"enemies":"4 Shapes","floor":48,"turns":3},{"damage":35,"enemies":"Donu and Deca","floor":50,"turns":13}],"seed_played":"-6707248246464990761","potions_obtained":[{"floor":1,"key":"SpeedPotion"},{"floor":3,"key":"LiquidMemories"},{"floor":4,"key":"SpeedPotion"},{"floor":7,"key":"LiquidBronze"},{"floor":11,"key":"LiquidBronze"},{"floor":13,"key":"Fire Potion"},{"floor":19,"key":"Regen Potion"},{"floor":20,"key":"PowerPotion"},{"floor":25,"key":"Block Potion"},{"floor":25,"key":"FairyPotion"},{"floor":25,"key":"Energy Potion"},{"floor":41,"key":"LiquidMemories"},{"floor":42,"key":"DuplicationPotion"},{"floor":42,"key":"LiquidBronze"},{"floor":47,"key":"RobotSpaceExplorer:RecyclePotion"},{"floor":48,"key":"RobotSpaceExplorer:LiquidFusion"}],"is_trial":false,"path_per_floor":["M","$","M","M","M","R","M","T","T","M","M","R","M","$","R","B",null,"M","M","M","M","?","E","?","?","T","R","M","R","$","M","R","B",null,"M","$","M","M","M","R","M","?","T","R","E","R","M","M","R","B",null],"character_chosen":"RobotSpaceExplorer","items_purchased":["RobotSpaceExplorer:PowerGlove","Apotheosis","RobotSpaceExplorer:BigMissile","CultistPotion"],"campfire_rested":7,"item_purchase_floors":[2,14,30,30],"current_hp_per_floor":[68,68,67,63,61,61,56,56,56,52,51,51,36,36,36,19,68,58,50,44,33,33,5,5,5,5,25,24,44,44,28,48,20,68,56,56,47,24,14,34,18,18,18,38,14,34,11,3,23,13],"gold":469,"neow_bonus":"ONE_RARE_RELIC","is_daily":false,"chose_seed":false,"campfire_upgraded":3,"win_rate":0.0,"timestamp":1607742789,"path_taken":["M","?","M","M","M","R","M","?","T","M","M","R","?","$","R","BOSS","M","?","M","M","?","E","?","?","T","R","M","R","$","M","R","BOSS","M","$","M","?","M","R","M","?","T","R","E","R","M","M","R","BOSS"],"items_purchased_type":["Card","Card","Card","Potion"],"build_version":"2020-11-30","purchased_purges":0,"victory":true,"max_hp_per_floor":[68,68,68,68,68,68,68,68,68,68,68,68,68,68,68,68,68,68,68,68,68,68,68,68,68,68,68,68,68,68,68,68,68,68,68,68,68,68,68,68,68,68,68,68,68,68,68,68,68,68],"card_choices":[{"not_picked":["RobotSpaceExplorer:Probe","RobotSpaceExplorer:Counterblock"],"picked":"RobotSpaceExplorer:DualCore","floor":1},{"not_picked":["RobotSpaceExplorer:IronShell","RobotSpaceExplorer:ShockKick"],"picked":"RobotSpaceExplorer:PowerCollector","floor":3},{"not_picked":["RobotSpaceExplorer:SurgingStrike","RobotSpaceExplorer:ImprovisedAttack","RobotSpaceExplorer:ShovelStrike"],"picked":"SKIP","floor":4},{"not_picked":["RobotSpaceExplorer:ShovelStrike","RobotSpaceExplorer:StunGrenade"],"picked":"RobotSpaceExplorer:TrailblazerForm","floor":5},{"not_picked":["RobotSpaceExplorer:ScrapMissile","RobotSpaceExplorer:Counterblock"],"picked":"RobotSpaceExplorer:Pulsar","floor":7},{"not_picked":["RobotSpaceExplorer:ScrapShield","RobotSpaceExplorer:PowerGlove"],"picked":"RobotSpaceExplorer:RigExplosive","floor":10},{"not_picked":["RobotSpaceExplorer:MiniBoosters","RobotSpaceExplorer:FrostMissile"],"picked":"RobotSpaceExplorer:PowerCollector","floor":11},{"not_picked":["RobotSpaceExplorer:FrostMissile","RobotSpaceExplorer:SurgingShield"],"picked":"RobotSpaceExplorer:Pulsar","floor":13},{"not_picked":["RobotSpaceExplorer:Asteroid","RobotSpaceExplorer:BlastShield"],"picked":"RobotSpaceExplorer:Autoloader","floor":16},{"not_picked":["RobotSpaceExplorer:GlueShot","RobotSpaceExplorer:Ammunition+1","RobotSpaceExplorer:FrostMissile"],"picked":"SKIP","floor":18},{"not_picked":["RobotSpaceExplorer:ShockKick","RobotSpaceExplorer:FrostMissile"],"picked":"RobotSpaceExplorer:RigExplosive","floor":19},{"not_picked":["RobotSpaceExplorer:Jetpack","RobotSpaceExplorer:GlueShot"],"picked":"RobotSpaceExplorer:ImprovisedAttack","floor":20},{"not_picked":["RobotSpaceExplorer:StarDust","RobotSpaceExplorer:Counterblock","RobotSpaceExplorer:ScrapMissile"],"picked":"SKIP","floor":21},{"not_picked":["RobotSpaceExplorer:ShovelStrike","RobotSpaceExplorer:Counterblock"],"picked":"RobotSpaceExplorer:Accelerator","floor":23},{"not_picked":["RobotSpaceExplorer:Pulsar","RobotSpaceExplorer:Jetpack"],"picked":"RobotSpaceExplorer:FranticSearch","floor":28},{"not_picked":["RobotSpaceExplorer:SelfCleaning","RobotSpaceExplorer:DualCore"],"picked":"RobotSpaceExplorer:ToxicBomb+1","floor":31},{"not_picked":["RobotSpaceExplorer:Wormhole","RobotSpaceExplorer:TrailblazerForm"],"picked":"RobotSpaceExplorer:Asteroid","floor":33},{"not_picked":["RobotSpaceExplorer:ToxicBomb","RobotSpaceExplorer:ShockKick+1","RobotSpaceExplorer:StunGrenade"],"picked":"SKIP","floor":35},{"not_picked":["RobotSpaceExplorer:FranticSearch+1","RobotSpaceExplorer:Discharger"],"picked":"RobotSpaceExplorer:Ammunition+1","floor":37},{"not_picked":["RobotSpaceExplorer:Ammunition+1","RobotSpaceExplorer:StunGrenade+1"],"picked":"RobotSpaceExplorer:TurboDodge+1","floor":38},{"not_picked":["RobotSpaceExplorer:Probe","RobotSpaceExplorer:ImprovisedAttack","RobotSpaceExplorer:SurgingStrike"],"picked":"SKIP","floor":39},{"not_picked":["RobotSpaceExplorer:Probe+1","RobotSpaceExplorer:BlastShield"],"picked":"RobotSpaceExplorer:Jetpack","floor":41},{"not_picked":["RobotSpaceExplorer:StarDust","RobotSpaceExplorer:Counterblock+1","RobotSpaceExplorer:GearShield+1"],"picked":"SKIP","floor":45},{"not_picked":["RobotSpaceExplorer:Electropulse+1","RobotSpaceExplorer:ScrapMissile"],"picked":"RobotSpaceExplorer:Blitz+1","floor":47},{"not_picked":["RobotSpaceExplorer:FranticSearch+1","RobotSpaceExplorer:MetalStrike","RobotSpaceExplorer:SurgingStrike"],"picked":"SKIP","floor":48}],"player_experience":181916,"relics_obtained":[{"floor":8,"key":"Shuriken"},{"floor":9,"key":"Bag of Marbles"},{"floor":23,"key":"Ancient Tea Set"},{"floor":26,"key":"RobotSpaceExplorer:BottledGravity"},{"floor":43,"key":"Pantograph"},{"floor":45,"key":"Gremlin Horn"}],"event_choices":[{"damage_healed":0,"gold_gain":99,"player_choice":"Steal","damage_taken":0,"max_hp_gain":0,"max_hp_loss":0,"event_name":"betterThird:BetterNest","floor":22,"gold_loss":0},{"damage_healed":0,"gold_gain":0,"cards_transformed":["RobotSpaceExplorer:Defend","RobotSpaceExplorer:Strike"],"player_choice":"Became Test Subject","damage_taken":0,"max_hp_gain":0,"max_hp_loss":0,"event_name":"Drug Dealer","floor":24,"gold_loss":0,"cards_obtained":["RobotSpaceExplorer:Wormhole","RobotSpaceExplorer:JunkDive"]},{"damage_healed":0,"gold_gain":0,"player_choice":"Bought 3 Potions","damage_taken":0,"max_hp_gain":0,"max_hp_loss":0,"event_name":"The Woman in Blue","floor":25,"gold_loss":0},{"damage_healed":0,"gold_gain":0,"player_choice":"Got Potions","damage_taken":0,"max_hp_gain":0,"max_hp_loss":0,"event_name":"Lab","floor":42,"gold_loss":0}],"is_beta":false,"boss_relics":[{"not_picked":["Astrolabe","Fusion Hammer"],"picked":"Velvet Choker"},{"not_picked":["Snecko Eye","SacredBark"],"picked":"RobotSpaceExplorer:Reprocessor"}],"items_purged_floors":[],"is_endless":false,"potions_floor_spawned":[1,3,4,7,11,13,19,20,28,41,47,48],"ascension_level":0}}