{"host":"uwh382mre4waz4ff","time":1607783599,"event":{"mods":["AchievementEnabler","BaseMod","Better Note","Better Third Choice","BetterRewards","Highlight Path","HololiveMod","Minty Spire (QoL Compilation)","StSLib"],"gold_per_floor":[89,117,138,161,161,161,206,156,156,177,222,222,256,273,273,390,390,413,438,438,462,462,462,472,472],"floor_reached":24,"playtime":1122,"items_purged":[],"score":497,"play_id":"30fd8183-1a50-4723-b987-cf65a095cb33","local_time":"20201212223319","is_ascension_mode":true,"campfire_choices":[{"data":"Hololive_Rebirth","floor":6,"key":"SMITH"},{"data":"Hololive_CallSpadeEcho","floor":12,"key":"SMITH"},{"data":"Hololive_CocoNews","floor":15,"key":"SMITH"},{"data":"Hololive_MaximGun","floor":23,"key":"SMITH"}],"circlet_count":0,"master_deck":["Hololive_CallMinatoAqua","Hololive_CallUsadaPekora","Hololive_CallMurasakiShion","Hololive_CallShiranuiFlare","Hololive_CallSpadeEcho+1","Hololive_Breathe","Hololive_Defend","Hololive_CallSpadeEcho","Hololive_Rebirth+1","Hololive_CallUruhaRushia","Hololive_CallShirakamiFubuki","Hololive_CallOkamiMio","Hololive_CallAiraniIofifteen","Hololive_CallAkiRosenthal","Hololive_CocoNews+1","Hololive_MaximGun+1","Hololive_CallHimemoriLuna","Hololive_CallTsunomakiWatame+1"],"relics":["Hololive_TheStar","Ice Cream","Letter Opener","Incense Burner","Torii","StoneCalendar","Coffee Dripper"],"acts_visited":["Exordium","TheCity"],"potions_floor_usage":[14,24],"damage_taken":[{"damage":0,"enemies":"Jaw Worm","floor":1,"turns":3},{"damage":0,"enemies":"Small Slimes","floor":2,"turns":5},{"damage":0,"enemies":"2 Louse","floor":3,"turns":3},{"damage":0,"enemies":"Exordium Wildlife","floor":4,"turns":3},{"damage":0,"enemies":"Lagavulin","floor":7,"turns":5},{"damage":0,"enemies":"2 Fungi Beasts","floor":10,"turns":3},{"damage":0,"enemies":"Gremlin Nob","floor":11,"turns":3},{"damage":0,"enemies":"Lagavulin","floor":13,"turns":5},{"damage":0,"enemies":"Looter","floor":14,"turns":2},{"damage":0,"enemies":"Slime Boss","floor":16,"turns":7},{"damage":0,"enemies":"Spheric Guardian","floor":18,"turns":3},{"damage":0,"enemies":"Chosen","floor":19,"turns":3},{"damage":0,"enemies":"Snecko","floor":21,"turns":4},{"damage":23,"enemies":"Slavers","floor":24,"turns":4}],"seed_played":"-1753984885509160993","potions_obtained":[{"floor":2,"key":"LiquidMemories"},{"floor":11,"key":"CultistPotion"},{"floor":13,"key":"LiquidMemories"},{"floor":14,"key":"Fruit Juice"},{"floor":18,"key":"LiquidBronze"}],"is_trial":false,"path_per_floor":["M","M","M","M","?","R","E","?","T","M","E","R","E","M","R","B",null,"M","M","?","M","?","R","E"],"character_chosen":"Hololive_HololiveCharacter","items_purchased":[],"campfire_rested":0,"item_purchase_floors":[],"current_hp_per_floor":[32,32,32,32,29,29,29,29,29,29,29,29,29,34,34,34,36,36,36,32,32,16,16,0,0],"gold":472,"neow_bonus":"TRANSFORM_TWO_CARDS","is_daily":false,"chose_seed":false,"campfire_upgraded":4,"win_rate":0.0,"timestamp":1607783599,"path_taken":["M","M","M","M","?","R","E","?","T","M","E","R","E","M","R","BOSS","M","M","?","M","?","R","E"],"items_purchased_type":[],"build_version":"2020-11-30","purchased_purges":0,"victory":false,"max_hp_per_floor":[32,32,32,32,32,32,32,32,32,32,32,32,32,37,37,37,37,37,37,42,42,42,42,42,42],"card_choices":[{"not_picked":["Hololive_Psychosis","Hololive_RevenueBasedLive","Hololive_OvertimeWork"],"picked":"Hololive_CallUruhaRushia","floor":1},{"not_picked":["Hololive_Yoholoon","Hololive_Breathe","Hololive_CallMurasakiShion","Hololive_Trident"],"picked":"SKIP","floor":2},{"not_picked":["Hololive_Breathe","Hololive_HuntDinosaur","Hololive_FlyingPonyTail","Hololive_CallUsadaPekora"],"picked":"SKIP","floor":3},{"not_picked":["Hololive_CocoNews","Hololive_Drill","Hololive_OpenUp"],"picked":"Hololive_CallShirakamiFubuki","floor":4},{"not_picked":["Hololive_Drill","Hololive_Sequa","Hololive_CocoNews"],"picked":"Hololive_CallOkamiMio","floor":7},{"not_picked":["Hololive_FlyingPonyTail","Hololive_Sequa","Hololive_Rebound"],"picked":"Hololive_CallAiraniIofifteen","floor":10},{"not_picked":["Hololive_OvertimeWork","Hololive_CallMomosuzuNene","Hololive_RevenueBasedLive"],"picked":"Hololive_CallAkiRosenthal","floor":11},{"not_picked":["Hololive_FlyingPonyTail","Hololive_Psychosis","Hololive_Rebound","Hololive_Rebirth"],"picked":"SKIP","floor":13},{"not_picked":["Hololive_Trident","Hololive_Drill","Hololive_StrengthChampion"],"picked":"Hololive_CocoNews","floor":14},{"not_picked":["Hololive_WolfAndLamb","Hololive_DurableLive","Hololive_Thief"],"picked":"Hololive_MaximGun","floor":16},{"not_picked":["Hololive_Drill","Hololive_CallUruhaRushia","Hololive_CocoNews"],"picked":"Hololive_CallHimemoriLuna","floor":18},{"not_picked":["Hololive_CallAiraniIofifteen+1","Hololive_Teleport+1","Hololive_Psychosis+1"],"picked":"Hololive_CallTsunomakiWatame+1","floor":19},{"not_picked":["Hololive_Psychosis","Hololive_Trident","Hololive_Drill","Hololive_Teleport"],"picked":"SKIP","floor":21}],"player_experience":107546,"relics_obtained":[{"floor":7,"key":"Letter Opener"},{"floor":9,"key":"Incense Burner"},{"floor":11,"key":"Torii"},{"floor":13,"key":"StoneCalendar"}],"event_choices":[{"damage_healed":0,"gold_gain":0,"player_choice":"Relic ","damage_taken":3,"max_hp_gain":0,"max_hp_loss":0,"event_name":"betterThird:BetterScrap","floor":5,"gold_loss":0,"cards_obtained":["Bouncing Flask"]},{"cards_removed":["Hololive_Defend"],"damage_healed":0,"gold_gain":0,"player_choice":"Card Removal","damage_taken":0,"max_hp_gain":0,"max_hp_loss":0,"event_name":"The Cleric","floor":8,"gold_loss":50},{"damage_healed":0,"gold_gain":0,"player_choice":"Shed Blood","damage_taken":9,"max_hp_gain":5,"max_hp_loss":0,"event_name":"Forgotten Altar","floor":20,"gold_loss":0},{"damage_healed":0,"gold_gain":0,"player_choice":"Obtained Book","damage_taken":16,"max_hp_gain":0,"max_hp_loss":0,"event_name":"Cursed Tome","floor":22,"gold_loss":0}],"is_beta":false,"boss_relics":[{"not_picked":["Snecko Eye","Empty Cage"],"picked":"Coffee Dripper"}],"items_purged_floors":[],"is_endless":false,"potions_floor_spawned":[2,11,13,14,18],"killed_by":"Slavers","ascension_level":9}}