{"host":"9z9bilz90zy1bfdt","time":1607741191,"event":{"mods":["BaseMod","Minty Spire (QoL Compilation)","StSLib","SuperFastMode"],"gold_per_floor":[116,291,241,8,8,8,39,39,39,39,73,89,99,119,119,214,214,234,234,234,234,57,87,102,102,125,152,152,177,177,196,196,292,292,306,320,95,95,107,107,138,138,138,138,152,165,165,195,195,195,195,195,42,67,67],"floor_reached":56,"playtime":1382,"items_purged":["Strike_R","Strike_R"],"score":1751,"play_id":"e9d2bdd5-0d1d-436c-aa1e-17b509918a3e","local_time":"20201212114631","is_ascension_mode":true,"campfire_choices":[{"data":"Double Tap","floor":6.0,"key":"SMITH"},{"data":"Bash","floor":10.0,"key":"SMITH"},{"data":"Intimidate","floor":15,"key":"SMITH"},{"data":"Feel No Pain","floor":25,"key":"SMITH"},{"floor":28,"key":"RECALL"},{"floor":32,"key":"REST"},{"data":"Evolve","floor":40,"key":"SMITH"},{"data":"Madness","floor":42,"key":"SMITH"},{"data":"Madness","floor":44,"key":"SMITH"},{"data":"Warcry","floor":47,"key":"SMITH"},{"floor":49,"key":"REST"},{"data":"Fire Breathing","floor":52,"key":"SMITH"}],"circlet_count":0,"master_deck":["Strike_R","Strike_R","Bash+1","Ragnarok+1","Prostrate+1","Prostrate+1","Prostrate+1","Prostrate+1","Fire Breathing+1","Double Tap+1","Whirlwind+1","Intimidate+1","Feed+1","Feel No Pain+1","Evolve+1","Madness+1","Madness+1","Warcry+1","Ghostly Armor+1","Rage","Dark Embrace"],"relics":["Burning Blood","NeowsBlessing","Molten Egg 2","Mercury Hourglass","InkBottle","Tiny Chest","Busted Crown","Sundial","Nunchaku","Potion Belt","PreservedInsect","Runic Pyramid","Lee\u0027s Waffle","Toy Ornithopter","Ancient Tea Set","Red Skull","Ginger"],"acts_visited":["Exordium","TheCity","TheBeyond","TheEnding"],"potions_floor_usage":[18,33,41,41,50,50,50,54,55],"damage_taken":[{"damage":0.0,"enemies":"Jaw Worm","floor":1.0,"turns":1.0},{"damage":0.0,"enemies":"3 Sentries","floor":7.0,"turns":2.0},{"damage":0.0,"enemies":"Gremlin Nob","floor":11.0,"turns":1.0},{"damage":0.0,"enemies":"2 Louse","floor":12.0,"turns":1.0},{"damage":0,"enemies":"Small Slimes","floor":13,"turns":2},{"damage":4,"enemies":"2 Fungi Beasts","floor":14,"turns":2},{"damage":18,"enemies":"The Guardian","floor":16,"turns":4},{"damage":2,"enemies":"Shell Parasite","floor":18,"turns":2},{"damage":47,"enemies":"Slavers","floor":23,"turns":3},{"damage":8,"enemies":"Chosen","floor":24,"turns":2},{"damage":0,"enemies":"Gremlin Leader","floor":27,"turns":2},{"damage":20,"enemies":"Book of Stabbing","floor":29,"turns":3},{"damage":4,"enemies":"3 Cultists","floor":31,"turns":3},{"damage":7,"enemies":"Collector","floor":33,"turns":3},{"damage":3,"enemies":"Orb Walker","floor":35,"turns":2},{"damage":47,"enemies":"3 Shapes","floor":36,"turns":3},{"damage":37,"enemies":"3 Darklings","floor":39,"turns":4},{"damage":16,"enemies":"Reptomancer","floor":41,"turns":3},{"damage":35,"enemies":"Writhing Mass","floor":45,"turns":3},{"damage":7,"enemies":"Sphere and 2 Shapes","floor":46,"turns":3},{"damage":28,"enemies":"Nemesis","floor":48,"turns":3},{"damage":28,"enemies":"Donu and Deca","floor":50,"turns":3},{"damage":39,"enemies":"Shield and Spear","floor":54,"turns":3},{"damage":68,"enemies":"The Heart","floor":55,"turns":5}],"seed_played":"-2935250932712795151","potions_obtained":[{"floor":1.0,"key":"GamblersBrew"},{"floor":12,"key":"SmokeBomb"},{"floor":13,"key":"Strength Potion"},{"floor":14,"key":"BloodPotion"},{"floor":23,"key":"ColorlessPotion"},{"floor":33,"key":"EssenceOfSteel"},{"floor":35,"key":"Fire Potion"},{"floor":41,"key":"EssenceOfSteel"},{"floor":45,"key":"SpeedPotion"},{"floor":46,"key":"DuplicationPotion"},{"floor":54,"key":"DistilledChaos"}],"is_trial":false,"path_per_floor":["M","?","?","$","?","R","E","$","T","R","E","M","M","M","R","B",null,"M","?","?","?","$","E","M","R","T","E","R","E","T","M","R","B",null,"M","M","$","?","M","R","E","R","T","R","M","M","R","E","R","B",null,"R","$","E","B",null],"character_chosen":"IRONCLAD","items_purchased":["Double Tap","Feel No Pain","Evolve","Lee\u0027s Waffle","Rage","Dark Embrace"],"campfire_rested":2,"item_purchase_floors":[4,22,37,37,53,53],"current_hp_per_floor":[78,78,78,78,71,71,77,77,77,77,80,80,80,80,80,68,77,80,80,80,80,80,43,41,41,41,47,47,33,33,35,60,59,78,81,44,95,83,56,56,65,65,65,65,40,43,43,25,58,51,96,96,96,68,11],"gold":67,"neow_bonus":"THREE_ENEMY_KILL","is_daily":false,"chose_seed":false,"campfire_upgraded":9,"win_rate":0.0,"timestamp":1607741191,"path_taken":["M","?","?","?","?","R","E","$","T","R","E","M","M","M","R","BOSS","M","?","?","?","$","E","M","R","T","E","R","E","?","M","R","BOSS","M","M","$","?","M","R","E","R","T","R","M","M","R","E","R","BOSS","R","$","E","BOSS"],"items_purchased_type":["Card","Card","Card","Relic","Card","Card"],"build_version":"2020-11-30","purchased_purges":2,"victory":true,"max_hp_per_floor":[80,80,80,80,80,80,80,80,80,80,80,80,80,80,80,80,80,80,80,80,80,80,84,84,84,84,84,84,84,84,84,84,84,84,84,88,95,95,99,99,99,99,99,99,103,107,107,111,111,111,111,111,111,111,111],"card_choices":[{"not_picked":["Body Slam","Heavy Blade"],"picked":"Fire Breathing","floor":1.0},{"not_picked":["Anger+1","Disarm"],"picked":"Whirlwind+1","floor":7.0},{"not_picked":["Blood for Blood+1","Armaments","Demon Form"],"picked":"SKIP","floor":11.0},{"not_picked":["Headbutt+1","Heavy Blade+1","Flex"],"picked":"SKIP","floor":12},{"not_picked":["Carnage+1","Inflame","Cleave+1"],"picked":"SKIP","floor":13},{"not_picked":["Fire Breathing","Sever Soul+1"],"picked":"Intimidate","floor":14},{"not_picked":["Exhume","Demon Form"],"picked":"Feed+1","floor":16},{"not_picked":["Sentinel"],"picked":"SKIP","floor":18},{"not_picked":["Clash+1"],"picked":"SKIP","floor":23},{"not_picked":["Anger+1"],"picked":"SKIP","floor":24},{"not_picked":["Clash+1"],"picked":"SKIP","floor":27},{"not_picked":["Heavy Blade+1"],"picked":"SKIP","floor":29},{"not_picked":["Combust"],"picked":"SKIP","floor":31},{"not_picked":["Sword Boomerang+1"],"picked":"SKIP","floor":35},{"not_picked":["Infernal Blade+1"],"picked":"SKIP","floor":36},{"not_picked":["Fire Breathing+1"],"picked":"SKIP","floor":39},{"not_picked":["Flex+1"],"picked":"SKIP","floor":41},{"not_picked":["Metallicize+1"],"picked":"SKIP","floor":45},{"not_picked":[],"picked":"Warcry","floor":46},{"not_picked":[],"picked":"Ghostly Armor+1","floor":48},{"not_picked":["Cleave+1"],"picked":"SKIP","floor":54}],"player_experience":315849,"relics_obtained":[{"floor":7.0,"key":"Mercury Hourglass"},{"floor":9.0,"key":"InkBottle"},{"floor":11.0,"key":"Tiny Chest"},{"floor":23,"key":"Sundial"},{"floor":27,"key":"Nunchaku"},{"floor":29,"key":"Potion Belt"},{"floor":30,"key":"PreservedInsect"},{"floor":41,"key":"Toy Ornithopter"},{"floor":43,"key":"Ancient Tea Set"},{"floor":48,"key":"Red Skull"},{"floor":54,"key":"Ginger"}],"event_choices":[{"damage_healed":0.0,"max_hp_gain":0.0,"max_hp_loss":0.0,"gold_gain":175.0,"event_name":"Liars Game","player_choice":"AGREE","floor":2.0,"gold_loss":0.0,"damage_taken":0.0,"cards_obtained":["Doubt"]},{"cards_removed":["Doubt"],"damage_healed":0.0,"max_hp_gain":0.0,"max_hp_loss":0.0,"gold_gain":0.0,"event_name":"The Cleric","player_choice":"Card Removal","floor":3.0,"gold_loss":50.0,"damage_taken":0.0},{"damage_healed":0.0,"max_hp_gain":0.0,"max_hp_loss":0.0,"gold_gain":0.0,"event_name":"Scrap Ooze","player_choice":"Success","floor":5.0,"gold_loss":0.0,"damage_taken":7.0,"relics_obtained":["Molten Egg 2"]},{"damage_healed":0,"gold_gain":0,"player_choice":"Ignored","damage_taken":0,"max_hp_gain":0,"max_hp_loss":0,"event_name":"Ghosts","floor":19,"gold_loss":0},{"damage_healed":0,"gold_gain":0,"player_choice":"Ignored","damage_taken":0,"max_hp_gain":0,"max_hp_loss":0,"event_name":"Vampires","floor":20,"gold_loss":0},{"cards_removed":["Strike_R"],"damage_healed":0,"gold_gain":0,"player_choice":"Elegance","damage_taken":0,"max_hp_gain":0,"max_hp_loss":0,"event_name":"Back to Basics","floor":21,"gold_loss":0},{"damage_healed":0,"gold_gain":0,"player_choice":"Embrace Madness","damage_taken":12,"max_hp_gain":0,"max_hp_loss":0,"event_name":"Winding Halls","floor":38,"gold_loss":0,"cards_obtained":["Madness","Madness"]}],"is_beta":false,"boss_relics":[{"not_picked":["Pandora\u0027s Box","SacredBark"],"picked":"Busted Crown"},{"not_picked":["Black Blood","Cursed Key"],"picked":"Runic Pyramid"}],"items_purged_floors":[4,22],"is_endless":false,"potions_floor_spawned":[1,12,13,14,23,33,35,41,45,46,54],"ascension_level":7}}