{"host":"og6lam4kt3nibbw0","time":1607796317,"event":{"mods":["AchievementEnabler","BaseMod","Colored Map","DeckTracker","Highlight Path","Keyboard Shortcuts","Minty Spire (QoL Compilation)","Permanent Neow","Quick Restart","StSLib","SuperFastMode"],"gold_per_floor":[117,1,20,20,20,52,69,69,69,80,91,91,91,241,241,315,315,331,65,65,65,78,78,97,97,144,155,166,166,115,130,130,130,130],"floor_reached":33,"playtime":1013,"items_purged":["Strike_G","Defend_G"],"score":544,"play_id":"7c3b15f1-ebe3-4499-98d7-909be09629f7","local_time":"20201213030517","is_ascension_mode":true,"campfire_choices":[{"data":"Noxious Fumes","floor":8.0,"key":"SMITH"},{"floor":13.0,"key":"REST"},{"floor":15.0,"key":"REST"},{"data":"Tactician","floor":23,"key":"SMITH"},{"data":"Backflip","floor":25,"key":"SMITH"},{"data":"Noxious Fumes","floor":29,"key":"SMITH"},{"data":"Corpse Explosion","floor":32,"key":"SMITH"}],"circlet_count":0,"master_deck":["AscendersBane","Strike_G","Strike_G","Strike_G","Defend_G","Defend_G","Defend_G","Defend_G","Survivor","Neutralize","Noxious Fumes+1","Noxious Fumes+1","Dagger Spray","Reflex","Corpse Explosion+1","Backstab","Backstab","Tactician+1","Calculated Gamble","Backflip+1","Acrobatics","Prepared"],"relics":["Ring of the Snake","NeowsBlessing","Pear","Matryoshka","Omamori","InkBottle","Coffee Dripper","Eternal Feather"],"acts_visited":["Exordium","TheCity"],"potions_floor_usage":[22,31,31],"damage_taken":[{"damage":0.0,"enemies":"Jaw Worm","floor":1.0,"turns":1.0},{"damage":0.0,"enemies":"2 Louse","floor":3.0,"turns":1.0},{"damage":0.0,"enemies":"3 Sentries","floor":6.0,"turns":2.0},{"damage":1.0,"enemies":"Small Slimes","floor":7.0,"turns":4.0},{"damage":12.0,"enemies":"2 Fungi Beasts","floor":10.0,"turns":3.0},{"damage":0.0,"enemies":"Lots of Slimes","floor":11.0,"turns":1.0},{"damage":40.0,"enemies":"Hexaghost","floor":16.0,"turns":9.0},{"damage":16.0,"enemies":"Spheric Guardian","floor":18.0,"turns":4.0},{"damage":7,"enemies":"2 Thieves","floor":22,"turns":2},{"damage":9,"enemies":"Centurion and Healer","floor":24,"turns":5},{"damage":6,"enemies":"Snake Plant","floor":27,"turns":4},{"damage":0,"enemies":"3 Cultists","floor":28,"turns":2},{"damage":34,"enemies":"Snecko","floor":31,"turns":6},{"damage":16,"enemies":"Automaton","floor":33,"turns":6}],"seed_played":"338083506549178331","potions_obtained":[{"floor":1.0,"key":"Fire Potion"},{"floor":3.0,"key":"AttackPotion"},{"floor":7.0,"key":"Regen Potion"},{"floor":16.0,"key":"Swift Potion"},{"floor":24,"key":"AttackPotion"}],"is_trial":false,"path_per_floor":["M","$","M","?","?","E","M","R","T","M","M","$","R","?","R","B",null,"M","$","?","?","M","R","M","R","T","M","M","R","$","M","R","B"],"character_chosen":"THE_SILENT","items_purchased":["Noxious Fumes","Tactician","Calculated Gamble","Prepared"],"campfire_rested":2,"item_purchase_floors":[2,19,19,30],"current_hp_per_floor":[59,59,59,34,27,27,26,26,26,14,14,14,36,36,58,33,65,49,49,49,49,42,42,33,33,33,27,27,39,39,5,17,1,1],"gold":130,"neow_bonus":"THREE_ENEMY_KILL","is_daily":false,"chose_seed":false,"campfire_upgraded":5,"win_rate":0.0,"timestamp":1607796317,"path_taken":["M","$","M","?","?","E","M","R","T","M","M","$","R","?","R","BOSS","M","$","?","?","M","R","M","R","T","M","M","R","$","M","R","BOSS"],"items_purchased_type":["Card","Card","Card","Card"],"build_version":"2020-11-30","purchased_purges":2,"victory":false,"max_hp_per_floor":[66,66,66,76,76,76,76,76,76,76,76,76,76,76,76,76,76,76,76,76,76,76,76,76,76,76,76,76,76,76,76,76,76,76],"card_choices":[{"not_picked":["Endless Agony","Flying Knee"],"picked":"Noxious Fumes","floor":1.0},{"not_picked":["Endless Agony","Skewer"],"picked":"Dagger Spray","floor":3.0},{"not_picked":["All Out Attack","Eviscerate"],"picked":"Reflex","floor":6.0},{"not_picked":["Cloak And Dagger","Slice","Blade Dance"],"picked":"SKIP","floor":7.0},{"not_picked":["Well Laid Plans","Slice"],"picked":"Corpse Explosion","floor":10.0},{"not_picked":["Bane","Dodge and Roll"],"picked":"Backstab","floor":11.0},{"not_picked":["Deflect","Backflip"],"picked":"Backstab","floor":18.0},{"not_picked":["Bane","Quick Slash+1","Deflect"],"picked":"SKIP","floor":22},{"not_picked":["Slice","Setup"],"picked":"Backflip","floor":24},{"not_picked":["Riddle With Holes","Bane","Quick Slash"],"picked":"SKIP","floor":27},{"not_picked":["Deadly Poison","Underhanded Strike+1"],"picked":"Acrobatics","floor":28},{"not_picked":["Masterful Stab","Sucker Punch","Endless Agony"],"picked":"SKIP","floor":31}],"player_experience":731877,"relics_obtained":[{"floor":6.0,"key":"Matryoshka"},{"floor":9.0,"key":"Omamori"},{"floor":9.0,"key":"InkBottle"},{"floor":26,"key":"Eternal Feather"}],"event_choices":[{"damage_healed":0.0,"max_hp_gain":0.0,"max_hp_loss":0.0,"gold_gain":0.0,"event_name":"Scrap Ooze","player_choice":"Success","floor":4.0,"gold_loss":0.0,"damage_taken":35.0,"relics_obtained":["Pear"]},{"cards_removed":["Strike_G"],"damage_healed":0.0,"max_hp_gain":0.0,"max_hp_loss":0.0,"gold_gain":0.0,"event_name":"Golden Wing","player_choice":"Card Removal","floor":5.0,"gold_loss":0.0,"damage_taken":7.0},{"damage_healed":0.0,"max_hp_gain":0.0,"max_hp_loss":0.0,"gold_gain":150.0,"event_name":"Liars Game","player_choice":"AGREE","floor":14.0,"gold_loss":0.0,"damage_taken":0.0,"cards_obtained":["Doubt"]},{"damage_healed":0.0,"max_hp_gain":0.0,"max_hp_loss":0.0,"gold_gain":0.0,"event_name":"Ghosts","player_choice":"Ignored","floor":20.0,"gold_loss":0.0,"damage_taken":0.0},{"damage_healed":0.0,"max_hp_gain":0.0,"max_hp_loss":0.0,"gold_gain":0.0,"event_name":"Forgotten Altar","player_choice":"Smashed Altar","floor":21.0,"gold_loss":0.0,"damage_taken":0.0,"cards_obtained":["Decay"]}],"is_beta":false,"boss_relics":[{"not_picked":["WristBlade","SacredBark"],"picked":"Coffee Dripper"}],"items_purged_floors":[2,19],"is_endless":false,"potions_floor_spawned":[1,3,7,11,16,24,27],"killed_by":"Automaton","ascension_level":20}}