{"host":"2nhpogk5xa0u9xre","time":1607743456,"event":{"mods":["Aspiration","BaseMod","Colored Powertips","Googly Eyes","Hubris","Infinite Spire","Minty Spire (QoL Compilation)","Rare Cards Sparkle","Replay The Spire","StSLib","The Construct","The Hayseed","The Hierophant","The Runesmith","everything is the same but u backflip on backflip"],"gold_per_floor":[117,130,140,159,178,204,215,93,93,93,105,133,133,152,152,255,255,266,266,278,278,292,321,321,334,408,427,439,439,456,471,471,571,671,686,686,686,696,696,696],"floor_reached":39,"playtime":1538,"items_purged":[],"score":521,"play_id":"a0b5f5bf-5b61-4789-90ad-b6769780d024","local_time":"20201211222416","is_ascension_mode":false,"campfire_choices":[{"floor":10,"key":"REST"},{"floor":13,"key":"REST"},{"floor":24,"key":"REST"},{"floor":29,"key":"REST"},{"floor":32,"key":"REST"}],"circlet_count":0,"master_deck":["TheSimpletonMod:Haymaker","TheSimpletonMod:ReapAndSow","TheSimpletonMod:CloseScrape","TheSimpletonMod:CloseScrape","TheSimpletonMod:SlashAndBurn","TheSimpletonMod:Corn","TheSimpletonMod:CloseScrape","TheSimpletonMod:SaladShooter","TheSimpletonMod:Swelter","TheSimpletonMod:RootDown","TheSimpletonMod:KeenEdge","TheSimpletonMod:Sunseed","TheSimpletonMod:RootDown","TheSimpletonMod:Pruning","TheSimpletonMod:Pruning","TheSimpletonMod:SlashAndBurn","TheSimpletonMod:CloseScrape","TheSimpletonMod:Photosynthesis","TheSimpletonMod:HitTheSack","TheSimpletonMod:Swelter","TheSimpletonMod:RootDown","TheSimpletonMod:Sunchoke","TheSimpletonMod:ControlledBurn+1","TheSimpletonMod:RootDown","TheSimpletonMod:ToughenUp+1","TheSimpletonMod:CropRotation+1","TheSimpletonMod:ToughenUp+1","TheSimpletonMod:Swelter+1","TheSimpletonMod:ResistantStrain","TheSimpletonMod:Swelter+1","TheSimpletonMod:Artichokes","TheSimpletonMod:Coffee","TheSimpletonMod:DoubleBarrel","TheSimpletonMod:StockTheCellar+1","TheSimpletonMod:DoubleDigging+1","TheSimpletonMod:VineRipen+1","TheSimpletonMod:SaltTheEarth","TheSimpletonMod:KeenEdge+1"],"relics":["TheSimpletonMod:SpudOfTheInnocent","TheSimpletonMod:NightSoil","TheSimpletonMod:TheHarvester","infinitespire:Beetle Shell","The Courier","Orrery","aspiration:HummingbirdHeart","Mirror","Fusion Hammer","Replay:Mystery Machine","Toxic Egg 2","Replay:Wanted Poster","Pandora\u0027s Box","Art of War","hubris:Towel"],"acts_visited":["Exordium","TheCity","TheBeyond"],"potions_floor_usage":[12,16,16,23,25,33,33,38],"damage_taken":[{"damage":15,"enemies":"Cultist","floor":1,"turns":4},{"damage":5,"enemies":"2 Louse","floor":2,"turns":2},{"damage":6,"enemies":"Jaw Worm","floor":3,"turns":3},{"damage":12,"enemies":"Blue Slaver","floor":4,"turns":4},{"damage":0,"enemies":"Large Slime","floor":5,"turns":4},{"damage":27,"enemies":"Gremlin Nob","floor":6,"turns":4},{"damage":19,"enemies":"3 Louse","floor":7,"turns":3},{"damage":0,"enemies":"2 Fungi Beasts","floor":11,"turns":2},{"damage":17,"enemies":"3 Sentries","floor":12,"turns":5},{"damage":11,"enemies":"Exordium Thugs","floor":14,"turns":4},{"damage":11,"enemies":"Slime Boss","floor":16,"turns":6},{"damage":1,"enemies":"Spheric Guardian","floor":18,"turns":3},{"damage":4,"enemies":"Chosen","floor":20,"turns":2},{"damage":21,"enemies":"Snake Plant","floor":22,"turns":6},{"damage":40,"enemies":"Slavers","floor":23,"turns":6},{"damage":16,"enemies":"Sentry and Sphere","floor":25,"turns":4},{"damage":3,"enemies":"3 Cultists","floor":27,"turns":4},{"damage":2,"enemies":"Chosen and Byrds","floor":28,"turns":5},{"damage":17,"enemies":"Centurion and Healer","floor":30,"turns":5},{"damage":6,"enemies":"Snake Plant","floor":31,"turns":4},{"damage":98,"enemies":"Collector","floor":33,"turns":11},{"damage":15,"enemies":"3 Shapes","floor":35,"turns":4},{"damage":16,"enemies":"3 Darklings","floor":38,"turns":4},{"damage":54,"enemies":"Maw","floor":39,"turns":9}],"seed_played":"-5288815738711850893","potions_obtained":[{"floor":2,"key":"Swift Potion"},{"floor":5,"key":"TheSimpletonMod:KindlingPotion"},{"floor":6,"key":"AttackPotion"},{"floor":14,"key":"Fire Potion"},{"floor":20,"key":"Strength Potion"},{"floor":22,"key":"Energy Potion"},{"floor":23,"key":"FairyPotion"},{"floor":28,"key":"TheSimpletonMod:KindlingPotion"},{"floor":35,"key":"DuplicationPotion"},{"floor":38,"key":"CultistPotion"}],"is_trial":false,"path_per_floor":["M","M","M","M","M","E","M","$","T","R","M","E","R","M","R","B",null,"M","?","M","?","M","E","R","M","T","M","M","R","M","M","R","B",null,"M","AVR","?","M","M"],"character_chosen":"THE_SIMPLETON","items_purchased":["Orrery"],"campfire_rested":5,"item_purchase_floors":[8],"current_hp_per_floor":[60,59,57,49,53,30,15,15,15,37,41,28,50,39,39,32,75,74,74,74,74,57,21,43,31,31,32,34,56,43,41,63,9,75,60,60,60,44,0,0],"gold":696,"neow_bonus":"RANDOM_COMMON_RELIC","is_daily":false,"chose_seed":false,"campfire_upgraded":0,"win_rate":0.0,"timestamp":1607743456,"path_taken":["M","M","M","M","M","E","M","$","T","R","M","E","R","M","R","BOSS","M","?","M","?","M","E","R","?","T","M","M","R","M","M","R","BOSS","M","AVR","?","M","M"],"items_purchased_type":["Relic"],"build_version":"2020-11-30","purchased_purges":0,"victory":false,"max_hp_per_floor":[75,75,75,75,75,75,75,75,75,75,75,75,75,75,75,75,75,75,75,75,75,75,75,75,75,75,75,75,75,75,75,75,75,75,75,75,75,75,75,75],"card_choices":[{"not_picked":["TheSimpletonMod:Polyculture","TheSimpletonMod:Rototilling"],"picked":"TheSimpletonMod:CloseScrape","floor":1},{"not_picked":["TheSimpletonMod:Pruning","TheSimpletonMod:Aerate"],"picked":"TheSimpletonMod:CloseScrape","floor":2},{"not_picked":["TheSimpletonMod:SoilSample","TheSimpletonMod:PestManagement"],"picked":"TheSimpletonMod:SlashAndBurn","floor":3},{"not_picked":["TheSimpletonMod:SeedCoat","TheSimpletonMod:GoToMarket"],"picked":"TheSimpletonMod:Corn","floor":4},{"not_picked":["TheSimpletonMod:Ferment","TheSimpletonMod:DigIn"],"picked":"TheSimpletonMod:CloseScrape","floor":5},{"not_picked":["TheSimpletonMod:ToughenUp","TheSimpletonMod:ControlledBurn"],"picked":"TheSimpletonMod:SaladShooter","floor":6},{"not_picked":["TheSimpletonMod:PestManagement","TheSimpletonMod:Aerate"],"picked":"TheSimpletonMod:Swelter","floor":7},{"not_picked":["TheSimpletonMod:SaladShooter","TheSimpletonMod:GoToMarket"],"picked":"TheSimpletonMod:RootDown","floor":8},{"not_picked":["TheSimpletonMod:ToughenUp","TheSimpletonMod:OnionBloom"],"picked":"TheSimpletonMod:KeenEdge","floor":8},{"not_picked":["TheSimpletonMod:DigIn","TheSimpletonMod:CropRotation"],"picked":"TheSimpletonMod:Sunseed","floor":8},{"not_picked":["TheSimpletonMod:KeenEdge","TheSimpletonMod:CullingStrike"],"picked":"TheSimpletonMod:RootDown","floor":8},{"not_picked":["TheSimpletonMod:CrackOfDawn","TheSimpletonMod:DoubleBarrel"],"picked":"TheSimpletonMod:Pruning","floor":8},{"not_picked":["TheSimpletonMod:SoilSample","TheSimpletonMod:ToughenUp"],"picked":"TheSimpletonMod:Pruning","floor":11},{"not_picked":["TheSimpletonMod:GoToMarket","TheSimpletonMod:Sunseed"],"picked":"TheSimpletonMod:SlashAndBurn","floor":12},{"not_picked":["TheSimpletonMod:OnionBloom","TheSimpletonMod:BumperCrop"],"picked":"TheSimpletonMod:CloseScrape","floor":14},{"not_picked":["TheSimpletonMod:ErosionControl","TheSimpletonMod:CrackOfDawn"],"picked":"TheSimpletonMod:HitTheSack","floor":16},{"not_picked":["TheSimpletonMod:SaladShooter","TheSimpletonMod:Onions+1"],"picked":"TheSimpletonMod:Swelter","floor":18},{"not_picked":["TheSimpletonMod:CloseScrape","TheSimpletonMod:Sunchoke"],"picked":"TheSimpletonMod:RootDown","floor":20},{"not_picked":["TheSimpletonMod:Mulch","TheSimpletonMod:Corn+1"],"picked":"TheSimpletonMod:Sunchoke","floor":22},{"not_picked":["TheSimpletonMod:Thresh","TheSimpletonMod:Rototilling"],"picked":"TheSimpletonMod:ControlledBurn+1","floor":23},{"not_picked":["TheSimpletonMod:VineRipen+1","TheSimpletonMod:SpiceUp"],"picked":"TheSimpletonMod:RootDown","floor":25},{"not_picked":["TheSimpletonMod:SoilSample+1","TheSimpletonMod:CullingStrike"],"picked":"TheSimpletonMod:ToughenUp+1","floor":27},{"not_picked":["TheSimpletonMod:Onions","TheSimpletonMod:Aerate+1"],"picked":"TheSimpletonMod:CropRotation+1","floor":28},{"not_picked":["TheSimpletonMod:Onions","TheSimpletonMod:Barnstorm"],"picked":"TheSimpletonMod:ToughenUp+1","floor":30},{"not_picked":["TheSimpletonMod:CropRotation+1","TheSimpletonMod:Rototilling+1"],"picked":"TheSimpletonMod:Swelter+1","floor":31},{"not_picked":["TheSimpletonMod:Surplus+1","TheSimpletonMod:ErosionControl+1"],"picked":"TheSimpletonMod:ResistantStrain","floor":33},{"not_picked":["TheSimpletonMod:ControlledBurn+1","TheSimpletonMod:SeedCoat+1"],"picked":"TheSimpletonMod:Swelter+1","floor":35},{"not_picked":["TheSimpletonMod:DoubleBarrel","TheSimpletonMod:SpiceUp+1"],"picked":"TheSimpletonMod:KeenEdge+1","floor":38}],"player_experience":185016,"relics_obtained":[{"floor":6,"key":"The Courier"},{"floor":9,"key":"aspiration:HummingbirdHeart"},{"floor":12,"key":"Mirror"},{"floor":23,"key":"Replay:Mystery Machine"},{"floor":26,"key":"Toxic Egg 2"}],"event_choices":[],"is_beta":false,"boss_relics":[{"not_picked":["Sozu","TheSimpletonMod:OnionBelt"],"picked":"Fusion Hammer"},{"not_picked":["Honey Jar","infinitespire:Cupcake"],"picked":"Replay:Wanted Poster"}],"items_purged_floors":[],"is_endless":false,"potions_floor_spawned":[2,5,6,14,20,22,23,28,30,35,38],"killed_by":"Maw","ascension_level":0}}