{"host":"yk98keyoflza93y0","time":1607736778,"event":{"mods":["AchievementEnabler","BaseMod","BetterRewards","Card Forge","Colored Map","DeckTracker","Minty Spire (QoL Compilation)","Shop Mod","StSLib","SuperFastMode"],"gold_per_floor":[112,126,201,949,724,749,775,810,810,836,865,884,914,949,949,1023,11023,10963,10963,10963,10963,10963,10963,10963,10592,10592,10592,10592,10592,10592,10592,10592,10592,10592,10592,10311,10311,10311,10311,10311,9825,9825,9825,9825,9825,9825,9825,9410,9410,9410,9410,9410,9410,9064,9064,9064],"floor_reached":57,"playtime":2777,"items_purged":["Strike_G","Strike_G","Defend_G","Strike_G","Defend_G","Bane+1","Defend_G","Neutralize+1"],"score":4097,"play_id":"706053da-dc55-42f7-9346-fd19e65b0bbd","local_time":"20201212103258","is_ascension_mode":true,"campfire_choices":[{"floor":15,"key":"RECALL"},{"data":"Bouncing Flask","floor":27,"key":"SMITH"},{"data":"Footwork","floor":32,"key":"SMITH"},{"data":"Burst","floor":45,"key":"SMITH"},{"data":"Tactician","floor":46,"key":"SMITH"},{"data":"Deep Breath","floor":49,"key":"SMITH"},{"data":"Blur","floor":53,"key":"SMITH"}],"circlet_count":1,"master_deck":["AscendersBane","Survivor","Acrobatics+1","Noxious Fumes+1","Tactician+1","Catalyst+1","Calculated Gamble+1","Footwork+1","Blur+1","Footwork+1","Night Terror+1","Bouncing Flask+1","Necronomicurse","Blur+1","Escape Plan","Footwork+1","Tactician+1","After Image+1","Backflip+1","Acrobatics+1","Burst+1","Deep Breath+1"],"relics":["Ring of the Snake","Hammer of Thor","Seething Fire","Anvil of the Gods","Membership Card","Gremlin Horn","Mango","TwistedFunnel","Matryoshka","Thread and Needle","Ice Cream","Pen Nib","OrangePellets","Prayer Wheel","Nunchaku","Potion Belt","Mummified Hand","Lizard Tail","Circlet","StoneCalendar","Ninja Scroll","Ginger","Question Card","PreservedInsect","Odd Mushroom","Bird Faced Urn","Ectoplasm","Necronomicon","MutagenicStrength","Peace Pipe","Bag of Preparation","Snake Skull","Vajra","Sling","Omamori","Dream Catcher","Frozen Egg 2","Philosopher\u0027s Stone","Tingsha","Letter Opener","Medical Kit","Anchor","Art of War","Orichalcum","Sundial","The Specimen","WingedGreaves","Blood Vial","Tough Bandages","Bag of Marbles","Whetstone","Frozen Eye","Boot"],"acts_visited":["Exordium","TheCity","TheBeyond","TheEnding"],"potions_floor_usage":[7,14,33,33,41,56,56,56,56],"damage_taken":[{"damage":0,"enemies":"Small Slimes","floor":1,"turns":3},{"damage":0,"enemies":"2 Louse","floor":2,"turns":2},{"damage":14,"enemies":"Lagavulin","floor":6,"turns":6},{"damage":10,"enemies":"3 Sentries","floor":7,"turns":8},{"damage":0,"enemies":"Gremlin Nob","floor":8,"turns":3},{"damage":0,"enemies":"3 Sentries","floor":10,"turns":4},{"damage":23,"enemies":"Lagavulin","floor":11,"turns":4},{"damage":0,"enemies":"Jaw Worm","floor":12,"turns":1},{"damage":4,"enemies":"The Mushroom Lair","floor":13,"turns":3},{"damage":0,"enemies":"3 Sentries","floor":14,"turns":4},{"damage":0,"enemies":"Slime Boss","floor":16,"turns":7},{"damage":0,"enemies":"2 Thieves","floor":18,"turns":3},{"damage":0,"enemies":"Spheric Guardian","floor":19,"turns":4},{"damage":0,"enemies":"Cultist and Chosen","floor":21,"turns":3},{"damage":0,"enemies":"Slavers","floor":23,"turns":3},{"damage":0,"enemies":"Book of Stabbing","floor":24,"turns":2},{"damage":0,"enemies":"Slavers","floor":28,"turns":2},{"damage":0,"enemies":"Gremlin Leader","floor":30,"turns":3},{"damage":0,"enemies":"Collector","floor":33,"turns":3},{"damage":0,"enemies":"3 Darklings","floor":35,"turns":3},{"damage":0,"enemies":"Orb Walker","floor":37,"turns":2},{"damage":30,"enemies":"Reptomancer","floor":40,"turns":3},{"damage":0,"enemies":"Nemesis","floor":42,"turns":3},{"damage":0,"enemies":"Reptomancer","floor":44,"turns":3},{"damage":0,"enemies":"Giant Head","floor":47,"turns":3},{"damage":0,"enemies":"Time Eater","floor":50,"turns":3},{"damage":0,"enemies":"Donu and Deca","floor":51,"turns":4},{"damage":0,"enemies":"Shield and Spear","floor":55,"turns":2},{"damage":0,"enemies":"The Heart","floor":56,"turns":3}],"seed_played":"8256599767486805164","potions_obtained":[{"floor":2,"key":"SkillPotion"},{"floor":10,"key":"CultistPotion"},{"floor":11,"key":"DuplicationPotion"},{"floor":12,"key":"PowerPotion"},{"floor":14,"key":"Dexterity Potion"},{"floor":16,"key":"Strength Potion"},{"floor":19,"key":"Ancient Potion"},{"floor":33,"key":"Swift Potion"},{"floor":42,"key":"Weak Potion"},{"floor":44,"key":"DistilledChaos"}],"is_trial":false,"path_per_floor":["M","M","?","$","$","E","E","E","T","E","E","M","?","E","R","B",null,"M","M","?","M","?","E","E","$","T","R","E","?","E","?","R","B",null,"M","$","M","?","?","E","$","E","T","E","R","R","E","$","R","B","B",null,"R","$","E","B",null],"character_chosen":"THE_SILENT","items_purchased":["Membership Card","Gremlin Horn","TwistedFunnel","Matryoshka","Ice Cream","Pen Nib","OrangePellets","WingedGreaves","Tactician","Nunchaku","Potion Belt","Snake Skull","Vajra","Sling","Footwork","Poison Potion","Tingsha","SkillPotion","Medical Kit","Anchor","Art of War","Burst","Fruit Juice","Tough Bandages","Bag of Marbles","Deep Breath","Whetstone","Frozen Eye","Poison Potion","SkillPotion"],"campfire_rested":0,"item_purchase_floors":[0,0,0,0,0,0,0,4,4,5,5,25,25,25,25,25,36,36,41,41,41,41,41,48,48,48,54,54,54,54],"current_hp_per_floor":[73,73,62,62,62,48,38,38,38,38,15,15,11,11,11,17,64,70,76,55,61,61,67,73,73,73,73,80,80,80,57,57,65,80,85,85,85,85,85,57,62,72,72,88,88,88,90,90,90,90,90,90,90,90,90,90],"gold":9064,"neow_bonus":"","is_daily":false,"chose_seed":false,"campfire_upgraded":6,"win_rate":0.0,"timestamp":1607736778,"path_taken":["M","M","?","$","$","E","E","E","T","E","E","M","?","E","R","BOSS","M","M","?","M","?","E","E","?","T","R","E","?","E","?","R","BOSS","M","$","M","?","?","E","$","E","T","E","R","R","E","$","R","BOSS","BOSS","R","$","E","BOSS"],"items_purchased_type":["Relic","Relic","Relic","Relic","Relic","Relic","Relic","Relic","Card","Relic","Relic","Relic","Relic","Relic","Card","Potion","Relic","Potion","Relic","Relic","Relic","Card","Potion","Relic","Relic","Card","Relic","Relic","Potion","Potion"],"build_version":"2020-11-30","purchased_purges":8,"victory":true,"max_hp_per_floor":[80,80,80,80,80,80,80,80,80,80,80,80,80,80,80,80,80,80,80,80,80,80,80,80,80,80,80,80,80,80,85,85,85,85,85,85,85,85,85,85,90,90,90,90,90,90,90,90,90,90,90,90,90,90,90,90],"card_choices":[{"not_picked":["Deflect","Slice"],"picked":"Acrobatics","floor":1},{"not_picked":["Underhanded Strike","Dodge and Roll"],"picked":"Dagger Throw","floor":1},{"not_picked":["Bane","Slice"],"picked":"Noxious Fumes","floor":2},{"not_picked":["Underhanded Strike","Dagger Spray"],"picked":"Bane","floor":2},{"not_picked":["Backstab","Slice"],"picked":"Catalyst","floor":6},{"not_picked":["Acrobatics","Backflip","Terror"],"picked":"SKIP","floor":7},{"not_picked":["Dodge and Roll","Bane"],"picked":"Calculated Gamble","floor":8},{"not_picked":["All Out Attack","Bane","Acrobatics"],"picked":"SKIP","floor":10},{"not_picked":["Storm of Steel","Dodge and Roll","Dagger Spray"],"picked":"Footwork","floor":11},{"not_picked":["Skewer","Escape Plan","Quick Slash"],"picked":"Blur","floor":12},{"not_picked":["Sucker Punch","Dagger Spray","PiercingWail","Slice"],"picked":"SKIP","floor":12},{"not_picked":["Doppelganger","Backflip","Outmaneuver"],"picked":"Footwork","floor":14},{"not_picked":["Glass Knife","Die Die Die","Venomology"],"picked":"Night Terror","floor":16},{"not_picked":["Backflip","Leg Sweep","Cloak And Dagger","Sucker Punch"],"picked":"SKIP","floor":18},{"not_picked":["Deflect+1","Noxious Fumes","Concentrate","Bane"],"picked":"SKIP","floor":18},{"not_picked":["Riddle With Holes","Backstab+1","Deadly Poison"],"picked":"Bouncing Flask","floor":19},{"not_picked":["Underhanded Strike","Deadly Poison","PiercingWail","Poisoned Stab"],"picked":"SKIP","floor":19},{"not_picked":["Blade Dance","Grand Finale","Outmaneuver"],"picked":"Blur","floor":21},{"not_picked":["Riddle With Holes","Sucker Punch","Distraction","Backflip"],"picked":"SKIP","floor":21},{"not_picked":["Expertise","Predator","Blade Dance","Dash+1"],"picked":"SKIP","floor":23},{"not_picked":["Endless Agony","Cloak And Dagger","Concentrate"],"picked":"Escape Plan","floor":24},{"not_picked":["Distraction","Phantasmal Killer","Underhanded Strike","Prepared"],"picked":"SKIP","floor":28},{"not_picked":["Bouncing Flask","Escape Plan","Well Laid Plans+1"],"picked":"Tactician","floor":30},{"not_picked":["Malaise","Venomology","Unload"],"picked":"After Image+1","floor":33},{"not_picked":["Prepared","Bane","Poisoned Stab"],"picked":"Backflip+1","floor":35},{"not_picked":["Masterful Stab+1","Deadly Poison","Noxious Fumes+1","Acrobatics"],"picked":"SKIP","floor":35},{"not_picked":["Outmaneuver","Venomology","Noxious Fumes+1"],"picked":"Acrobatics+1","floor":37},{"not_picked":["Riddle With Holes","Caltrops+1","PiercingWail","Outmaneuver+1"],"picked":"SKIP","floor":37},{"not_picked":["PiercingWail","All Out Attack","Tactician+1","Quick Slash+1"],"picked":"SKIP","floor":40},{"not_picked":["Prepared","Deadly Poison+1","Bullet Time","Blade Dance"],"picked":"SKIP","floor":42},{"not_picked":["Endless Agony","Flying Knee","Cloak And Dagger+1","Dodge and Roll+1"],"picked":"SKIP","floor":44},{"not_picked":["Infinite Blades+1","Cloak And Dagger+1","Expertise","Backflip"],"picked":"SKIP","floor":47},{"not_picked":["Backflip+1","Crippling Poison+1","Blade Dance","Underhanded Strike+1"],"picked":"SKIP","floor":55}],"player_experience":1449953,"relics_obtained":[{"floor":6,"key":"Mummified Hand"},{"floor":7,"key":"Lizard Tail"},{"floor":8,"key":"StoneCalendar"},{"floor":9,"key":"Ninja Scroll"},{"floor":9,"key":"Ginger"},{"floor":10,"key":"Question Card"},{"floor":11,"key":"PreservedInsect"},{"floor":13,"key":"Odd Mushroom"},{"floor":14,"key":"Bird Faced Urn"},{"floor":20,"key":"Necronomicon"},{"floor":23,"key":"Peace Pipe"},{"floor":24,"key":"Bag of Preparation"},{"floor":26,"key":"Omamori"},{"floor":28,"key":"Dream Catcher"},{"floor":30,"key":"Frozen Egg 2"},{"floor":40,"key":"Letter Opener"},{"floor":42,"key":"Orichalcum"},{"floor":43,"key":"Sundial"},{"floor":44,"key":"The Specimen"},{"floor":47,"key":"Blood Vial"},{"floor":55,"key":"Boot"}],"event_choices":[{"damage_healed":0,"gold_gain":75,"player_choice":"Gather Gold","damage_taken":11,"max_hp_gain":0,"max_hp_loss":0,"event_name":"World of Goop","floor":3,"gold_loss":0},{"damage_healed":0,"gold_gain":0,"player_choice":"Fought Mushrooms","damage_taken":0,"max_hp_gain":0,"max_hp_loss":0,"event_name":"Mushrooms","floor":13,"gold_loss":0},{"damage_healed":0,"gold_gain":0,"player_choice":"Obtained Book","damage_taken":21,"max_hp_gain":0,"max_hp_loss":0,"event_name":"Cursed Tome","floor":20,"gold_loss":0},{"damage_healed":0,"gold_gain":0,"player_choice":"Inject Mutagens","damage_taken":0,"relics_obtained":["MutagenicStrength"],"max_hp_gain":0,"max_hp_loss":0,"event_name":"Drug Dealer","floor":22,"gold_loss":0},{"cards_removed":["Defend_G"],"damage_healed":0,"gold_gain":0,"player_choice":"Elegance","damage_taken":0,"max_hp_gain":0,"max_hp_loss":0,"event_name":"Back to Basics","floor":29,"gold_loss":0},{"damage_healed":0,"gold_gain":0,"player_choice":"Shed Blood","damage_taken":28,"max_hp_gain":5,"max_hp_loss":0,"event_name":"Forgotten Altar","floor":31,"gold_loss":0},{"cards_removed":["Dagger Throw"],"damage_healed":0,"gold_gain":0,"player_choice":"Removed Attack","damage_taken":0,"max_hp_gain":0,"max_hp_loss":0,"event_name":"Falling","floor":38,"gold_loss":0},{"damage_healed":0,"gold_gain":0,"player_choice":"Forge","damage_taken":0,"max_hp_gain":0,"max_hp_loss":0,"event_name":"Accursed Blacksmith","floor":39,"gold_loss":0,"cards_upgraded":["Night Terror"]}],"is_beta":false,"boss_relics":[{"not_picked":["SlaversCollar","Snecko Eye"],"picked":"Ectoplasm"},{"not_picked":["Tiny House","Velvet Choker"],"picked":"Philosopher\u0027s Stone"}],"items_purged_floors":[0,4,5,25,36,41,48,54],"is_endless":false,"potions_floor_spawned":[2,10,11,12,14,16,19,23,33,37,40,42,44,47,55],"ascension_level":20}}