{"host":"2uu78764idqc8x2u","time":1607742353,"event":{"mods":["BaseMod","Better Altar","Better Note","Better Skull","Better Third Choice","Downfall","Energized Spire","Minty Spire (QoL Compilation)","Spicy Shops","StSLib"],"gold_per_floor":[110,122,140,151,151,151,34,45,71,71,71,91,102,102,102,200,200,214,214,214,214,214,232,232,257,257,271,288,288,316,316,316],"floor_reached":31,"playtime":1729,"items_purged":[],"score":247,"play_id":"e921de4d-5b64-4244-99c6-0ae799240513","local_time":"20201211220553","is_ascension_mode":false,"campfire_choices":[{"data":"Fire Breathing","floor":6,"key":"SMITH"},{"data":"Flame Barrier","floor":10,"key":"SMITH"},{"data":"Barricade","floor":15,"key":"SMITH"},{"data":"Impervious","floor":24,"key":"SMITH"},{"floor":29,"key":"REST"}],"circlet_count":0,"master_deck":["Strike_R+1","Strike_R","Strike_R","Strike_R","Strike_R","Defend_R","Defend_R","Defend_R","Defend_R","Bash+1","Ghostly Armor","Fire Breathing+1","Shrug It Off","Panacea","Uppercut","Flame Barrier+1","Cloak And Dagger+1","Barricade+1","Impervious+1","CurseOfTheBell","Flex+1","Combust","Pummel","Battle Trance","Writhe","Disarm","Immolate","Shockwave","Rupture"],"relics":["Burning Blood","Whetstone","StrikeDummy","Calling Bell","Art of War","InkBottle","FossilizedHelix","Tiny Chest","Red Mask","Boot"],"acts_visited":["Exordium","TheCity"],"potions_floor_usage":[1,3,4,8,8,12,16,23,25,27,31],"damage_taken":[{"damage":6,"enemies":"Cultist","floor":1,"turns":4},{"damage":1,"enemies":"2 Louse","floor":2,"turns":3},{"damage":5,"enemies":"Small Slimes","floor":3,"turns":4},{"damage":13,"enemies":"Red Slaver","floor":4,"turns":2},{"damage":3,"enemies":"Exordium Wildlife","floor":8,"turns":4},{"damage":0,"enemies":"Looter","floor":12,"turns":2},{"damage":0,"enemies":"Large Slime","floor":13,"turns":6},{"damage":17,"enemies":"The Guardian","floor":16,"turns":15},{"damage":7,"enemies":"Chosen","floor":18,"turns":5},{"damage":15,"enemies":"Shell Parasite","floor":23,"turns":7},{"damage":29,"enemies":"Masked Bandits","floor":25,"turns":6},{"damage":24,"enemies":"Snake Plant","floor":27,"turns":5},{"damage":12,"enemies":"Centurion and Healer","floor":28,"turns":9},{"damage":42,"enemies":"Slavers","floor":30,"turns":6},{"damage":14,"enemies":"Cultist and Chosen","floor":31,"turns":4}],"seed_played":"4194157044433318053","potions_obtained":[{"floor":0,"key":"Slimebound:ThreeZeroPotion"},{"floor":0,"key":"BlessingOfTheForge"},{"floor":0,"key":"BlessingOfTheForge"},{"floor":2,"key":"Strength Potion"},{"floor":4,"key":"PowerPotion"},{"floor":8,"key":"Guardian:BlockOnCardUsePotion"},{"floor":12,"key":"EssenceOfSteel"},{"floor":18,"key":"Block Potion"},{"floor":23,"key":"Guardian:BlockOnCardUsePotion"},{"floor":25,"key":"CultistPotion"},{"floor":30,"key":"ColorlessPotion"}],"is_trial":false,"path_per_floor":["M","M","M","M","?","R","$","M","T","R","?","M","M","T","R","B",null,"M","?","?","?","?","M","R","?","T","M","M","R","E","M"],"character_chosen":"IRONCLAD","items_purchased":["Uppercut"],"campfire_rested":1,"item_purchase_floors":[7],"current_hp_per_floor":[80,80,80,73,73,73,73,76,76,76,76,80,80,80,80,69,80,79,79,79,79,79,70,70,47,47,29,23,47,11,0,0],"gold":316,"neow_bonus":"THREE_SMALL_POTIONS","is_daily":false,"chose_seed":false,"campfire_upgraded":4,"win_rate":0.0,"timestamp":1607742353,"path_taken":["M","M","?","M","?","R","$","?","T","R","?","?","M","?","R","BOSS","M","?","?","?","?","M","R","?","T","M","M","R","E","M"],"items_purchased_type":["Card"],"build_version":"2020-11-30","purchased_purges":0,"victory":false,"max_hp_per_floor":[80,80,80,80,80,80,80,80,80,80,80,80,80,80,80,80,80,80,80,80,80,80,80,80,80,80,80,80,80,80,80,80],"card_choices":[{"not_picked":["Clash","Iron Wave"],"picked":"Ghostly Armor","floor":1},{"not_picked":["Pommel Strike","Rampage"],"picked":"Fire Breathing","floor":2},{"not_picked":["Pummel","Burning Pact"],"picked":"Flex","floor":3},{"not_picked":["Hemokinesis","Sever Soul"],"picked":"Shrug It Off","floor":4},{"not_picked":["Sentinel","Clash"],"picked":"Flame Barrier","floor":8},{"not_picked":["Bloodletting","Wild Strike"],"picked":"Barricade","floor":12},{"not_picked":["Rupture","True Grit"],"picked":"Anger","floor":13},{"not_picked":["Offering","Juggernaut"],"picked":"Impervious","floor":16},{"not_picked":["Clothesline","Anger"],"picked":"Flex+1","floor":18},{"not_picked":["Cleave","Body Slam"],"picked":"Disarm","floor":23},{"not_picked":["Pommel Strike+1","Clash"],"picked":"Immolate","floor":25},{"not_picked":["Dark Embrace","Havoc"],"picked":"Shockwave","floor":27},{"not_picked":["Shockwave","True Grit","Body Slam"],"picked":"SKIP","floor":28},{"not_picked":["Flame Barrier","Fiend Fire"],"picked":"Rupture","floor":30}],"player_experience":400756,"relics_obtained":[{"floor":9,"key":"Whetstone"},{"floor":14,"key":"StrikeDummy"},{"floor":17,"key":"Art of War"},{"floor":17,"key":"InkBottle"},{"floor":17,"key":"FossilizedHelix"},{"floor":25,"key":"Red Mask"},{"floor":30,"key":"Boot"}],"event_choices":[{"damage_healed":0,"gold_gain":0,"player_choice":"1 cards matched","damage_taken":0,"max_hp_gain":0,"max_hp_loss":0,"event_name":"Match and Keep!","floor":5,"gold_loss":0,"cards_obtained":["Panacea"]},{"cards_removed":["Panacea"],"damage_healed":0,"gold_gain":0,"player_choice":"Take \u0026 Give","damage_taken":0,"max_hp_gain":0,"max_hp_loss":0,"event_name":"betterNote:BetterNote","floor":11,"gold_loss":0,"cards_obtained":["Cloak And Dagger"]},{"damage_healed":0,"gold_gain":0,"cards_transformed":["Flex","Anger"],"player_choice":"Became Test Subject","damage_taken":0,"max_hp_gain":0,"max_hp_loss":0,"event_name":"Drug Dealer","floor":19,"gold_loss":0,"cards_obtained":["Combust","Pummel"]},{"damage_healed":0,"gold_gain":0,"player_choice":"Ignored","damage_taken":0,"max_hp_gain":0,"max_hp_loss":0,"event_name":"Beggar","floor":20,"gold_loss":0},{"damage_healed":0,"gold_gain":0,"player_choice":"Read","damage_taken":0,"max_hp_gain":0,"max_hp_loss":0,"event_name":"The Library","floor":21,"gold_loss":0,"cards_obtained":["Battle Trance"]},{"damage_healed":0,"gold_gain":0,"player_choice":"Opened","damage_taken":0,"relics_obtained":["Tiny Chest"],"max_hp_gain":0,"max_hp_loss":0,"event_name":"The Mausoleum","floor":22,"gold_loss":0,"cards_obtained":["Writhe"]},{"damage_healed":0,"gold_gain":0,"player_choice":"Fought Bandits","damage_taken":0,"max_hp_gain":0,"max_hp_loss":0,"event_name":"Masked Bandits","floor":25,"gold_loss":0}],"is_beta":false,"boss_relics":[{"not_picked":["energizedSpire:HugeHouse","Runic Pyramid"],"picked":"Calling Bell"}],"items_purged_floors":[],"is_endless":false,"potions_floor_spawned":[2,4,8,12,18,23,25,30],"killed_by":"Cultist and Chosen","ascension_level":0}}