{"host":"43ljbksi7ebmxfn8","time":1607784206,"event":{"mods":["Act Like it!","BaseMod","Gensokyo","Minty Spire (QoL Compilation)","MostiFishMod","Pale of the Ancients","Quick Restart","Shop Mod","Spicy Shops","StSLib","TestMod","篝火指南"],"gold_per_floor":[119,139,173,184,196,226,156,190,190,209,219,253,253,287,177,255,255,273,273,673,686,327,362,102,102,150,184,194,101,101,116,116,188,188,205,217,217,235,248,280,280,305,305,305,131,151,176,5,5,5,24,34,134,72,72,88,38,65,65,65],"floor_reached":61,"playtime":1971,"items_purged":["Defend_B","Strike_B","Strike_B","Decay","Dualcast+1"],"score":2864,"play_id":"751cc53b-a3c7-4aa0-863f-2de6d33e092f","local_time":"20201212224326","is_ascension_mode":true,"campfire_choices":[{"floor":32.0,"key":"RECALL"},{"data":"Apotheosis","floor":49.0,"key":"SMITH"}],"circlet_count":0,"master_deck":["AscendersBane","Defend_B+1","Zap+1","testmod-Reverberation","Blade Dance","Corruption","Tantrum+1","After Image+1","Acrobatics+1","Apotheosis+1","Heatsinks+1","White Noise+1","Heavy Blade+1","Glacier","Berserk+1","Loop+1","Feel No Pain+1","testmod-LimitFlipper","Tactician","testmod-Reverberation+1"],"relics":["Cracked Core","DaveBox","Civilization","testmod-HarvestTotem","PrismaticShard","testmod-DragonStarHat","Toy Ornithopter","testmod-ObsoleteBoomerang","Molten Egg 2","Frozen Egg 2","Gensokyo:CelestialsFlawlessClothing","MerchantsRug","ImportantClient","BirthdayGift-Tetrahedron","Membership Card","Bag of Marbles","Sundial","ClockworkSouvenir","testmod-IndustrialRevolution","Chemical X","Pen Nib","Bag of Preparation","testmod-BouquetWithThorns","Gensokyo:ChorusOfJoy","PatriotShield","DataDisk","Lizard Tail","Meat on the Bone","Ice Cream","Boot","Blood Vial","paleoftheancients:Timepiece","paleoftheancients:KeyRelic","Coffee Dripper","paleoftheancients:SoulOfTheShowman","OrangePellets","War Paint"],"acts_visited":["Exordium","Gensokyo:Gensokyo","TheBeyond","TheBeyond"],"potions_floor_usage":[],"damage_taken":[{"damage":19.0,"enemies":"Gensokyo:Gryphon","floor":1.0,"turns":5.0},{"damage":7.0,"enemies":"Gensokyo:2_Kodama","floor":2.0,"turns":4.0},{"damage":25.0,"enemies":"Gensokyo:Cirno","floor":3.0,"turns":6.0},{"damage":0.0,"enemies":"Gensokyo:3_Fairies","floor":4.0,"turns":3.0},{"damage":0.0,"enemies":"Gensokyo:Kitsune","floor":5.0,"turns":1.0},{"damage":0.0,"enemies":"Gensokyo:Aya","floor":6.0,"turns":1.0},{"damage":0.0,"enemies":"Gensokyo:Cirno","floor":8.0,"turns":4.0},{"damage":0.0,"enemies":"Gensokyo:Python_and_Kodama","floor":10.0,"turns":1.0},{"damage":0.0,"enemies":"Gensokyo:2_Rabbits","floor":11.0,"turns":1.0},{"damage":0.0,"enemies":"Gensokyo:Mamizou","floor":12.0,"turns":1.0},{"damage":0.0,"enemies":"Gensokyo:Cirno","floor":14.0,"turns":4.0},{"damage":0.0,"enemies":"Gensokyo:Yukari","floor":16.0,"turns":4.0},{"damage":0.0,"enemies":"Gensokyo:Chomper","floor":18.0,"turns":1.0},{"damage":0.0,"enemies":"Gensokyo:CosmicMonolith","floor":21.0,"turns":1.0},{"damage":0.0,"enemies":"Gensokyo:Tenshi","floor":23.0,"turns":1.0},{"damage":4.0,"enemies":"Gensokyo:Reisen","floor":27.0,"turns":3.0},{"damage":41.0,"enemies":"Gensokyo:Wraith","floor":28.0,"turns":2.0},{"damage":0.0,"enemies":"Gensokyo:Slime_Group","floor":31.0,"turns":1.0},{"damage":4.0,"enemies":"Gensokyo:Eiki","floor":33.0,"turns":3.0},{"damage":15.0,"enemies":"3 Darklings","floor":35.0,"turns":8.0},{"damage":2.0,"enemies":"3 Shapes","floor":36.0,"turns":1.0},{"damage":0.0,"enemies":"Transient","floor":38.0,"turns":1.0},{"damage":0.0,"enemies":"4 Shapes","floor":39.0,"turns":1.0},{"damage":0.0,"enemies":"Giant Head","floor":40.0,"turns":1.0},{"damage":3.0,"enemies":"Reptomancer","floor":42.0,"turns":3.0},{"damage":2.0,"enemies":"3 Darklings","floor":46.0,"turns":2.0},{"damage":0.0,"enemies":"Nemesis","floor":47.0,"turns":1.0},{"damage":17.0,"enemies":"Awakened One","floor":50.0,"turns":4.0},{"damage":0,"enemies":"","floor":51,"turns":1},{"damage":5,"enemies":"","floor":52,"turns":3},{"damage":2,"enemies":"","floor":56,"turns":2},{"damage":4,"enemies":"paleoftheancients:N","floor":60,"turns":3}],"seed_played":"-3861135621260073984","potions_obtained":[{"floor":1.0,"key":"AttackPotion"},{"floor":3.0,"key":"Block Potion"},{"floor":4.0,"key":"Fire Potion"},{"floor":12.0,"key":"testmod-SpacePotion"},{"floor":14.0,"key":"PowerPotion"},{"floor":27.0,"key":"Ancient Potion"},{"floor":28.0,"key":"GamblersBrew"},{"floor":33.0,"key":"DuplicationPotion"},{"floor":35.0,"key":"PotionOfCapacity"},{"floor":36.0,"key":"Regen Potion"},{"floor":40.0,"key":"testmod-SpacePotion"},{"floor":46.0,"key":"Fruit Juice"},{"floor":51,"key":"Weak Potion"}],"is_trial":false,"path_per_floor":["M","M","?","M","M","E","?","E","T","M","M","E","?","E","R","B",null,"M","?","?","M","$","E","R","?","T","E","M","$","?","M","R","B",null,"M","M","?","M","M","E","?","E","T","?","R","M","E","$","R","B","M","M","?","$","R","M","R","T","?","B",null],"character_chosen":"DEFECT","items_purchased":["MerchantsRug","Membership Card","Bag of Marbles","Sundial","ClockworkSouvenir","Apotheosis","Chemical X","Heatsinks+1","Glacier","Bag of Preparation","testmod-BouquetWithThorns","Ice Cream","testmod-SpacePotion","Blood Vial","OrangePellets","testmod-Reverberation+1"],"campfire_rested":0,"item_purchase_floors":[15,22,22,22,22,24,24,24,29,29,29,45,45,48,54,57],"current_hp_per_floor":[86,91,138,234,292,344,344,428,428,516,608,702,527,779,779,956,956,1086,1086,1086,1218,1218,1352,1352,1352,1352,1496,1642,1642,1642,1792,1792,1946,1946,2124,2308,2308,2494,2688,2884,2884,3088,3088,3088,3088,3314,3532,3532,3532,4548,4778,5010,5010,5010,5010,5286,5286,5286,5286,5574],"gold":65,"neow_bonus":"RANDOM_COLORLESS_2","is_daily":false,"chose_seed":false,"campfire_upgraded":1,"win_rate":0.0,"timestamp":1607784206,"path_taken":["M","M","?","M","M","E","?","E","T","M","M","E","?","E","R","BOSS","M","?","?","M","$","E","R","?","T","E","?","$","?","M","R","BOSS","M","M","?","?","M","E","?","E","T","?","R","?","E","$","R","BOSS","M","M","?","$","R","M","R","T","?","BOSS"],"items_purchased_type":["Relic","Relic","Relic","Relic","Relic","Card","Relic","Card","Card","Relic","Relic","Relic","Potion","Relic","Relic","Card"],"build_version":"2020-11-30","purchased_purges":5,"victory":true,"max_hp_per_floor":[152,158,194,242,292,344,344,428,428,516,608,702,702,828,828,956,956,1086,1086,1086,1218,1218,1352,1352,1352,1352,1496,1642,1642,1642,1792,1792,1946,1946,2124,2308,2308,2494,2688,2884,2884,3088,3088,3088,3088,3314,3532,3532,3532,4548,4778,5010,5010,5010,5010,5286,5286,5286,5286,5574],"card_choices":[{"not_picked":["Transmutation","The Bomb"],"picked":"testmod-Reverberation","floor":0.0},{"not_picked":["Streamline","Leap","Hologram"],"picked":"SKIP","floor":1.0},{"not_picked":["Spot Weakness","Undo","Slice","Cloak And Dagger"],"picked":"SKIP","floor":2.0},{"not_picked":["Battle Trance","BattleHymn","Chill"],"picked":"Blade Dance","floor":3.0},{"not_picked":["Deflect","CrushJoints","FlyingSleeves","SandsOfTime"],"picked":"SKIP","floor":4.0},{"not_picked":["PiercingWail","Blood for Blood","CrushJoints","Quick Slash"],"picked":"SKIP","floor":5.0},{"not_picked":["Thunderclap","Armaments","Metallicize","Concentrate"],"picked":"SKIP","floor":6.0},{"not_picked":["Armaments","Crescendo","Streamline"],"picked":"Corruption","floor":8.0},{"not_picked":["Disarm","Leap","True Grit"],"picked":"Tantrum+1","floor":10.0},{"not_picked":["Blind","Blade Dance","Capacitor","Bane+1"],"picked":"SKIP","floor":11.0},{"not_picked":["Anger+1","Flying Knee+1","Bane+1","Impatience"],"picked":"SKIP","floor":12.0},{"not_picked":["Catalyst","Lockon+1","Halt","PanicButton"],"picked":"SKIP","floor":14.0},{"not_picked":["Establishment+1","Rainbow","MostiFishMod:Kaleido"],"picked":"After Image+1","floor":16.0},{"not_picked":["JustLucky+1","Hologram","CrushJoints+1"],"picked":"Acrobatics","floor":18.0},{"not_picked":["Go for the Eyes+1","MostiFishMod:FrostNova","PathToVictory"],"picked":"SKIP","floor":21.0},{"not_picked":["Meditate","Quick Slash+1","Sever Soul+1"],"picked":"SKIP","floor":23.0},{"not_picked":["Bane+1","CrushJoints+1","MostiFishMod:PreservedThorns"],"picked":"SKIP","floor":27.0},{"not_picked":["Rebound+1","Flex"],"picked":"Heavy Blade+1","floor":28.0},{"not_picked":["Dodge and Roll","WaveOfTheHand","Coolheaded"],"picked":"SKIP","floor":31.0},{"not_picked":["After Image+1","MostiFishMod:StarHerder+1"],"picked":"Berserk+1","floor":33.0},{"not_picked":["Consume+1","Deflect","Flex+1"],"picked":"SKIP","floor":35.0},{"not_picked":["Bouncing Flask","Leap","Warcry+1"],"picked":"SKIP","floor":36.0},{"not_picked":["Cloak And Dagger","Hologram"],"picked":"Feel No Pain+1","floor":38.0},{"not_picked":["Blood for Blood+1","Clash+1"],"picked":"testmod-LimitFlipper","floor":39.0},{"not_picked":["ThirdEye","FearNoEvil+1","MostiFishMod:ReprogramOld"],"picked":"SKIP","floor":40.0},{"not_picked":["Metallicize+1","Metamorphosis","Poisoned Stab+1"],"picked":"SKIP","floor":42.0},{"not_picked":["Sword Boomerang+1","FollowUp+1","Twin Strike+1"],"picked":"SKIP","floor":46.0},{"not_picked":["Iron Wave+1","Dodge and Roll+1"],"picked":"Tactician","floor":47.0},{"not_picked":["Streamline+1","Dodge and Roll+1","Blur"],"picked":"SKIP","floor":51},{"not_picked":["testmod-PerfectCombo+1","Hologram","Havoc"],"picked":"SKIP","floor":52},{"not_picked":["Blind+1","PathToVictory","FlurryOfBlows+1"],"picked":"SKIP","floor":56}],"player_experience":349522,"relics_obtained":[{"floor":1.0,"key":"Question Card"},{"floor":1.0,"key":"PrismaticShard"},{"floor":3.0,"key":"testmod-DragonStarHat"},{"floor":6.0,"key":"Toy Ornithopter"},{"floor":8.0,"key":"testmod-ObsoleteBoomerang"},{"floor":9.0,"key":"Molten Egg 2"},{"floor":12.0,"key":"Frozen Egg 2"},{"floor":14.0,"key":"testmod-ConstraintPeriapt"},{"floor":16.0,"key":"ImportantClient"},{"floor":23.0,"key":"testmod-IndustrialRevolution"},{"floor":27.0,"key":"Pen Nib"},{"floor":40.0,"key":"DataDisk"},{"floor":42.0,"key":"Lizard Tail"},{"floor":43.0,"key":"Meat on the Bone"},{"floor":47.0,"key":"Boot"},{"floor":51,"key":"paleoftheancients:SoulOfTheShowman"},{"floor":58,"key":"War Paint"}],"event_choices":[{"damage_healed":0.0,"max_hp_gain":0.0,"max_hp_loss":0.0,"gold_gain":400.0,"event_name":"恩洛斯的盘子","player_choice":"Sell","floor":20.0,"relics_lost":["testmod-TestBox"],"gold_loss":0.0,"damage_taken":0.0},{"damage_healed":0.0,"max_hp_gain":0.0,"max_hp_loss":0.0,"gold_gain":0.0,"cards_transformed":["Defend_B"],"event_name":"Transmorgrifier","player_choice":"Transformed","floor":37.0,"gold_loss":0.0,"damage_taken":0.0,"cards_obtained":["Loop"]},{"damage_healed":0.0,"max_hp_gain":0.0,"max_hp_loss":0.0,"gold_gain":0.0,"event_name":"给自己的盒子","player_choice":"Ignored","floor":41.0,"gold_loss":0.0,"damage_taken":0.0},{"cards_removed":["Strike_B"],"damage_healed":0.0,"max_hp_gain":0.0,"max_hp_loss":0.0,"gold_gain":0.0,"event_name":"Purifier","player_choice":"Purged","floor":44.0,"gold_loss":0.0,"damage_taken":0.0},{"damage_healed":0,"gold_gain":100,"player_choice":"Pray","damage_taken":0,"max_hp_gain":0,"max_hp_loss":0,"event_name":"Golden Shrine","floor":53,"gold_loss":0}],"is_beta":false,"boss_relics":[{"not_picked":["Fusion Hammer","FrostBlade"],"picked":"BirthdayGift-Tetrahedron"},{"not_picked":["MetatronsCube","testmod-Recursion"],"picked":"PatriotShield"}],"items_purged_floors":[15,22,24,45,48],"is_endless":false,"potions_floor_spawned":[1,3,4,8,12,14,27,28,33,35,36,40,46,51,60],"ascension_level":13}}