{"host":"cvdbfwtypahr1w62","time":1607766764,"event":{"mods":["AchievementEnabler","Act Like it!","BaseMod","BetterRewards","Colored Map","Filter the Spire","Hallownest","Highlight Path","Jorbs\u0027s Wanderer Trilogy","Marisa????????","Minty Spire (QoL Compilation)","Rare Cards Sparkle","Relic Stats","Shop Mod","StSLib","The Bug Knight","The Cursed"],"gold_per_floor":[114,114,134,35,50,50,63,80,80,80,100,100,128,158,158,230,280,300,300,315,590,603,603,307,55,124,174,78,78,78,96,96,174,174,189,115,168,178,203,231,31,47,96,0,0,31,50,74,74,74],"floor_reached":51,"playtime":2260,"items_purged":["Strike_G","Strike_G","Strike_G","Regret","Strike_G","Strike_G"],"score":1744,"play_id":"3f7c8fbd-40e0-450c-b8c9-3c4f5dbc27f6","local_time":"20201212105244","is_ascension_mode":true,"campfire_choices":[{"floor":6,"key":"REST"},{"data":"Apotheosis","floor":12,"key":"SMITH"},{"floor":15,"key":"REST"},{"data":"Accuracy","floor":23,"key":"SMITH"},{"data":"Footwork","floor":29,"key":"SMITH"},{"data":"Footwork","floor":32,"key":"SMITH"},{"data":"Noxious Fumes","floor":45,"key":"SMITH"},{"floor":49,"key":"REST"}],"circlet_count":1,"master_deck":["AscendersBane","Defend_G","Defend_G","Defend_G","Defend_G","Defend_G","Survivor","Neutralize","Footwork+1","Footwork+1","Accuracy+1","Apotheosis+1","Caltrops","Noxious Fumes+1","Blade Dance","Cloak And Dagger","Adrenaline","Terror","Accuracy","Noxious Fumes+1","Dodge and Roll","Corpse Explosion","Blur","Infinite Blades","Parasite","Escape Plan"],"relics":["Ring of the Snake","Ninja Scroll","HollowMod:JonisBlessing","Thread and Needle","Hallownest:DreamNailRelic","WingedGreaves","Unceasing Top","Tiny House","Happy Flower","Matryoshka","Pen Nib","Anchor","Circlet","Cursed Key","CatCart","TungstenRod","HollowMod:LifeEnderRelic","Akabeko","Potion Belt","Red Mask","CeramicFish"],"acts_visited":["Exordium","TheCity","TheBeyond"],"potions_floor_usage":[13,16,22,31,35,35,37,39,46,50,50],"damage_taken":[{"damage":0,"enemies":"Hallownest:2_Baldur","floor":1,"turns":6},{"damage":0,"enemies":"Hallownest:monsterHuskGuard","floor":3,"turns":5},{"damage":0,"enemies":"Hallownest:monsterHuskWarrior","floor":5,"turns":2},{"damage":0,"enemies":"Hallownest:monsterAspidMother","floor":7,"turns":5},{"damage":0,"enemies":"Hallownest:Wandering_and_Horned","floor":8,"turns":5},{"damage":0,"enemies":"Hallownest:monsterFoolEater","floor":11,"turns":4},{"damage":0,"enemies":"Hallownest:eliteMossKnight","floor":13,"turns":4},{"damage":0,"enemies":"Hallownest:eliteCrystalGuardian","floor":14,"turns":8},{"damage":0,"enemies":"Hallownest:BossFalseKnight","floor":16,"turns":10},{"damage":0,"enemies":"3 Byrds","floor":18,"turns":2},{"damage":0,"enemies":"Shell Parasite","floor":20,"turns":5},{"damage":21,"enemies":"Snecko","floor":22,"turns":7},{"damage":0,"enemies":"Sentry and Sphere","floor":31,"turns":4},{"damage":1,"enemies":"Automaton","floor":33,"turns":9},{"damage":0,"enemies":"3 Darklings","floor":35,"turns":3},{"damage":0,"enemies":"Orin","floor":37,"turns":8},{"damage":0,"enemies":"3 Shapes","floor":38,"turns":4},{"damage":0,"enemies":"Mind Bloom Boss Battle","floor":39,"turns":6},{"damage":16,"enemies":"Nemesis","floor":40,"turns":6},{"damage":0,"enemies":"Spire Growth","floor":42,"turns":4},{"damage":0,"enemies":"Reptomancer","floor":46,"turns":5},{"damage":0,"enemies":"3 Darklings","floor":47,"turns":5},{"damage":0,"enemies":"4 Shapes","floor":48,"turns":3},{"damage":32,"enemies":"Awakened One","floor":50,"turns":10}],"seed_played":"-8424883014463781190","potions_obtained":[{"floor":3,"key":"SkillPotion"},{"floor":5,"key":"Ancient Potion"},{"floor":16,"key":"Explosive Potion"},{"floor":17,"key":"SkillPotion"},{"floor":22,"key":"SneckoOil"},{"floor":35,"key":"EntropicBrew"},{"floor":38,"key":"Energy Potion"},{"floor":40,"key":"AttackPotion"},{"floor":46,"key":"Poison Potion"}],"is_trial":false,"path_per_floor":["M","$","M","$","M","R","M","M","T","?","M","R","E","?","R","B",null,"M","?","M","?","M","R","$","$","T","T","$","R","?","M","R","B",null,"M","$","?","M","?","E","$","M","T","?","R","E","M","M","R","B",null],"character_chosen":"THE_SILENT","items_purchased":["Footwork","Footwork","Ninja Scroll","Accuracy","HollowMod:JonisBlessing","Apotheosis","Noxious Fumes","Blade Dance","Happy Flower","Accuracy","Noxious Fumes","Dodge and Roll","Infinite Blades"],"campfire_rested":3,"item_purchase_floors":[0,0,0,0,0,0,4,4,24,25,28,28,36],"current_hp_per_floor":[17,17,17,17,17,36,36,36,36,36,36,36,36,36,55,55,68,68,55,55,55,34,34,34,34,34,34,34,34,34,34,34,33,65,65,65,65,65,65,49,49,49,49,49,49,49,49,49,71,39],"gold":74,"neow_bonus":"","is_daily":false,"chose_seed":false,"campfire_upgraded":5,"win_rate":0.0,"timestamp":1607766764,"path_taken":["M","$","M","$","M","R","?","?","T","?","M","R","E","?","R","BOSS","M","?","M","?","?","R","?","$","T","?","$","R","?","?","R","BOSS","M","$","?","M","?","E","$","M","T","?","R","E","M","M","R","BOSS"],"items_purchased_type":["Card","Card","Relic","Card","Relic","Card","Card","Card","Relic","Card","Card","Card","Card"],"build_version":"2020-11-30","purchased_purges":6,"victory":true,"max_hp_per_floor":[66,66,66,66,66,66,66,66,66,66,66,66,66,66,66,66,71,71,76,76,76,76,76,76,76,76,76,76,76,76,76,76,76,76,76,76,76,76,76,76,76,76,76,76,76,76,76,76,76,76],"relic_stats":{"Happy Flower":[52],"counters":[234,1251],"CeramicFish":9,"Pen Nib":[20],"Cursed Key":1,"obtain_stats":[{"TwistedFunnel":19,"Whetstone":0,"Bottled Tornado":28,"Boot":8,"Sling":19,"Blood Vial":2,"Sundial":43,"MealTicket":7,"Fusion Hammer":34,"Kunai":9,"HollowMod:QueensCombRelic":0,"Pear":9,"Blue Candle":31,"HollowMod:JonisBlessing":0,"Pen Nib":27,"Paper Crane":10,"Akabeko":45,"SlaversCollar":17,"MutagenicStrength":20,"Bird Faced Urn":25,"Ring of the Serpent":34,"Unceasing Top":14,"Lantern":24,"Regal Pillow":26,"Magic Flower":0,"StoneCalendar":0,"Bag of Preparation":25,"Smiling Mask":9,"Hallownest:GodTamersBeastRelic":45,"Cursed Key":17,"Matryoshka":31,"WristBlade":34,"Ninja Scroll":0,"WingedGreaves":0,"Chemical X":30,"InkBottle":14,"Potion Belt":43,"Lee\u0027s Waffle":30,"Golden Idol":2,"Circlet":30,"Thread and Needle":40,"PreservedInsect":5,"Omamori":13,"Frozen Egg 2":22,"Hallownest:WatcherSealRelic":20,"Busted Crown":34,"Ornamental Fan":11,"Turnip":24,"Toy Ornithopter":9,"Mark of the Bloom":36,"Calipers":10,"Tiny House":17,"Gremlin Horn":29,"CeramicFish":26,"Vajra":10,"HoveringKite":34,"HollowMod:VesselMask":0,"HornCleat":0,"Philosopher\u0027s Stone":17,"Prayer Wheel":27,"Toxic Egg 2":9,"Happy Flower":0,"Oddly Smooth Stone":0,"War Paint":30,"Question Card":26,"WarpedTongs":28,"Bottled Flame":26,"Shuriken":9,"Bronze Scales":20,"Molten Egg 2":45,"CatCart":37,"Pocketwatch":0,"Meat on the Bone":4,"Darkstone Periapt":26,"Hallownest:StagBellRelic1":3,"SacredBark":34,"Mango":0,"Snake Skull":0,"Juzu Bracelet":43,"Incense Burner":2,"Hallownest:DreamNailRelic":3,"Empty Cage":17,"ClockworkSouvenir":0,"Nunchaku":26,"Dream Catcher":9,"Mummified Hand":44,"Pantograph":6,"Red Mask":48,"Runic Pyramid":34,"Hallownest:BeastSealRelic":48,"HollowMod:LifeEnderRelic":40,"Odd Mushroom":11,"Orichalcum":44,"White Beast Statue":26,"Peace Pipe":13,"Anchor":30,"Membership Card":0,"TungstenRod":43},{"TwistedFunnel":198,"Whetstone":0,"Bottled Tornado":112,"Boot":4,"Sling":64,"Blood Vial":56,"Sundial":17,"MealTicket":96,"Fusion Hammer":46,"Kunai":20,"HollowMod:QueensCombRelic":188,"Pear":58,"Blue Candle":158,"HollowMod:JonisBlessing":0,"Pen Nib":68,"Paper Crane":148,"Akabeko":73,"SlaversCollar":39,"MutagenicStrength":111,"Bird Faced Urn":111,"Ring of the Serpent":136,"Unceasing Top":218,"Lantern":10,"Regal Pillow":131,"Magic Flower":55,"StoneCalendar":55,"Bag of Preparation":179,"Smiling Mask":4,"Hallownest:GodTamersBeastRelic":54,"Cursed Key":110,"Matryoshka":12,"WristBlade":182,"Ninja Scroll":210,"WingedGreaves":105,"Chemical X":44,"InkBottle":22,"Potion Belt":230,"Lee\u0027s Waffle":68,"Golden Idol":106,"Circlet":222,"Thread and Needle":184,"PreservedInsect":99,"Omamori":173,"Frozen Egg 2":9,"Hallownest:WatcherSealRelic":41,"Busted Crown":115,"Ornamental Fan":36,"Turnip":130,"Toy Ornithopter":107,"Mark of the Bloom":183,"Calipers":124,"Tiny House":127,"Gremlin Horn":200,"CeramicFish":179,"Vajra":59,"HoveringKite":202,"HollowMod:VesselMask":0,"HornCleat":188,"Philosopher\u0027s Stone":7,"Prayer Wheel":87,"Toxic Egg 2":34,"Happy Flower":55,"Oddly Smooth Stone":119,"War Paint":68,"Question Card":155,"WarpedTongs":43,"Bottled Flame":11,"Shuriken":123,"Bronze Scales":25,"Molten Egg 2":208,"CatCart":226,"Pocketwatch":0,"Meat on the Bone":106,"Darkstone Periapt":198,"Hallownest:StagBellRelic1":145,"SacredBark":70,"Mango":18,"Snake Skull":188,"Juzu Bracelet":17,"Incense Burner":19,"Hallownest:DreamNailRelic":31,"Empty Cage":63,"ClockworkSouvenir":18,"Nunchaku":67,"Dream Catcher":147,"Mummified Hand":207,"Pantograph":3,"Red Mask":75,"Runic Pyramid":13,"Hallownest:BeastSealRelic":54,"HollowMod:LifeEnderRelic":229,"Odd Mushroom":102,"Orichalcum":187,"White Beast Statue":86,"Peace Pipe":81,"Anchor":134,"Membership Card":55,"TungstenRod":140},{"TwistedFunnel":1059,"Whetstone":0,"Bottled Tornado":608,"Boot":16,"Sling":351,"Blood Vial":314,"Sundial":91,"MealTicket":529,"Fusion Hammer":267,"Kunai":105,"HollowMod:QueensCombRelic":1010,"Pear":321,"Blue Candle":829,"HollowMod:JonisBlessing":0,"Pen Nib":370,"Paper Crane":780,"Akabeko":387,"SlaversCollar":217,"MutagenicStrength":605,"Bird Faced Urn":605,"Ring of the Serpent":725,"Unceasing Top":1160,"Lantern":51,"Regal Pillow":701,"Magic Flower":310,"StoneCalendar":310,"Bag of Preparation":959,"Smiling Mask":16,"Hallownest:GodTamersBeastRelic":299,"Cursed Key":602,"Matryoshka":59,"WristBlade":981,"Ninja Scroll":1121,"WingedGreaves":578,"Chemical X":253,"InkBottle":113,"Potion Belt":1228,"Lee\u0027s Waffle":370,"Golden Idol":582,"Circlet":1184,"Thread and Needle":990,"PreservedInsect":549,"Omamori":913,"Frozen Egg 2":39,"Hallownest:WatcherSealRelic":230,"Busted Crown":624,"Ornamental Fan":195,"Turnip":698,"Toy Ornithopter":585,"Mark of the Bloom":985,"Calipers":675,"Tiny House":688,"Gremlin Horn":1072,"CeramicFish":959,"Vajra":325,"HoveringKite":1081,"HollowMod:VesselMask":0,"HornCleat":1010,"Philosopher\u0027s Stone":32,"Prayer Wheel":476,"Toxic Egg 2":181,"Happy Flower":310,"Oddly Smooth Stone":643,"War Paint":370,"Question Card":814,"WarpedTongs":248,"Bottled Flame":55,"Shuriken":667,"Bronze Scales":137,"Molten Egg 2":1106,"CatCart":1208,"Pocketwatch":0,"Meat on the Bone":582,"Darkstone Periapt":1059,"Hallownest:StagBellRelic1":767,"SacredBark":378,"Mango":100,"Snake Skull":1010,"Juzu Bracelet":91,"Incense Burner":102,"Hallownest:DreamNailRelic":168,"Empty Cage":346,"ClockworkSouvenir":100,"Nunchaku":364,"Dream Catcher":775,"Mummified Hand":1100,"Pantograph":11,"Red Mask":396,"Runic Pyramid":71,"Hallownest:BeastSealRelic":299,"HollowMod:LifeEnderRelic":1224,"Odd Mushroom":563,"Orichalcum":1003,"White Beast Statue":466,"Peace Pipe":431,"Anchor":716,"Membership Card":310,"TungstenRod":739}],"Unceasing Top":[18],"TungstenRod":4,"Ring of the Snake":[180]},"card_choices":[{"not_picked":["Distraction","Predator","Sucker Punch"],"picked":"SKIP","floor":1},{"not_picked":["Catalyst","Slice"],"picked":"Caltrops","floor":3},{"not_picked":["Flying Knee","Deadly Poison","Quick Slash"],"picked":"SKIP","floor":5},{"not_picked":["Dodge and Roll","Bane","Dagger Spray"],"picked":"SKIP","floor":7},{"not_picked":["Outmaneuver","Prepared","Dash"],"picked":"SKIP","floor":8},{"not_picked":["Accuracy","Tactician"],"picked":"Cloak And Dagger","floor":11},{"not_picked":["Slice","Sucker Punch","Prepared"],"picked":"SKIP","floor":13},{"not_picked":["Tools of the Trade","Blade Dance","Dagger Throw"],"picked":"SKIP","floor":14},{"not_picked":["Malaise","Unload"],"picked":"Adrenaline","floor":16},{"not_picked":["Dodge and Roll","Dagger Throw"],"picked":"Terror","floor":18},{"not_picked":["Slice+1","Sucker Punch","Finisher"],"picked":"SKIP","floor":20},{"not_picked":["Quick Slash","Prepared","Calculated Gamble"],"picked":"SKIP","floor":22},{"not_picked":["Riddle With Holes","Blade Dance","PiercingWail"],"picked":"SKIP","floor":31},{"not_picked":["Malaise","Night Terror"],"picked":"Corpse Explosion","floor":33},{"not_picked":["Infinite Blades","Flying Knee"],"picked":"Blur","floor":35},{"not_picked":["Dodge and Roll","Dagger Throw","Outmaneuver"],"picked":"SKIP","floor":38},{"not_picked":["Blade Dance","Distraction","Riddle With Holes"],"picked":"SKIP","floor":40},{"not_picked":["Slice","Deflect","Quick Slash"],"picked":"SKIP","floor":42},{"not_picked":["Corpse Explosion","Skewer","Dagger Throw"],"picked":"SKIP","floor":46},{"not_picked":["Well Laid Plans","Flying Knee","Cloak And Dagger"],"picked":"SKIP","floor":47},{"not_picked":["Poisoned Stab","PiercingWail"],"picked":"Escape Plan","floor":48}],"player_experience":766066,"relics_obtained":[{"floor":9,"key":"Thread and Needle"},{"floor":13,"key":"WingedGreaves"},{"floor":14,"key":"Unceasing Top"},{"floor":26,"key":"Matryoshka"},{"floor":27,"key":"Pen Nib"},{"floor":27,"key":"Anchor"},{"floor":37,"key":"CatCart"},{"floor":39,"key":"TungstenRod"},{"floor":40,"key":"HollowMod:LifeEnderRelic"},{"floor":43,"key":"Akabeko"},{"floor":43,"key":"Potion Belt"},{"floor":46,"key":"CeramicFish"}],"event_choices":[{"damage_healed":0,"gold_gain":0,"player_choice":"Shed Blood","damage_taken":18,"max_hp_gain":5,"max_hp_loss":0,"event_name":"Forgotten Altar","floor":19,"gold_loss":0},{"damage_healed":0,"gold_gain":275,"player_choice":"Desecrate","damage_taken":0,"max_hp_gain":0,"max_hp_loss":0,"event_name":"Golden Shrine","floor":21,"gold_loss":0,"cards_obtained":["Regret"]},{"damage_healed":0,"gold_gain":0,"player_choice":"Fight","damage_taken":0,"max_hp_gain":0,"max_hp_loss":0,"event_name":"OrinTheCat","floor":37,"gold_loss":0},{"damage_healed":0,"gold_gain":0,"player_choice":"Fight","damage_taken":0,"max_hp_gain":0,"max_hp_loss":0,"event_name":"MindBloom","floor":39,"gold_loss":0},{"damage_healed":0,"gold_gain":0,"player_choice":"Paid","damage_taken":0,"relics_obtained":["Red Mask"],"max_hp_gain":0,"max_hp_loss":0,"event_name":"Tomb of Lord Red Mask","floor":44,"gold_loss":96}],"is_beta":false,"boss_relics":[{"not_picked":["Snecko Eye","Astrolabe"],"picked":"Tiny House"},{"not_picked":["Ring of the Serpent","HoveringKite"],"picked":"Cursed Key"}],"items_purged_floors":[0,0,0,24,25,41],"is_endless":false,"potions_floor_spawned":[3,5,11,16,18,22,35,38,40,42,46],"ascension_level":14}}