{"host":"sst22apzgpn07t8v","time":1607741887,"event":{"mods":["Act Like it!","BaseMod","Hallownest","HololiveMod","Lobotomy","LobotomyExtend","Minty Spire (QoL Compilation)","Replay The Spire","Shop Mod","StSLib"],"gold_per_floor":[118,118,118,118,43,43,63,78,78,78,102,102,277,83,97,16,16,113,113,130,145,145,145,32,32,43,43,43,61,73,89,108,127,127,127,127],"floor_reached":35,"playtime":1661,"items_purged":["Doubt"],"score":249,"play_id":"e519ee0b-47bb-4b85-8b4e-2a10b46be7d9","local_time":"20201212105807","is_ascension_mode":false,"campfire_choices":[{"floor":6,"key":"REST"},{"data":"Riddle With Holes","floor":12,"key":"SMITH"},{"floor":17,"key":"REST"},{"floor":25,"key":"REST"},{"floor":27,"key":"REST"}],"circlet_count":0,"master_deck":["Strike_G","Strike_G","Strike_G","Strike_G","Defend_G","Defend_G","Defend_G","Defend_G","Survivor+1","Neutralize","Hidden Blade+1","Backstab","Riddle With Holes+1","Poisoned Stab","Apotheosis+1","Underhanded Strike","Acrobatics","Bouncing Flask","Die Die Die","Dagger Spray+1","Deadly Poison","Noxious Fumes","Terror","ReplayTheSpireMod:Splinters","Underhanded Strike+1","Deflect","ReplayTheSpireMod:Scrap Shanks","Bane"],"relics":["Philosopher\u0027s Stone","Moonlight_r","Replay:Mystery Machine","Cursed Key","Ornamental Fan"],"acts_visited":["Exordium","TheCity"],"potions_floor_usage":[32],"damage_taken":[{"damage":2,"enemies":"2 Louse","floor":1,"turns":4},{"damage":1,"enemies":"Small Slimes","floor":7,"turns":3},{"damage":0,"enemies":"Cultist","floor":8,"turns":2},{"damage":0,"enemies":"3 Louse","floor":15,"turns":2},{"damage":42,"enemies":"Fading Forest","floor":18,"turns":11},{"damage":23,"enemies":"3 Byrds","floor":20,"turns":4},{"damage":7,"enemies":"Chosen","floor":21,"turns":3},{"damage":18,"enemies":"Shelled Parasite and Fungi","floor":26,"turns":5},{"damage":12,"enemies":"Centurion and Healer","floor":29,"turns":4},{"damage":0,"enemies":"3 Cultists","floor":30,"turns":3},{"damage":42,"enemies":"Cultist and Chosen","floor":31,"turns":5},{"damage":0,"enemies":"Chosen and Byrds","floor":32,"turns":4},{"damage":2,"enemies":"3 Cultists","floor":33,"turns":4},{"damage":39,"enemies":"Automaton","floor":35,"turns":4}],"seed_played":"7437249622612857795","potions_obtained":[{"floor":7,"key":"Reflective Coating"},{"floor":21,"key":"Elixir"},{"floor":29,"key":"SkillPotion"},{"floor":31,"key":"Fire Potion"},{"floor":32,"key":"Death Potion"}],"is_trial":false,"path_per_floor":["M","?","?","?","$","R","M","M","PTL","PTL","T","R","?","$","M","$","R","B",null,"M","M","?","?","$","R","M","R","T","M","M","M","M","M","R","B"],"character_chosen":"THE_SILENT","items_purchased":["Backstab","Apotheosis","Underhanded Strike","Bouncing Flask","Noxious Fumes"],"campfire_rested":4,"item_purchase_floors":[5,14,14,16,24],"current_hp_per_floor":[68,68,27,27,27,48,47,47,47,47,47,47,47,47,47,47,68,46,70,47,40,40,40,40,61,43,64,64,52,52,10,10,8,29,0,0],"gold":127,"neow_bonus":"BOSS_RELIC","is_daily":false,"chose_seed":false,"campfire_upgraded":1,"win_rate":0.0,"timestamp":1607741887,"path_taken":["M","?","?","?","$","R","?","M","PTL","PTL","T","R","?","$","M","?","R","BOSS","M","M","?","?","$","R","M","R","T","M","M","M","M","?","R","BOSS"],"items_purchased_type":["Card","Card","Card","Card","Card"],"build_version":"2020-11-30","purchased_purges":1,"victory":false,"max_hp_per_floor":[70,70,70,70,70,70,70,70,70,70,70,70,70,70,70,70,70,70,70,70,70,70,70,70,70,70,70,70,70,70,70,70,70,70,70,70],"card_choices":[{"not_picked":["Poisoned Stab","Blur"],"picked":"Hidden Blade","floor":1},{"not_picked":["Dodge and Roll","Choke"],"picked":"Riddle With Holes","floor":7},{"not_picked":["Acrobatics","Backflip"],"picked":"Poisoned Stab","floor":8},{"not_picked":["Outmaneuver","ReplayTheSpireMod:Tripwire"],"picked":"Acrobatics","floor":15},{"not_picked":["Replay:Bag of Tricks","Doppelganger"],"picked":"Die Die Die","floor":18},{"not_picked":["Fluid Movement","Flying Knee"],"picked":"Dagger Spray","floor":20},{"not_picked":["Underhanded Strike","Bane"],"picked":"Deadly Poison","floor":21},{"not_picked":["Flying Knee","Dagger Spray+1"],"picked":"Terror","floor":26},{"not_picked":["Predator","Sucker Punch"],"picked":"Underhanded Strike+1","floor":29},{"not_picked":["Masterful Stab","Replay:Poison Smokescreen","ReplayTheSpireMod:The Works"],"picked":"SKIP","floor":30},{"not_picked":["Quick Slash","Dash"],"picked":"Deflect","floor":31},{"not_picked":["Heel Hook+1","Sucker Punch"],"picked":"ReplayTheSpireMod:Scrap Shanks","floor":32},{"not_picked":["Fluid Movement","Backflip"],"picked":"Bane","floor":33}],"player_experience":121677,"relics_obtained":[{"floor":11,"key":"Replay:Mystery Machine"},{"floor":28,"key":"Ornamental Fan"}],"event_choices":[{"damage_healed":0,"gold_gain":0,"player_choice":"Upgraded","damage_taken":0,"max_hp_gain":0,"max_hp_loss":0,"event_name":"Upgrade Shrine","floor":4,"gold_loss":0,"cards_upgraded":["Survivor"]},{"damage_healed":0,"gold_gain":175,"player_choice":"AGREE","damage_taken":0,"max_hp_gain":0,"max_hp_loss":0,"event_name":"Liars Game","floor":13,"gold_loss":0,"cards_obtained":["Doubt"]},{"damage_healed":0,"gold_gain":0,"player_choice":"Forge","damage_taken":0,"max_hp_gain":0,"max_hp_loss":0,"event_name":"Accursed Blacksmith","floor":23,"gold_loss":0,"cards_upgraded":["Apotheosis"]}],"is_beta":false,"boss_relics":[{"not_picked":["Abe\u0027s Treasure","ChewingGum"],"picked":"Cursed Key"}],"items_purged_floors":[24],"is_endless":false,"potions_floor_spawned":[7,21,29,31,32],"killed_by":"Automaton","ascension_level":0}}