{"host":"wbdly04l9mkn9nrc","time":1607778417,"event":{"mods":["AchievementEnabler","BaseMod","BetterRewards","Minty Spire (QoL Compilation)","StSLib","[IsaacMod]ÒÔÈö¼âËþ"],"gold_per_floor":[112,287,306,118,134,134,134,134,134],"floor_reached":8,"playtime":341,"items_purged":["Strike_B","Defend_B"],"score":55,"play_id":"249227ee-3442-4dab-b4e1-defaa7d7f79d","local_time":"20201212210657","is_ascension_mode":true,"campfire_choices":[{"data":"Hologram","floor":6,"key":"SMITH"}],"circlet_count":0,"master_deck":["Strike_B","Strike_B","Strike_B","Defend_B","Defend_B","Defend_B","Zap","Dualcast","WheelKick","Doubt","Hologram+1","Storm+1","Stack","Amplify","Capacitor+1"],"relics":["Cracked Core","HushsDoor","SteamSale","GuppysPaw","Incense Burner","Lee\u0027s Waffle","Frozen Egg 2","PrismaticShard"],"acts_visited":["Exordium"],"potions_floor_usage":[8],"damage_taken":[{"damage":2,"enemies":"Jaw Worm","floor":1,"turns":2},{"damage":0,"enemies":"Small Slimes","floor":3,"turns":3},{"damage":7,"enemies":"Cultist","floor":5,"turns":4},{"damage":16,"enemies":"Gremlin Nob","floor":8,"turns":4}],"seed_played":"444001681358535936","potions_obtained":[{"floor":1,"key":"Weak Potion"}],"is_trial":false,"path_per_floor":["M","?","M","$","M","R","?","E"],"character_chosen":"DEFECT","items_purchased":["SteamSale","Lee\u0027s Waffle","Frozen Egg 2","PrismaticShard","Storm+1","Stack","Amplify"],"campfire_rested":0,"item_purchase_floors":[0,0,0,0,4,4,4],"current_hp_per_floor":[80,80,80,80,73,73,58,42,42],"gold":134,"neow_bonus":"","is_daily":false,"chose_seed":false,"campfire_upgraded":1,"win_rate":0.0,"timestamp":1607778417,"path_taken":["M","?","M","$","?","R","?","E"],"items_purchased_type":["Relic","Relic","Relic","Relic","Card","Card","Card"],"build_version":"2020-11-30","purchased_purges":2,"victory":false,"max_hp_per_floor":[82,82,82,82,82,82,82,82,82],"card_choices":[{"not_picked":[],"picked":"ChaosCard","floor":0},{"not_picked":["Cleave","EmptyFist"],"picked":"WheelKick","floor":1},{"not_picked":["Cold Snap","BowlingBash"],"picked":"Hologram","floor":3},{"not_picked":["Consume","Go for the Eyes"],"picked":"Capacitor+1","floor":5}],"player_experience":78699,"relics_obtained":[],"event_choices":[{"damage_healed":0,"gold_gain":175,"player_choice":"AGREE","damage_taken":0,"max_hp_gain":0,"max_hp_loss":0,"event_name":"Liars Game","floor":2,"gold_loss":0,"cards_obtained":["Doubt"]}],"is_beta":false,"boss_relics":[],"items_purged_floors":[0,4],"is_endless":false,"potions_floor_spawned":[1],"killed_by":"Gremlin Nob","ascension_level":4}}