{"host":"hc8xbdd8p6sd75vx","time":1607761585,"event":{"mods":["AchievementEnabler","AlwaysNeverKeys","BaseMod","Better Altar","Better Match","Better Sensory Stone","Better Skull","Better Third Choice","Colored Map","Hermit","Minty Spire (QoL Compilation)","Quick Restart","Shade Mod","Shop Mod","Spicy Shops","StSLib","The Servant 0.9.4"],"gold_per_floor":[113,113,113,128,203,238,251,251,251,265,265,265,265,278,278,375,375,388,388,9,9,27,27,62,74,97,97,115,115,147,186,186,186,186],"floor_reached":33,"playtime":2383,"items_purged":[],"score":308,"play_id":"e3591e60-6f31-4655-8ed9-082e2c8e9ddb","local_time":"20201212002625","is_ascension_mode":false,"campfire_choices":[{"data":"Metamorphosis","floor":11,"key":"SMITH"},{"floor":15,"key":"REST"},{"data":"Backstab","floor":23,"key":"SMITH"},{"floor":29,"key":"REST"},{"floor":32,"key":"REST"}],"circlet_count":0,"master_deck":["Strike_G","Strike_G","Strike_G","Strike_G","Strike_G+1","Defend_G+1","Defend_G","Defend_G","Defend_G","Defend_G","Survivor","Neutralize","Metamorphosis+1","Blade Dance","Bane","Backstab+1","Catalyst","Footwork","Noxious Fumes","Slice","Blade Dance","Crippling Poison","Slice"],"relics":["Ring of the Snake","NeowsBlessing","Ninja Scroll","Mummified Hand","WristBlade","MerchantsRug","Oddly Smooth Stone","Blood Vial","Happy Flower","Nilry\u0027s Codex"],"acts_visited":["Exordium","TheCity"],"potions_floor_usage":[10,16,16,28,30,30,33],"damage_taken":[{"damage":0,"enemies":"Jaw Worm","floor":1,"turns":1},{"damage":0,"enemies":"Small Slimes","floor":4,"turns":1},{"damage":0,"enemies":"Lagavulin","floor":6,"turns":1},{"damage":0,"enemies":"2 Louse","floor":7,"turns":2},{"damage":11,"enemies":"Gremlin Gang","floor":10,"turns":5},{"damage":0,"enemies":"Looter","floor":14,"turns":1},{"damage":15,"enemies":"Hexaghost","floor":16,"turns":6},{"damage":2,"enemies":"3 Byrds","floor":18,"turns":4},{"damage":10,"enemies":"Spheric Guardian","floor":22,"turns":3},{"damage":12,"enemies":"Gremlin Leader","floor":24,"turns":4},{"damage":1,"enemies":"Centurion and Healer","floor":25,"turns":4},{"damage":14,"enemies":"Snecko","floor":28,"turns":4},{"damage":27,"enemies":"Slavers","floor":30,"turns":5},{"damage":33,"enemies":"Champ","floor":33,"turns":8}],"seed_played":"7350319921048799107","potions_obtained":[{"floor":4,"key":"Weak Potion"},{"floor":6,"key":"CultistPotion"},{"floor":7,"key":"GamblersBrew"},{"floor":14,"key":"EssenceOfSteel"},{"floor":22,"key":"Ancient Potion"},{"floor":24,"key":"SkillPotion"},{"floor":28,"key":"AttackPotion"},{"floor":30,"key":"Ancient Potion"}],"is_trial":false,"path_per_floor":["M","?","$","M","?","E","M","?","T","M","R","?","?","M","R","B",null,"M","?","$","?","M","R","E","M","T","?","M","R","E","$","R","B"],"character_chosen":"THE_SILENT","items_purchased":["MerchantsRug","Noxious Fumes","Oddly Smooth Stone"],"campfire_rested":3,"item_purchase_floors":[20,20,20],"current_hp_per_floor":[70,70,70,70,59,59,59,59,59,48,48,41,27,27,48,33,70,68,68,68,61,51,51,39,40,40,24,12,33,8,8,29,0,0],"gold":186,"neow_bonus":"THREE_ENEMY_KILL","is_daily":false,"chose_seed":false,"campfire_upgraded":2,"win_rate":0.0,"timestamp":1607761585,"path_taken":["M","?","$","M","?","E","M","?","T","?","R","?","?","M","R","BOSS","M","?","$","?","M","R","E","?","T","?","M","R","E","$","R","BOSS"],"items_purchased_type":["Relic","Card","Relic"],"build_version":"2020-11-30","purchased_purges":0,"victory":false,"max_hp_per_floor":[70,70,70,70,70,70,70,70,70,70,70,70,70,70,70,70,70,70,70,70,70,70,70,70,70,70,70,70,70,70,70,70,70,70],"card_choices":[{"not_picked":["PiercingWail","Outmaneuver","Dodge and Roll"],"picked":"SKIP","floor":1},{"not_picked":["Violence","Discovery"],"picked":"Metamorphosis","floor":2},{"not_picked":["Dodge and Roll","Catalyst"],"picked":"Blade Dance","floor":4},{"not_picked":["Terror","Dagger Throw","Choke"],"picked":"SKIP","floor":6},{"not_picked":["Flying Knee","Dagger Throw"],"picked":"Bane","floor":7},{"not_picked":["Dodge and Roll","Deadly Poison"],"picked":"Backstab","floor":10},{"not_picked":["Backflip","Acrobatics"],"picked":"Catalyst","floor":14},{"not_picked":["Leg Sweep+1","Calculated Gamble","Quick Slash"],"picked":"SKIP","floor":18},{"not_picked":["Dagger Throw+1","Prepared"],"picked":"Slice","floor":22},{"not_picked":["Terror+1","Dodge and Roll"],"picked":"Blade Dance","floor":24},{"not_picked":["Flechettes","Prepared+1","Outmaneuver"],"picked":"SKIP","floor":25},{"not_picked":["Sucker Punch","PiercingWail"],"picked":"Crippling Poison","floor":28},{"not_picked":["Eviscerate","Well Laid Plans"],"picked":"Slice","floor":30}],"player_experience":211150,"relics_obtained":[{"floor":6,"key":"Ninja Scroll"},{"floor":9,"key":"Mummified Hand"},{"floor":24,"key":"Blood Vial"},{"floor":26,"key":"Happy Flower"},{"floor":27,"key":"Nilry\u0027s Codex"},{"floor":30,"key":"Toy Ornithopter"}],"event_choices":[{"damage_healed":0,"gold_gain":1,"player_choice":"1","damage_taken":0,"max_hp_gain":0,"max_hp_loss":0,"event_name":"betterStone:BetterStone","floor":2,"gold_loss":0},{"damage_healed":0,"gold_gain":75,"player_choice":"Gold","damage_taken":11,"max_hp_gain":0,"max_hp_loss":0,"event_name":"betterThird:BetterGoop","floor":5,"gold_loss":0},{"damage_healed":0,"gold_gain":0,"player_choice":"Cursed","damage_taken":0,"max_hp_gain":0,"max_hp_loss":0,"event_name":"Wheel of Change","floor":8,"gold_loss":0,"cards_obtained":["Decay"]},{"cards_removed":["Decay"],"damage_healed":0,"gold_gain":0,"player_choice":"Card Removal","damage_taken":7,"max_hp_gain":0,"max_hp_loss":0,"event_name":"Golden Wing","floor":12,"gold_loss":0},{"damage_healed":41,"gold_gain":0,"player_choice":"Upgrade","damage_taken":14,"max_hp_gain":0,"max_hp_loss":70,"event_name":"betterThird:BetterShining","floor":13,"gold_loss":0,"cards_upgraded":["Defend_G","Strike_G"]},{"damage_healed":0,"gold_gain":0,"player_choice":"Read","damage_taken":0,"max_hp_gain":0,"max_hp_loss":0,"event_name":"The Library","floor":19,"gold_loss":0,"cards_obtained":["Footwork"]},{"damage_healed":0,"gold_gain":0,"player_choice":"Damaged","damage_taken":7,"max_hp_gain":0,"max_hp_loss":0,"event_name":"Wheel of Change","floor":21,"gold_loss":0},{"damage_healed":0,"gold_gain":0,"player_choice":"Obtained Book","damage_taken":16,"max_hp_gain":0,"max_hp_loss":0,"event_name":"Cursed Tome","floor":27,"gold_loss":0}],"is_beta":false,"boss_relics":[{"not_picked":["Fusion Hammer","Pandora\u0027s Box"],"picked":"WristBlade"}],"items_purged_floors":[],"is_endless":false,"potions_floor_spawned":[4,6,7,14,22,24,28,30],"killed_by":"Champ","ascension_level":0}}