{"host":"rpu0b34yn88n8zeb","time":1607734343,"event":{"mods":["BaseMod","CapriCore","Colored Powertips","Defuse TimeMaze Blight","Marisa£¨ìFÓê¡¡Ä§ÀíÉ³£©","Minty Spire (QoL Compilation)","Quick Restart","Reimu£¨²©ÀöÁéÃÎ£©","Shop Mod","Spicy Shops","StSLib","The Immortal","The Servant 0.9.4","Youmu£¨»êÆÇÑýÃÎ£©","¡¾¶«·½¶þ´Î´´×÷¡¿°ËÔÆ×Ïmod"],"gold_per_floor":[134,100,375,391,351,384,384,412,491,503,503,11,21,38,38,143,143,157,157,67,83,94,124,51,67,139,165,7,27,60,60,60,162,162,172,192,192,119,129,129,51,94,94,94,0,0,0,29,29,29],"floor_reached":51,"playtime":1860,"items_purged":["Regret","Pride"],"score":956,"play_id":"ac67c6d3-3943-42c4-bd5a-609ed85d6dbf","local_time":"20201211175223","is_ascension_mode":true,"campfire_choices":[{"data":"Bait_HighSpeedFlying_purple","floor":7,"key":"SMITH"},{"data":"Bait_Toxicbait_purple","floor":15,"key":"SMITH"},{"data":"GluttonyofRealm_purpleEX","floor":32,"key":"SMITH"},{"data":"Observe_purple_2","floor":40,"key":"SMITH"},{"data":"WatchEChange_purple","floor":49,"key":"SMITH"}],"circlet_count":0,"master_deck":["Observe_purple_1","Observe_purple_2+1","Shallow_ocean_purpleEX","Bait_HighSpeedFlying_purple+1","Line_surface_state_purple","Mirror_TwoAndThreeElementRealm_purple","BarrageBoundary_PipeDream_purple","Mirror_FormAndEmptin_purple","Bait_Toxicbait_purple+1","BarrageBoundary_PipeDream_purple","DarkRealmRedLine_purple","Charmbait_purple","Anti_communist_purple+1","GluttonyofRealm_purpleEX+1","BarrageBoundary_PipeDream_purple","WatchEChange_purple+1","MonsterNeedle_purple","Line_surface_state_purple","WeekHit_purple","EighthInstrument_OneDividesIntoTwo_purple+1","PurpleNeedle_purple","DimensionStaggered_purple","Shame","LoveAcrossDimensions_purple","ExternalForce_HighSpeedFlying_purple+1","Charmbait_purple+1","StateErode_purple+1","AdvanceAttack_purple+1","Boundary_DreamRealityDamnation_purple+1"],"relics":["Boundary_crack","Memoryfragments_purpleEX","NeowsBlessing","PaintedHorse:ReiMu","Akabeko","Pear","Mercury Hourglass","Ornamental Fan","Sling","PreservedInsect","Pandora\u0027s Box","Singing Bowl","Smiling Mask","Potion Belt","Anchor","Bronze Scales","White Beast Statue","Philosopher\u0027s Stone","Orrery","Cauldron","CeramicFish","Meat on the Bone","Red Mask"],"acts_visited":["Exordium","TheCity","TheBeyond"],"potions_floor_usage":[33,41],"damage_taken":[{"damage":0,"enemies":"Cultist","floor":1,"turns":1},{"damage":0,"enemies":"2 Louse","floor":4,"turns":1},{"damage":21,"enemies":"3 Sentries","floor":6,"turns":1},{"damage":51,"enemies":"Lagavulin","floor":8,"turns":7},{"damage":0,"enemies":"Small Slimes","floor":10,"turns":1},{"damage":8,"enemies":"Exordium Thugs","floor":13,"turns":2},{"damage":0,"enemies":"Looter","floor":14,"turns":2},{"damage":8,"enemies":"The Guardian","floor":16,"turns":7},{"damage":6,"enemies":"2 Thieves","floor":18,"turns":2},{"damage":0,"enemies":"3 Byrds","floor":21,"turns":3},{"damage":1,"enemies":"Snecko","floor":22,"turns":4},{"damage":28,"enemies":"Gremlin Leader","floor":23,"turns":3},{"damage":0,"enemies":"3 Cultists","floor":25,"turns":2},{"damage":30,"enemies":"Slavers","floor":27,"turns":3},{"damage":0,"enemies":"Centurion and Healer","floor":29,"turns":3},{"damage":0,"enemies":"Gremlin Leader","floor":30,"turns":3},{"damage":28,"enemies":"Collector","floor":33,"turns":8},{"damage":0,"enemies":"Orb Walker","floor":35,"turns":2},{"damage":1,"enemies":"3 Darklings","floor":36,"turns":4},{"damage":3,"enemies":"Transient","floor":39,"turns":5},{"damage":5,"enemies":"Giant Head","floor":42,"turns":4},{"damage":0,"enemies":"Spire Growth","floor":48,"turns":3},{"damage":25,"enemies":"Donu and Deca","floor":50,"turns":4}],"seed_played":"-6021043679322349155","potions_obtained":[{"floor":4,"key":"MagicPotion:ReiMu"},{"floor":8,"key":"FairyPotion"},{"floor":16,"key":"PowerPotion"},{"floor":29,"key":"Explosive Potion"},{"floor":33,"key":"ZuzhouPotion:ReiMu"},{"floor":35,"key":"Swift Potion"},{"floor":41,"key":"Fruit Juice"},{"floor":41,"key":"DistilledChaos"}],"is_trial":false,"path_per_floor":["M","$","?","M","?","E","R","E","T","M","?","$","M","M","R","B",null,"M","?","?","M","M","E","$","M","T","E","$","M","E","?","R","B",null,"M","M","?","$","M","R","$","E","T","?","?","$","$","M","R","B",null],"character_chosen":"Youkari","items_purchased":["Bait_HighSpeedFlying_purple","Ornamental Fan","Sling","PreservedInsect","PurpleNeedle_purple","Anchor","Block Potion","Orrery","Cauldron"],"campfire_rested":0,"item_purchase_floors":[2,12,12,12,24,28,28,38,41],"current_hp_per_floor":[70,70,70,70,70,49,49,28,28,28,28,28,33,33,33,25,80,83,83,83,88,89,64,64,66,66,48,48,56,62,62,62,34,108,108,109,110,114,115,115,120,116,116,116,116,116,116,125,125,100],"gold":29,"neow_bonus":"THREE_ENEMY_KILL","is_daily":false,"chose_seed":false,"campfire_upgraded":5,"win_rate":0.0,"timestamp":1607734343,"path_taken":["M","$","?","?","?","E","R","E","T","M","?","$","M","?","R","BOSS","M","?","?","M","?","E","$","M","T","E","$","M","E","?","R","BOSS","M","M","?","$","?","R","?","E","T","?","?","?","$","M","R","BOSS"],"items_purchased_type":["Card","Relic","Relic","Relic","Card","Relic","Potion","Relic","Relic"],"build_version":"2020-11-30","purchased_purges":2,"victory":true,"max_hp_per_floor":[70,70,70,70,70,70,70,80,80,80,80,80,80,80,80,80,80,83,83,83,88,90,93,93,95,95,98,98,103,108,108,108,108,108,108,110,110,114,116,116,121,121,121,121,121,121,121,125,125,125],"card_choices":[{"not_picked":["StateErode_purple","ButterflyHabitatTemple_purple"],"picked":"Shallow_ocean_purpleEX","floor":1},{"not_picked":["SfantasyHide_purple","SharpContractionReality_purple"],"picked":"Line_surface_state_purple","floor":4},{"not_picked":["Fantasy_PerpetualMotionMachine_purple","Boundary_DynamicStaticEquilibrium_purple"],"picked":"Mirror_TwoAndThreeElementRealm_purple","floor":6},{"not_picked":["Realm_recovery_purpleEX","Bait_HighSpeedFlying_purple"],"picked":"BarrageBoundary_PipeDream_purple","floor":8},{"not_picked":["Mirror_FourBoundary_purple","ButterflyHabitatTemple_purple","Worldmountain_purple"],"picked":"SKIP","floor":10},{"not_picked":["Anti_communist_purple","SharpContractionReality_purple"],"picked":"Mirror_FormAndEmptin_purple","floor":13},{"not_picked":["CommonSense_AntiCommonSense_purple","Umbrella_purple"],"picked":"Bait_Toxicbait_purple","floor":14},{"not_picked":["ContainerChange_purple","MagicEyes_LaplaceDemon_purple"],"picked":"BarrageBoundary_PipeDream_purple","floor":16},{"not_picked":["Mirror_FormAndEmptin_purple","Boundary_DynamicStaticEquilibrium_purple"],"picked":"WeekHit_purple","floor":18},{"not_picked":["AdvanceAttack_purple","Line_surface_state_purple","SharpContractionReality_purple"],"picked":"Singing Bowl","floor":21},{"not_picked":["SharpContractionReality_purple","Shallow_ocean_purpleEX+1","SfantasyHide_purple"],"picked":"Singing Bowl","floor":22},{"not_picked":["Boundary_DreamRealityDamnation_purple","Realm_recovery_purpleEX"],"picked":"EighthInstrument_OneDividesIntoTwo_purple+1","floor":23},{"not_picked":["Yakumo_Ran_purple","Worldmountain_purple","Boundary_ObjectiveBoundary_purple"],"picked":"Singing Bowl","floor":25},{"not_picked":["SfantasyHide_purple","RuptureOfTimeAndSpace_purple"],"picked":"DimensionStaggered_purple","floor":27},{"not_picked":["Shallow_ocean_purpleEX","Bait_Toxicbait_purple","Mirror_FourBoundary_purple"],"picked":"Singing Bowl","floor":29},{"not_picked":["Shallow_ocean_purpleEX","MagicEyes_LaplaceDemon_purple","StateErode_purple+1"],"picked":"Singing Bowl","floor":30},{"not_picked":["MagicEyes_LaplaceDemon_purple","Mirror_TwoAndThreeElementRealm_purple"],"picked":"LoveAcrossDimensions_purple","floor":33},{"not_picked":["MeetDecomposer_purple","SharpContractionReality_purple+1"],"picked":"ExternalForce_HighSpeedFlying_purple+1","floor":35},{"not_picked":["SfantasyHide_purple+1","AdvanceAttack_purple","Fantasy_PerpetualMotionMachine_purple"],"picked":"Singing Bowl","floor":36},{"not_picked":["SfantasyHide_purple+1","Boundary_ObjectiveBoundary_purple+1"],"picked":"Charmbait_purple+1","floor":38},{"not_picked":["Bait_Toxicbait_purple","WingOfChimera_purple+1"],"picked":"PositiveMatter_Antimatter_Universe_purple+1","floor":38},{"not_picked":["Shallow_ocean_purpleEX","MeetDecomposer_purple","RealityDreamConfluencek_purple+1"],"picked":"Singing Bowl","floor":38},{"not_picked":["AdvanceAttack_purple","Mirror_TwoAndThreeElementRealm_purple","Boundary_ObjectiveBoundary_purple"],"picked":"Singing Bowl","floor":38},{"not_picked":["PositiveMatter_Antimatter_Universe_purple+1","MetroBOOM_purple"],"picked":"StateErode_purple+1","floor":38},{"not_picked":["SfantasyHide_purple+1","WatchEyeChange_purple+1","Mirror_FourBoundary_purple+1"],"picked":"Singing Bowl","floor":39},{"not_picked":["Mirror_WaveAndshot_purple","Realm_recovery_purpleEX"],"picked":"AdvanceAttack_purple+1","floor":42},{"not_picked":["WingOfChimera_purple","Line_surface_state_purple"],"picked":"Boundary_DreamRealityDamnation_purple+1","floor":48}],"player_experience":517065,"relics_obtained":[{"floor":6,"key":"Akabeko"},{"floor":8,"key":"Pear"},{"floor":9,"key":"Mercury Hourglass"},{"floor":23,"key":"Smiling Mask"},{"floor":27,"key":"Potion Belt"},{"floor":30,"key":"Bronze Scales"},{"floor":42,"key":"CeramicFish"},{"floor":43,"key":"Meat on the Bone"}],"event_choices":[{"damage_healed":0,"gold_gain":275,"player_choice":"Desecrate","damage_taken":0,"max_hp_gain":0,"max_hp_loss":0,"event_name":"Golden Shrine","floor":3,"gold_loss":0,"cards_obtained":["Regret"]},{"damage_healed":0,"gold_gain":0,"player_choice":"ÈûÇ®","damage_taken":0,"relics_obtained":["PaintedHorse:ReiMu"],"max_hp_gain":0,"max_hp_loss":0,"event_name":"yidonshenshe","floor":5,"gold_loss":40},{"damage_healed":0,"gold_gain":0,"player_choice":"Ignored","damage_taken":0,"max_hp_gain":0,"max_hp_loss":0,"event_name":"Transmorgrifier","floor":11,"gold_loss":0},{"damage_healed":0,"gold_gain":0,"player_choice":"Opened","damage_taken":0,"relics_obtained":["Singing Bowl"],"max_hp_gain":0,"max_hp_loss":0,"event_name":"The Mausoleum","floor":19,"gold_loss":0,"cards_obtained":["Writhe"]},{"cards_removed":["Writhe"],"damage_healed":0,"gold_gain":0,"player_choice":"Upgrade and Remove","damage_taken":0,"max_hp_gain":0,"max_hp_loss":0,"event_name":"Designer","floor":20,"gold_loss":90,"cards_upgraded":["Anti_communist_purple"]},{"damage_healed":0,"gold_gain":0,"player_choice":"Stole Relic","damage_taken":0,"relics_obtained":["White Beast Statue"],"max_hp_gain":0,"max_hp_loss":0,"event_name":"Addict","floor":31,"gold_loss":0,"cards_obtained":["Shame"]},{"damage_healed":1,"gold_gain":0,"player_choice":"Full Heal","damage_taken":0,"max_hp_gain":0,"max_hp_loss":0,"event_name":"Wheel of Change","floor":37,"gold_loss":0},{"cards_removed":["PositiveMatter_Antimatter_Universe_purple"],"damage_healed":0,"gold_gain":0,"player_choice":"Removed Skill","damage_taken":0,"max_hp_gain":0,"max_hp_loss":0,"event_name":"Falling","floor":44,"gold_loss":0},{"damage_healed":0,"gold_gain":0,"player_choice":"Paid","damage_taken":0,"relics_obtained":["Red Mask"],"max_hp_gain":0,"max_hp_loss":0,"event_name":"Tomb of Lord Red Mask","floor":45,"gold_loss":94}],"is_beta":false,"boss_relics":[{"not_picked":["SacredBark","Runic Pyramid"],"picked":"Pandora\u0027s Box"},{"not_picked":["Busted Crown","Coffee Dripper"],"picked":"Philosopher\u0027s Stone"}],"items_purged_floors":[12,28],"is_endless":false,"potions_floor_spawned":[4,8,16,22,23,29,33,35,36,39,42,48],"ascension_level":1}}