{"host":"i344ixtilokuekwt","time":1607813076,"event":{"mods":["BaseMod","Card Forge","Colored Powertips","Minty Spire (QoL Compilation)","Quick Restart","Relic Stats","StSLib"],"gold_per_floor":[110,123,134,153,73,73,37,62,62,91,102,102,102,115,115,189,189,199,124,144,161,161,161],"floor_reached":22,"playtime":753,"items_purged":[],"score":496,"play_id":"eeabcd48-afbc-4cc5-b64c-f8fc9c54d549","local_time":"20201212174436","is_ascension_mode":true,"campfire_choices":[{"data":"BattleHymn","floor":6,"key":"SMITH"},{"data":"Wallop","floor":12,"key":"SMITH"},{"floor":15,"key":"REST"}],"circlet_count":0,"master_deck":["AscendersBane","Strike_P","Strike_P+1","Strike_P","Defend_P","Defend_P","Defend_P","Defend_P","Eruption","Vigilance","Consecrate","Wallop+1","DevaForm","BattleHymn+1","Tantrum+1","WheelKick","DeceiveReality","MasterReality","LessonLearned","TalkToTheHand","ThirdEye+1"],"relics":["HolyWater","Hammer of Thor","Seething Fire","Anvil of the Gods","Potion Belt","TungstenRod","Peace Pipe"],"acts_visited":["Exordium","TheCity"],"potions_floor_usage":[8,14,22,22],"damage_taken":[{"damage":0,"enemies":"Cultist","floor":1,"turns":2},{"damage":7,"enemies":"Jaw Worm","floor":2,"turns":5},{"damage":1,"enemies":"2 Louse","floor":3,"turns":3},{"damage":6,"enemies":"Looter","floor":4,"turns":3},{"damage":7,"enemies":"3 Sentries","floor":8,"turns":4},{"damage":22,"enemies":"Lagavulin","floor":10,"turns":5},{"damage":7,"enemies":"Blue Slaver","floor":11,"turns":3},{"damage":1,"enemies":"Exordium Wildlife","floor":14,"turns":4},{"damage":0,"enemies":"Slime Boss","floor":16,"turns":5},{"damage":0,"enemies":"3 Byrds","floor":18,"turns":4},{"damage":0,"enemies":"Chosen","floor":20,"turns":3},{"damage":8,"enemies":"Sentry and Sphere","floor":21,"turns":4},{"damage":83,"enemies":"Shelled Parasite and Fungi","floor":22,"turns":3}],"seed_played":"6625805696299723765","potions_obtained":[{"floor":4,"key":"StancePotion"},{"floor":8,"key":"Block Potion"},{"floor":10,"key":"Dexterity Potion"},{"floor":16,"key":"ColorlessPotion"},{"floor":18,"key":"ColorlessPotion"}],"is_trial":false,"path_per_floor":["M","M","M","M","$","R","$","E","T","E","M","R","?","M","R","B",null,"M","?","M","M","M"],"character_chosen":"WATCHER","items_purchased":["BattleHymn","Tantrum"],"campfire_rested":1,"item_purchase_floors":[5,7],"current_hp_per_floor":[67,60,59,53,53,53,53,46,46,24,17,17,8,7,29,29,63,63,63,63,55,0,0],"gold":161,"neow_bonus":"TEN_PERCENT_HP_BONUS","is_daily":false,"chose_seed":false,"campfire_upgraded":2,"win_rate":0.0,"timestamp":1607813076,"path_taken":["M","M","?","M","$","R","$","E","T","E","M","R","?","M","R","BOSS","M","?","M","M","M"],"items_purchased_type":["Card","Card"],"build_version":"2020-11-30","purchased_purges":0,"victory":false,"max_hp_per_floor":[74,74,74,74,74,74,74,74,74,74,74,74,74,74,74,74,74,74,74,74,74,74,74],"relic_stats":{"Peace Pipe":0,"counters":[13,48],"obtain_stats":[{"Potion Belt":8,"Peace Pipe":13,"Anvil of the Gods":0,"HolyWater":17,"Hammer of Thor":0,"Seething Fire":0,"PureWater":0,"TungstenRod":10},{"Potion Belt":5,"Peace Pipe":7,"Anvil of the Gods":0,"HolyWater":9,"Hammer of Thor":0,"Seething Fire":0,"PureWater":0,"TungstenRod":6},{"Potion Belt":17,"Peace Pipe":25,"Anvil of the Gods":0,"HolyWater":34,"Hammer of Thor":0,"Seething Fire":0,"PureWater":0,"TungstenRod":22}],"TungstenRod":19},"card_choices":[{"not_picked":["Halt","Protect"],"picked":"Consecrate","floor":1},{"not_picked":["FlyingSleeves","SashWhip","FlurryOfBlows"],"picked":"SKIP","floor":2},{"not_picked":["PathToVictory","Consecrate"],"picked":"Wallop","floor":3},{"not_picked":["SashWhip","Consecrate"],"picked":"DevaForm","floor":4},{"not_picked":["FlyingSleeves","PathToVictory"],"picked":"WheelKick","floor":8},{"not_picked":["FollowUp","Prostrate"],"picked":"DeceiveReality","floor":10},{"not_picked":["ForeignInfluence","Crescendo","Tantrum"],"picked":"SKIP","floor":11},{"not_picked":["ClearTheMind","BattleHymn"],"picked":"MasterReality","floor":14},{"not_picked":["Alpha","Judgement"],"picked":"LessonLearned","floor":16},{"not_picked":["ReachHeaven","Prostrate"],"picked":"TalkToTheHand","floor":18},{"not_picked":["SashWhip+1","Protect"],"picked":"ThirdEye+1","floor":20},{"not_picked":["Study","ThirdEye","CrushJoints"],"picked":"SKIP","floor":21}],"player_experience":648312,"relics_obtained":[{"floor":8,"key":"Potion Belt"},{"floor":10,"key":"TungstenRod"}],"event_choices":[{"damage_healed":0,"gold_gain":0,"player_choice":"Success","damage_taken":11,"relics_obtained":["Peace Pipe"],"max_hp_gain":0,"max_hp_loss":0,"event_name":"Scrap Ooze","floor":13,"gold_loss":0},{"cards_removed":["Strike_P"],"damage_healed":0,"gold_gain":0,"player_choice":"Gave Gold","damage_taken":0,"max_hp_gain":0,"max_hp_loss":0,"event_name":"Beggar","floor":19,"gold_loss":75}],"is_beta":false,"boss_relics":[{"not_picked":["Calling Bell","Tiny House"],"picked":"HolyWater"}],"items_purged_floors":[],"is_endless":false,"potions_floor_spawned":[4,8,10,16,18],"killed_by":"Shelled Parasite and Fungi","ascension_level":20}}