{"host":"yk98keyoflza93y0","time":1607762636,"event":{"mods":["AchievementEnabler","BaseMod","BetterRewards","Card Forge","Colored Map","DeckTracker","Minty Spire (QoL Compilation)","Shop Mod","StSLib","SuperFastMode"],"gold_per_floor":[114,114,126,51,71,71,71,104,152,178,193,212,230,262,262,340,340,351,351,362,362,377,409,409,442,442,472,507,507,519,58,58,131,131,150,163,100,100,154,154,183,201,283,308,321,356,375,394,394,394,394],"floor_reached":50,"playtime":1837,"items_purged":["Strike_P","Strike_P+1","Defend_P+1"],"score":1699,"play_id":"ab43082d-4b96-402d-8ccb-b3b17ced515a","local_time":"20201212174356","is_ascension_mode":true,"campfire_choices":[{"data":"Eruption","floor":6,"key":"SMITH"},{"floor":15,"key":"REST"},{"floor":24,"key":"REST"},{"floor":29,"key":"RECALL"},{"data":"Deep Breath","floor":32,"key":"SMITH"},{"floor":40,"key":"REST"},{"data":"MentalFortress","floor":49,"key":"SMITH"}],"circlet_count":0,"master_deck":["AscendersBane","Defend_P+1","Defend_P+1","Eruption+1","Vigilance+1","CrushJoints+1","EmptyFist+1","FlurryOfBlows+1","Halt+1","FearNoEvil+1","FollowUp+1","RitualDagger+1","Adaptation+1","Flash of Steel+1","MentalFortress+1","MentalFortress+1","Deep Breath+1"],"relics":["PureWater","Hammer of Thor","Seething Fire","Anvil of the Gods","Membership Card","Mummified Hand","Pocketwatch","Kunai","StoneCalendar","Vajra","Molten Egg 2","Anchor","Runic Pyramid","HornCleat","Sundial","Shuriken","MealTicket","Red Mask","Bird Faced Urn","Lee\u0027s Waffle","Tiny Chest","Sozu","Mango","Dream Catcher","Lantern","Pantograph"],"acts_visited":["Exordium","TheCity","TheBeyond"],"potions_floor_usage":[14,23,27],"damage_taken":[{"damage":5,"enemies":"Small Slimes","floor":1,"turns":3},{"damage":12,"enemies":"Cultist","floor":3,"turns":3},{"damage":4,"enemies":"Jaw Worm","floor":5,"turns":4},{"damage":23,"enemies":"Lagavulin","floor":8,"turns":4},{"damage":5,"enemies":"Gremlin Nob","floor":10,"turns":3},{"damage":1,"enemies":"Blue Slaver","floor":11,"turns":2},{"damage":0,"enemies":"Looter","floor":12,"turns":2},{"damage":6,"enemies":"Large Slime","floor":13,"turns":2},{"damage":2,"enemies":"3 Sentries","floor":14,"turns":3},{"damage":22,"enemies":"The Guardian","floor":16,"turns":8},{"damage":0,"enemies":"3 Byrds","floor":18,"turns":5},{"damage":19,"enemies":"Chosen","floor":20,"turns":4},{"damage":23,"enemies":"Snake Plant","floor":22,"turns":4},{"damage":0,"enemies":"Slavers","floor":23,"turns":4},{"damage":0,"enemies":"Gremlin Leader","floor":25,"turns":4},{"damage":0,"enemies":"Slavers","floor":27,"turns":3},{"damage":0,"enemies":"Masked Bandits","floor":28,"turns":3},{"damage":0,"enemies":"Snecko","floor":30,"turns":3},{"damage":0,"enemies":"Automaton","floor":33,"turns":5},{"damage":0,"enemies":"Orb Walker","floor":35,"turns":1},{"damage":0,"enemies":"3 Shapes","floor":36,"turns":3},{"damage":65,"enemies":"2 Orb Walkers","floor":39,"turns":5},{"damage":0,"enemies":"Giant Head","floor":41,"turns":4},{"damage":0,"enemies":"3 Darklings","floor":42,"turns":3},{"damage":1,"enemies":"Nemesis","floor":44,"turns":5},{"damage":0,"enemies":"Spire Growth","floor":45,"turns":2},{"damage":0,"enemies":"Giant Head","floor":46,"turns":4},{"damage":6,"enemies":"Transient","floor":47,"turns":6},{"damage":0,"enemies":"4 Shapes","floor":48,"turns":4},{"damage":130,"enemies":"Time Eater","floor":50,"turns":5}],"seed_played":"2009064051664752687","potions_obtained":[{"floor":10,"key":"Ambrosia"},{"floor":11,"key":"Ambrosia"},{"floor":16,"key":"StancePotion"},{"floor":27,"key":"Strength Potion"},{"floor":30,"key":"EssenceOfSteel"}],"is_trial":false,"path_per_floor":["M","?","M","?","M","R","T","E","T","E","M","M","M","E","R","B",null,"M","?","M","?","M","E","R","E","T","E","?","R","M","$","R","B",null,"M","M","$","?","?","R","E","M","T","E","M","E","M","M","R","B"],"character_chosen":"WATCHER","items_purchased":["Membership Card","Mummified Hand","Bird Faced Urn","Lee\u0027s Waffle","Tiny Chest","MentalFortress","Deep Breath"],"campfire_rested":3,"item_purchase_floors":[0,0,31,31,31,31,31],"current_hp_per_floor":[56,56,44,44,40,40,40,17,17,12,11,11,5,3,23,1,51,51,51,32,26,3,3,23,23,23,23,23,23,23,75,75,75,75,75,75,75,71,21,46,52,58,58,63,67,73,73,79,79,0,0],"gold":394,"neow_bonus":"","is_daily":false,"chose_seed":false,"campfire_upgraded":3,"win_rate":0.0,"timestamp":1607762636,"path_taken":["M","?","?","?","M","R","?","E","T","E","M","M","M","E","R","BOSS","M","?","M","?","M","E","R","E","T","E","?","R","M","?","R","BOSS","M","M","$","?","?","R","E","M","T","E","M","E","M","M","R","BOSS"],"items_purchased_type":["Relic","Relic","Relic","Relic","Relic","Card","Card"],"build_version":"2020-11-30","purchased_purges":3,"victory":false,"max_hp_per_floor":[68,68,68,68,68,68,68,68,68,68,68,68,68,68,68,68,68,68,68,68,68,68,68,68,68,68,68,68,68,68,75,75,75,75,75,75,75,71,85,85,85,85,85,85,85,85,85,85,85,85,85],"card_choices":[{"not_picked":["Crescendo","Prostrate"],"picked":"CrushJoints","floor":1},{"not_picked":["Omniscience","Indignation","BattleHymn"],"picked":"SKIP","floor":3},{"not_picked":["Evaluate","Halt"],"picked":"EmptyFist","floor":5},{"not_picked":["CarveReality","ClearTheMind"],"picked":"FlurryOfBlows","floor":8},{"not_picked":["SandsOfTime+1","Brilliance+1","EmptyBody"],"picked":"SKIP","floor":10},{"not_picked":["WaveOfTheHand","Crescendo"],"picked":"Halt","floor":11},{"not_picked":["FlyingSleeves+1","Sanctity"],"picked":"FearNoEvil+1","floor":12},{"not_picked":["WindmillStrike+1","ClearTheMind"],"picked":"FollowUp+1","floor":13},{"not_picked":["ThirdEye","ReachHeaven+1","CrushJoints+1"],"picked":"SKIP","floor":14},{"not_picked":["EmptyBody","Nirvana","JustLucky+1"],"picked":"SKIP","floor":18},{"not_picked":["Prostrate","FollowUp+1","ThirdEye"],"picked":"SKIP","floor":20},{"not_picked":["Protect","Prostrate","Ragnarok+1"],"picked":"SKIP","floor":22},{"not_picked":["Crescendo","LikeWater","Evaluate"],"picked":"SKIP","floor":23},{"not_picked":["ForeignInfluence+1","Protect","Conclude+1"],"picked":"SKIP","floor":25},{"not_picked":["Brilliance+1","PathToVictory","Evaluate"],"picked":"SKIP","floor":27},{"not_picked":["CrushJoints+1","SashWhip+1","MasterReality"],"picked":"SKIP","floor":30},{"not_picked":["Consecrate+1","Protect","Nirvana"],"picked":"SKIP","floor":35},{"not_picked":["EmptyBody","Sanctity","FlyingSleeves+1"],"picked":"SKIP","floor":36},{"not_picked":["DevaForm","Consecrate+1","ClearTheMind"],"picked":"SKIP","floor":41},{"not_picked":["EmptyMind","Collect","Wallop+1"],"picked":"SKIP","floor":42},{"not_picked":["JustLucky+1","FearNoEvil+1","FollowUp+1"],"picked":"SKIP","floor":44},{"not_picked":["WheelKick+1","Wish","Pray"],"picked":"SKIP","floor":45},{"not_picked":["BowlingBash+1","Crescendo","FlurryOfBlows+1"],"picked":"SKIP","floor":46},{"not_picked":["BowlingBash+1","FlurryOfBlows+1","CutThroughFate+1"],"picked":"SKIP","floor":47},{"not_picked":["LessonLearned+1","SashWhip+1","FlyingSleeves+1"],"picked":"SKIP","floor":48}],"player_experience":1455166,"relics_obtained":[{"floor":7,"key":"Kunai"},{"floor":8,"key":"StoneCalendar"},{"floor":9,"key":"Vajra"},{"floor":10,"key":"Molten Egg 2"},{"floor":14,"key":"Anchor"},{"floor":23,"key":"HornCleat"},{"floor":25,"key":"Sundial"},{"floor":26,"key":"Shuriken"},{"floor":27,"key":"MealTicket"},{"floor":28,"key":"Red Mask"},{"floor":39,"key":"Mango"},{"floor":41,"key":"Dream Catcher"},{"floor":44,"key":"Lantern"},{"floor":46,"key":"Pantograph"}],"event_choices":[{"cards_removed":["Defend_P"],"damage_healed":0,"gold_gain":0,"player_choice":"Offered Basic","damage_taken":0,"max_hp_gain":0,"max_hp_loss":0,"event_name":"Bonfire Elementals","floor":2,"gold_loss":0},{"cards_removed":["Strike_P"],"damage_healed":0,"gold_gain":0,"player_choice":"Card Removal","damage_taken":0,"max_hp_gain":0,"max_hp_loss":0,"event_name":"The Cleric","floor":4,"gold_loss":75},{"cards_removed":["Strike_P"],"damage_healed":0,"gold_gain":0,"player_choice":"Elegance","damage_taken":0,"max_hp_gain":0,"max_hp_loss":0,"event_name":"Back to Basics","floor":19,"gold_loss":0},{"damage_healed":0,"gold_gain":0,"player_choice":"Joined the Cult","damage_taken":6,"max_hp_gain":0,"max_hp_loss":0,"event_name":"Nest","floor":21,"gold_loss":0,"cards_obtained":["RitualDagger"]},{"damage_healed":0,"gold_gain":0,"player_choice":"Fought Bandits","damage_taken":0,"max_hp_gain":0,"max_hp_loss":0,"event_name":"Masked Bandits","floor":28,"gold_loss":0},{"damage_healed":0,"gold_gain":0,"player_choice":"Max HP","damage_taken":0,"max_hp_gain":0,"max_hp_loss":4,"event_name":"Winding Halls","floor":38,"gold_loss":0},{"damage_healed":0,"gold_gain":0,"player_choice":"Fight","damage_taken":0,"max_hp_gain":0,"max_hp_loss":0,"event_name":"Mysterious Sphere","floor":39,"gold_loss":0}],"is_beta":false,"boss_relics":[{"not_picked":["Coffee Dripper","VioletLotus"],"picked":"Runic Pyramid"},{"not_picked":["Philosopher\u0027s Stone","Runic Dome"],"picked":"Sozu"}],"items_purged_floors":[0,31,37],"is_endless":false,"potions_floor_spawned":[10,11,13,16,18,22,27,30,35,42,44,45,47,48],"killed_by":"Time Eater","ascension_level":20}}