{"host":"s6mlqkqtr3ey2mm2","time":1607795085,"event":{"mods":["2.2 Compatiblity","AchievementEnabler","Aspiration","BaseMod","Beaked The Cultist","Better Note","BetterRewards","Colored Map","Colored Powertips","Conspire","Downfall","Energized Spire","GifTheSpireLib","Halation","Hermit","Hubris","Infinite Spire","Ironclad Rager","Marked Mod","Minty Spire (QoL Compilation)","Quick Restart","Replay The Spire","Shade Mod","Somnambulant","Spicy Shops","StSLib","Stuff the Spire","The Blue Laboratory","The Construct","The Cursed","The IronCluck","The Necromancer","The Poker Player","The Runesmith","The Servant 0.9.4","The Valiant","vexMod"],"gold_per_floor":[99,199,199,124,124,124,206,206,206,236,257,257,34,112,130,139,139],"floor_reached":16,"playtime":1233,"items_purged":[],"score":119,"play_id":"37cd0f4a-842c-4c0f-a43c-e1d274a65a34","local_time":"20201212124445","is_ascension_mode":false,"campfire_choices":[{"floor":1,"key":"RECALL"},{"data":"sneckomod:Unknown","floor":4,"key":"SMITH"},{"data":"sneckomod:Unknown","floor":6,"key":"SMITH"},{"floor":9,"key":"REST"}],"circlet_count":0,"master_deck":["sneckomod:Strike+1","sneckomod:Strike","sneckomod:Strike","sneckomod:Defend","sneckomod:Defend","sneckomod:Defend","sneckomod:TailWhip+1","sneckomod:SnekBite","sneckomod:Unknown+1","sneckomod:Unknown+1","infinitespire:Menacing","sneckomod:UnknownCommonSkill","sneckomod:UnknownUncommonSkill","sneckomod:Unknown0Cost","sneckomod:MasterEye","sneckomod:UnknownClassSOMNAMBULANT_GRAY","sneckomod:UnknownClassBLUE"],"relics":["sneckomod:SneckoSoul","downfall:HeartBlessingRed","MealTicket","hubris:CrystalStatue","vexMod:ConsolationPrize","Pen Nib","Whetstone"],"acts_visited":["Exordium"],"potions_floor_usage":[13],"damage_taken":[{"damage":9,"enemies":"Replay:BlueRogue","floor":10,"turns":4},{"damage":8,"enemies":"conspire:RoseBush","floor":11,"turns":3},{"damage":4,"enemies":"downfall:FleeingMerchant","floor":13,"turns":5},{"damage":47,"enemies":"conspire:MimicChest","floor":14,"turns":7},{"damage":4,"enemies":"Jaw Worm","floor":15,"turns":5},{"damage":9,"enemies":"downfall:CharBossIronclad","floor":16,"turns":6}],"seed_played":"5920307567945350017","potions_obtained":[{"floor":11,"key":"SkillPotion"},{"floor":14,"key":"DuplicationPotion"}],"is_trial":false,"path_per_floor":["R_BF","?","?","R","?","R","T","?","R","E","M","?","$","?","M","B"],"character_chosen":"THE_SNECKO","items_purchased":["sneckomod:Unknown0Cost","sneckomod:MasterEye"],"campfire_rested":1,"item_purchase_floors":[13,13],"current_hp_per_floor":[99,99,104,104,97,97,97,71,102,94,87,87,99,53,50,41,41],"gold":139,"neow_bonus":"TEN_PERCENT_HP_BONUS","is_daily":false,"chose_seed":false,"campfire_upgraded":2,"win_rate":0.0,"timestamp":1607795085,"path_taken":["R_BF","?","?","R","?","R","T","?","R","E","M","?","$","?","M","BOSS"],"items_purchased_type":["Card","Card"],"build_version":"2020-11-30","purchased_purges":0,"victory":false,"max_hp_per_floor":[99,99,104,104,104,104,104,104,104,105,106,106,107,108,109,109,109],"card_choices":[{"not_picked":["infinitespire:SevenWalls","ReplayTheSpireMod:Black Plague"],"picked":"infinitespire:Menacing","floor":8},{"not_picked":["sneckomod:DiceCrush","sneckomod:UnknownClassSHADE_COLOR"],"picked":"sneckomod:UnknownCommonSkill","floor":10},{"not_picked":["sneckomod:SoulDraw","sneckomod:QuickMove"],"picked":"sneckomod:UnknownUncommonSkill","floor":11},{"not_picked":["sneckomod:UnknownClassHoly","sneckomod:IronFang"],"picked":"sneckomod:UnknownClassSOMNAMBULANT_GRAY","floor":14},{"not_picked":["sneckomod:QuickMove","sneckomod:UnknownVulnerable"],"picked":"sneckomod:UnknownClassBLUE","floor":15}],"player_experience":39526,"relics_obtained":[{"floor":7,"key":"hubris:CrystalStatue"},{"floor":10,"key":"vexMod:ConsolationPrize"},{"floor":12,"key":"Pen Nib"},{"floor":14,"key":"Whetstone"}],"event_choices":[{"damage_healed":0,"gold_gain":0,"player_choice":"Donut","damage_taken":0,"max_hp_gain":5,"max_hp_loss":0,"event_name":"Big Fish","floor":3,"gold_loss":0},{"damage_healed":0,"gold_gain":0,"player_choice":"Success","damage_taken":7,"relics_obtained":["MealTicket"],"max_hp_gain":0,"max_hp_loss":0,"event_name":"Scrap Ooze","floor":5,"gold_loss":0}],"is_beta":false,"boss_relics":[],"items_purged_floors":[],"is_endless":false,"potions_floor_spawned":[11,14],"killed_by":"downfall:CharBossIronclad","ascension_level":0}}