{"host":"wshh0nphwn6jv7vj","time":1607737722,"event":{"mods":["BaseMod","Bestiary","Minty Spire (QoL Compilation)"],"gold_per_floor":[112,130,142,158,3,3,33,33,33,58,87,101,101,136,136,212,212,232,33,31,41,51,51,66,66,118,146,163,163,163,195,195,273,273,287,287,287,302,320,320,350,350,376,409,421,421,439,439,439,439,439,439,18,18,18],"floor_reached":54,"playtime":10182,"items_purged":[],"score":1325,"play_id":"be667b3a-bb51-4fca-88dd-669073906e86","local_time":"20201211204842","is_ascension_mode":true,"campfire_choices":[{"data":"Cleave","floor":6,"key":"SMITH"},{"data":"Battle Trance","floor":8,"key":"SMITH"},{"data":"Armaments","floor":13,"key":"SMITH"},{"data":"Power Through","floor":15,"key":"SMITH"},{"floor":23,"key":"REST"},{"data":"Disarm","floor":25,"key":"SMITH"},{"floor":30,"key":"REST"},{"data":"Burning Pact","floor":32,"key":"SMITH"},{"data":"Intimidate","floor":40,"key":"SMITH"},{"floor":46,"key":"RECALL"},{"data":"Limit Break","floor":49,"key":"SMITH"},{"data":"Metallicize","floor":52,"key":"SMITH"}],"circlet_count":0,"master_deck":["AscendersBane","Bash","Cleave+1","Shrug It Off","Sword Boomerang","Battle Trance+1","Armaments+1","Power Through+1","Reaper","Burning Pact+1","True Grit","Metallicize+1","Disarm+1","Berserk","Shrug It Off","Infernal Blade+1","Demon Form","Combust","Rampage","Bludgeon","Intimidate+1","Offering","Limit Break+1","Pommel Strike","Madness","Madness","Clothesline+1","Iron Wave+1","Impatience","Reaper","Uppercut","Parasite","Iron Wave+1","Mayhem"],"relics":["Burning Blood","Mango","MealTicket","Red Skull","StrikeDummy","Odd Mushroom","Calipers","Eternal Feather","Empty Cage","Pen Nib","Happy Flower","Bottled Lightning","Enchiridion","Bronze Scales","Pandora\u0027s Box","Boot","Orichalcum","Mummified Hand"],"acts_visited":["Exordium","TheCity","TheBeyond","TheEnding"],"potions_floor_usage":[7,10,11,14,27,28,31,39,41,44,50],"damage_taken":[{"damage":2,"enemies":"2 Louse","floor":1,"turns":3},{"damage":7,"enemies":"Jaw Worm","floor":2,"turns":4},{"damage":3,"enemies":"Small Slimes","floor":3,"turns":3},{"damage":22,"enemies":"2 Fungi Beasts","floor":4,"turns":4},{"damage":23,"enemies":"Gremlin Nob","floor":7,"turns":4},{"damage":13,"enemies":"The Mushroom Lair","floor":10,"turns":4},{"damage":30,"enemies":"Lagavulin","floor":11,"turns":5},{"damage":7,"enemies":"3 Louse","floor":12,"turns":3},{"damage":15,"enemies":"3 Sentries","floor":14,"turns":4},{"damage":13,"enemies":"The Guardian","floor":16,"turns":12},{"damage":40,"enemies":"Shell Parasite","floor":18,"turns":11},{"damage":16,"enemies":"2 Thieves","floor":20,"turns":4},{"damage":25,"enemies":"Cultist and Chosen","floor":21,"turns":11},{"damage":40,"enemies":"3 Cultists","floor":22,"turns":7},{"damage":12,"enemies":"Snecko","floor":24,"turns":6},{"damage":27,"enemies":"Book of Stabbing","floor":27,"turns":10},{"damage":18,"enemies":"Snake Plant","floor":28,"turns":5},{"damage":31,"enemies":"Slavers","floor":31,"turns":7},{"damage":19,"enemies":"Champ","floor":33,"turns":20},{"damage":10,"enemies":"Orb Walker","floor":35,"turns":4},{"damage":34,"enemies":"3 Darklings","floor":38,"turns":4},{"damage":32,"enemies":"Jaw Worm Horde","floor":39,"turns":5},{"damage":42,"enemies":"Nemesis","floor":41,"turns":5},{"damage":30,"enemies":"Giant Head","floor":44,"turns":7},{"damage":6,"enemies":"Maw","floor":45,"turns":7},{"damage":31,"enemies":"Writhing Mass","floor":47,"turns":5},{"damage":148,"enemies":"Donu and Deca","floor":50,"turns":9},{"damage":77,"enemies":"Shield and Spear","floor":54,"turns":5}],"seed_played":"-8955583548538453921","potions_obtained":[{"floor":3,"key":"LiquidMemories"},{"floor":4,"key":"BloodPotion"},{"floor":7,"key":"Regen Potion"},{"floor":11,"key":"SkillPotion"},{"floor":24,"key":"DistilledChaos"},{"floor":27,"key":"BlessingOfTheForge"},{"floor":28,"key":"Explosive Potion"},{"floor":33,"key":"DuplicationPotion"},{"floor":38,"key":"SkillPotion"},{"floor":41,"key":"EssenceOfSteel"},{"floor":47,"key":"SteroidPotion"}],"is_trial":false,"path_per_floor":["M","M","M","M","$","R","E","R","T","?","E","M","R","E","R","B",null,"M","$","M","M","M","R","M","R","T","E","M","?","R","E","R","B",null,"M","?","?","M","M","R","E","?","T","E","M","R","M","?","R","B",null,"R","$","E"],"character_chosen":"IRONCLAD","items_purchased":["MealTicket","Pen Nib","True Grit","Mummified Hand","Mayhem"],"campfire_rested":2,"item_purchase_floors":[5,19,19,53,53],"current_hp_per_floor":[68,67,70,54,54,54,37,37,37,47,37,36,36,27,36,29,74,42,57,54,51,17,55,49,61,61,52,45,24,62,54,66,58,81,81,81,65,67,56,71,36,36,36,12,26,44,19,73,73,41,65,73,73,0,0],"gold":18,"neow_bonus":"ONE_RARE_RELIC","is_daily":false,"chose_seed":false,"campfire_upgraded":9,"win_rate":0.0,"timestamp":1607737722,"path_taken":["M","M","M","M","$","R","E","R","T","?","E","M","R","E","R","BOSS","M","$","M","M","M","R","M","R","T","E","M","?","R","E","R","BOSS","M","?","?","M","M","R","E","?","T","E","M","R","M","?","R","BOSS","R","$","E"],"items_purchased_type":["Relic","Relic","Card","Relic","Card"],"build_version":"2020-11-30","purchased_purges":0,"victory":false,"max_hp_per_floor":[89,89,89,89,89,89,89,89,89,89,89,89,89,89,89,89,89,89,89,89,89,89,89,89,89,89,89,89,89,89,89,89,89,89,89,89,89,89,89,89,89,89,89,89,89,89,89,73,73,73,73,73,73,73,73],"card_choices":[{"not_picked":["Whirlwind","Sword Boomerang"],"picked":"Clothesline","floor":1},{"not_picked":["Perfected Strike","Warcry"],"picked":"Cleave","floor":2},{"not_picked":["Pommel Strike","Twin Strike"],"picked":"Shrug It Off","floor":3},{"not_picked":["Body Slam","Shockwave"],"picked":"Sword Boomerang","floor":4},{"not_picked":["Rupture","Dual Wield"],"picked":"Battle Trance","floor":7},{"not_picked":["Hemokinesis","Intimidate"],"picked":"Armaments","floor":11},{"not_picked":["Dual Wield","Juggernaut","Pommel Strike"],"picked":"SKIP","floor":12},{"not_picked":["Fire Breathing","Pommel Strike"],"picked":"Power Through","floor":14},{"not_picked":["Exhume","Barricade"],"picked":"Reaper","floor":16},{"not_picked":["Sever Soul","Anger"],"picked":"Burning Pact","floor":18},{"not_picked":["Spot Weakness","Clash"],"picked":"Metallicize","floor":20},{"not_picked":["Whirlwind","Clash+1","Wild Strike"],"picked":"SKIP","floor":21},{"not_picked":["Havoc","Thunderclap"],"picked":"Disarm","floor":22},{"not_picked":["Havoc","Combust","Shockwave"],"picked":"SKIP","floor":24},{"not_picked":["Shrug It Off","Flex"],"picked":"Berserk","floor":27},{"not_picked":["Headbutt","Clash+1"],"picked":"Shrug It Off","floor":28},{"not_picked":["Warcry","Perfected Strike"],"picked":"Infernal Blade+1","floor":31},{"not_picked":["Limit Break","Corruption"],"picked":"Demon Form","floor":33},{"not_picked":["Sword Boomerang","Combust","Whirlwind"],"picked":"SKIP","floor":35},{"not_picked":["Headbutt","Flex+1"],"picked":"Clothesline+1","floor":38},{"not_picked":["Whirlwind","Flex","Heavy Blade+1"],"picked":"SKIP","floor":39},{"not_picked":["Sword Boomerang+1","Cleave+1"],"picked":"Iron Wave+1","floor":41},{"not_picked":["Magnetism","Swift Strike"],"picked":"Impatience","floor":42},{"not_picked":["Sentinel+1","Sword Boomerang"],"picked":"Reaper","floor":44},{"not_picked":["Heavy Blade","Twin Strike"],"picked":"Uppercut","floor":45},{"not_picked":["Spot Weakness","Rampage"],"picked":"Iron Wave+1","floor":47}],"player_experience":1376828,"relics_obtained":[{"floor":7,"key":"Red Skull"},{"floor":9,"key":"StrikeDummy"},{"floor":10,"key":"Odd Mushroom"},{"floor":11,"key":"Calipers"},{"floor":14,"key":"Eternal Feather"},{"floor":26,"key":"Happy Flower"},{"floor":27,"key":"Bottled Lightning"},{"floor":29,"key":"Enchiridion"},{"floor":31,"key":"Bronze Scales"},{"floor":41,"key":"Boot"},{"floor":44,"key":"Orichalcum"}],"event_choices":[{"damage_healed":0,"gold_gain":0,"player_choice":"Fought Mushrooms","damage_taken":0,"max_hp_gain":0,"max_hp_loss":0,"event_name":"Mushrooms","floor":10,"gold_loss":0},{"damage_healed":0,"gold_gain":0,"player_choice":"Obtained Book","damage_taken":21,"max_hp_gain":0,"max_hp_loss":0,"event_name":"Cursed Tome","floor":29,"gold_loss":0},{"cards_removed":["Clothesline"],"damage_healed":0,"gold_gain":0,"player_choice":"Removed Attack","damage_taken":0,"max_hp_gain":0,"max_hp_loss":0,"event_name":"Falling","floor":36,"gold_loss":0},{"damage_healed":0,"gold_gain":0,"player_choice":"Embrace Madness","damage_taken":16,"max_hp_gain":0,"max_hp_loss":0,"event_name":"Winding Halls","floor":37,"gold_loss":0,"cards_obtained":["Madness","Madness"]},{"damage_healed":0,"gold_gain":0,"player_choice":"Memory 1","damage_taken":0,"max_hp_gain":0,"max_hp_loss":0,"event_name":"SensoryStone","floor":42,"gold_loss":0},{"damage_healed":73,"gold_gain":0,"player_choice":"Heal","damage_taken":0,"max_hp_gain":0,"max_hp_loss":16,"event_name":"The Moai Head","floor":48,"gold_loss":0}],"is_beta":false,"boss_relics":[{"not_picked":["Mark of Pain","Cursed Key"],"picked":"Empty Cage"},{"not_picked":["Runic Pyramid","Tiny House"],"picked":"Pandora\u0027s Box"}],"items_purged_floors":[],"is_endless":false,"potions_floor_spawned":[3,4,7,11,24,27,28,33,38,41,47],"killed_by":"Shield and Spear","ascension_level":15}}