{"host":"jgyoyy5iuhtvyvtg","time":1607737440,"event":{"mods":["2.2 Compatiblity","BaseMod","Challenge The Spire","Colored Map","Conspire","Downfall","Hermit","Highlight Path","Infinite Spire","Lobotomy","LobotomyExtend","Minty Spire (QoL Compilation)","Quick Restart","Replay The Spire","Spikes Relics","StSLib","The Construct","The Disciple","The Jungle","Yuri Mod"],"gold_per_floor":[113,126,194,211,54,54,68,68,95,95,106,123,188,88,88,192,192,222,222,276,288,288,288,323,323,349,403,436,446,446,446],"floor_reached":30,"playtime":1062,"items_purged":[],"score":304,"play_id":"0f035a68-fed3-462d-82f0-4d47126ece3b","local_time":"20201211174400","is_ascension_mode":false,"campfire_choices":[{"data":"ReplayTheSpireMod:LeadingStrike","floor":6,"key":"SMITH"},{"data":"Massacre","floor":8,"key":"SMITH"},{"data":"Bash","floor":10,"key":"SMITH"},{"data":"Perfected Strike","floor":15,"key":"SMITH"},{"floor":23,"key":"REST"},{"data":"Feed","floor":25,"key":"SMITH"}],"circlet_count":0,"master_deck":["Strike_R","Strike_R","Strike_R","Strike_R","Strike_R","Defend_R","Defend_R","Defend_R","Defend_R","Bash+1","Cleave","CrumblingArmor","Massacre+1","ReplayTheSpireMod:LeadingStrike+1","Reaper","Wild Strike","UniverseFragment","Perfected Strike+1","Ghostly","Feed+1","CurseOfTheBell","OSAHOGD","Twin Strike","Pommel Strike+1","Woodsman","Shockwave","ReplayTheSpireMod:Strike From Hell","CENSORED"],"relics":["Burning Blood","CogitoBucket","RabbitCall","LetterFromLob","ClockworkSouvenir","Regal Pillow","ChangeAnything","Potion Belt","Calling Bell","Strawberry","infinitespire:CheckeredPen","Incense Burner","HellTrain","ZombieTooth","MealTicket"],"acts_visited":["Exordium","TheCity"],"potions_floor_usage":[12,13,16,21,24,30],"damage_taken":[{"damage":1,"enemies":"2 Louse","floor":1,"turns":3},{"damage":6,"enemies":"Jaw Worm","floor":2,"turns":3},{"damage":4,"enemies":"conspire:RoseBush","floor":4,"turns":4},{"damage":8,"enemies":"Red Slaver","floor":7,"turns":3},{"damage":6,"enemies":"2 Fungi Beasts","floor":11,"turns":4},{"damage":6,"enemies":"Exordium Wildlife","floor":12,"turns":2},{"damage":25,"enemies":"3 Sentries","floor":13,"turns":5},{"damage":38,"enemies":"Hexaghost","floor":16,"turns":6},{"damage":4,"enemies":"Spheric Guardian","floor":18,"turns":3},{"damage":44,"enemies":"conspire:FuzzyDice","floor":20,"turns":5},{"damage":26,"enemies":"Snecko","floor":21,"turns":5},{"damage":33,"enemies":"Nightmare","floor":24,"turns":5},{"damage":16,"enemies":"Cultist and Chosen","floor":27,"turns":5},{"damage":22,"enemies":"Snake Plant","floor":28,"turns":3},{"damage":8,"enemies":"Centurion and Healer","floor":29,"turns":5},{"damage":126,"enemies":"Sentry and Sphere","floor":30,"turns":7}],"seed_played":"-9092173729528513940","potions_obtained":[{"floor":3,"key":"Swift Potion"},{"floor":3,"key":"Toxic Potion"},{"floor":3,"key":"EssenceOfSteel"},{"floor":7,"key":"Weak Potion"},{"floor":16,"key":"PowerPotion"},{"floor":18,"key":"LiquidBronze"},{"floor":20,"key":"Block Potion"},{"floor":28,"key":"FearPotion"}],"is_trial":false,"path_per_floor":["M","M","?","M","$","R","M","R","T","R","M","M","E","?","R","B",null,"M","?","M","M","?","R","NM","R","T","M","M","M","M"],"character_chosen":"IRONCLAD","items_purchased":["ClockworkSouvenir"],"campfire_rested":1,"item_purchase_floors":[5],"current_hp_per_floor":[80,80,80,80,80,80,80,80,80,80,80,80,80,80,80,48,87,87,87,49,33,33,74,65,65,65,71,65,75,0,0],"gold":446,"neow_bonus":"","is_daily":false,"chose_seed":false,"campfire_upgraded":5,"win_rate":0.0,"timestamp":1607737440,"path_taken":["M","M","?","M","$","R","M","R","T","R","M","M","E","?","R","BOSS","M","?","?","M","?","R","NM","R","T","?","?","M","M"],"items_purchased_type":["Relic"],"build_version":"2020-11-30","purchased_purges":0,"victory":false,"max_hp_per_floor":[80,80,80,80,80,80,80,80,80,80,80,80,80,80,80,80,87,87,87,87,87,87,87,87,87,87,91,95,95,99,99],"card_choices":[{"not_picked":["MeatLantern","OldLady","WallGazer"],"picked":"Singing Bowl","floor":1},{"not_picked":["True Grit","Replay:Undeath\u0027s Touch"],"picked":"Cleave","floor":1},{"not_picked":["Rudolta","MeatLantern"],"picked":"CrumblingArmor","floor":2},{"not_picked":["Intimidate","ReplayTheSpireMod:Strike From Hell"],"picked":"Massacre","floor":2},{"not_picked":["Clothesline","Headbutt"],"picked":"ReplayTheSpireMod:LeadingStrike","floor":3},{"not_picked":["MeatLantern","ShyLook","OldLady"],"picked":"Singing Bowl","floor":4},{"not_picked":["Twin Strike","Warcry"],"picked":"Reaper","floor":4},{"not_picked":["MHz","NakedNest","BlackSwan"],"picked":"Singing Bowl","floor":7},{"not_picked":["Flex","Anger","Rage"],"picked":"SKIP","floor":7},{"not_picked":["SpiderBud","MHz","OldLady"],"picked":"Singing Bowl","floor":11},{"not_picked":["Corruption","Heavy Blade"],"picked":"Wild Strike","floor":11},{"not_picked":["Funeral","FieryBird"],"picked":"UniverseFragment","floor":12},{"not_picked":["Sword Boomerang","Combust"],"picked":"Perfected Strike","floor":12},{"not_picked":["ShyLook","LittleHelper","Scorched"],"picked":"Singing Bowl","floor":13},{"not_picked":["Thunderclap","Intimidate","Battle Trance"],"picked":"SKIP","floor":13},{"not_picked":["Bloodbath","CherryBlossoms","Murderer"],"picked":"Singing Bowl","floor":16},{"not_picked":["conspire:HitWhereItHurts","Demon Form"],"picked":"Feed","floor":16},{"not_picked":["BodiesMountain","DespairKnight"],"picked":"OSAHOGD","floor":18},{"not_picked":["True Grit","Anger"],"picked":"Twin Strike","floor":18},{"not_picked":["Wellcheers","CherryBlossoms","Variant"],"picked":"Singing Bowl","floor":20},{"not_picked":["Clothesline","Bludgeon"],"picked":"Pommel Strike+1","floor":20},{"not_picked":["CherryBlossoms","QueenOfHatred","FieryBird"],"picked":"Singing Bowl","floor":21},{"not_picked":["Entrench","Havoc","Power Through"],"picked":"SKIP","floor":21},{"not_picked":["MHz","Laetitia","Yin"],"picked":"Singing Bowl","floor":24},{"not_picked":["Scorched","WallGazer"],"picked":"Woodsman","floor":24},{"not_picked":["Heavy Blade+1","Disarm"],"picked":"Shockwave","floor":24},{"not_picked":["Scorched","BeautyBeast","PunishingBird"],"picked":"Singing Bowl","floor":27},{"not_picked":["Spot Weakness","Shrug It Off+1","True Grit"],"picked":"SKIP","floor":27},{"not_picked":["HeroicMonk","Yin","WhiteNight"],"picked":"Singing Bowl","floor":28},{"not_picked":["Bludgeon","Dropkick+1"],"picked":"ReplayTheSpireMod:Strike From Hell","floor":28},{"not_picked":["WallGazer","Scarecrow","Bloodbath"],"picked":"Singing Bowl","floor":29},{"not_picked":["ShyLook","Bloodbath"],"picked":"CENSORED","floor":29},{"not_picked":["Dropkick+1","Entrench","Headbutt"],"picked":"SKIP","floor":29}],"player_experience":3071199,"relics_obtained":[{"floor":1,"key":"LetterFromLob"},{"floor":9,"key":"Regal Pillow"},{"floor":13,"key":"Potion Belt"},{"floor":17,"key":"Strawberry"},{"floor":17,"key":"infinitespire:CheckeredPen"},{"floor":17,"key":"Incense Burner"},{"floor":24,"key":"ZombieTooth"},{"floor":26,"key":"MealTicket"}],"event_choices":[{"damage_healed":0,"gold_gain":0,"player_choice":"Argue","damage_taken":0,"max_hp_gain":0,"max_hp_loss":0,"event_name":"conspire:LoneGhost","floor":14,"gold_loss":0},{"damage_healed":0,"gold_gain":0,"player_choice":"Bought 0 Potions","damage_taken":0,"max_hp_gain":0,"max_hp_loss":0,"event_name":"The Woman in Blue","floor":19,"gold_loss":0},{"damage_healed":0,"gold_gain":0,"player_choice":"0 cards matched","damage_taken":0,"max_hp_gain":0,"max_hp_loss":0,"event_name":"Match and Keep!","floor":22,"gold_loss":0,"cards_obtained":[]}],"is_beta":false,"boss_relics":[{"not_picked":["conspire:SeveredTorchhead","Replay:Wanted Poster"],"picked":"Calling Bell"}],"items_purged_floors":[],"is_endless":true,"potions_floor_spawned":[4,7,16,18,20,28],"killed_by":"Sentry and Sphere","ascension_level":0}}