{"host":"og6lam4kt3nibbw0","time":1607797041,"event":{"mods":["AchievementEnabler","BaseMod","Colored Map","DeckTracker","Highlight Path","Keyboard Shortcuts","Minty Spire (QoL Compilation)","Permanent Neow","Quick Restart","StSLib","SuperFastMode"],"gold_per_floor":[19,19,30,50,50,50,70,70,96,96,96],"floor_reached":10,"playtime":552,"items_purged":[],"score":112,"play_id":"f4a7426b-b84c-415f-ac6f-2264ea8175e7","local_time":"20201213031721","is_ascension_mode":true,"campfire_choices":[{"data":"Deadly Poison","floor":6.0,"key":"SMITH"}],"circlet_count":0,"master_deck":["AscendersBane","Strike_G","Strike_G","Strike_G","Strike_G","Strike_G","Defend_G","Defend_G","Defend_G","Defend_G","Defend_G","Survivor","Neutralize","Deadly Poison+1","Dagger Throw","Deadly Poison"],"relics":["Ring of the Snake","StoneCalendar","Odd Mushroom","Akabeko"],"acts_visited":["Exordium"],"potions_floor_usage":[7],"damage_taken":[{"damage":9.0,"enemies":"Cultist","floor":1.0,"turns":5.0},{"damage":4.0,"enemies":"Small Slimes","floor":3.0,"turns":5.0},{"damage":0.0,"enemies":"2 Louse","floor":4.0,"turns":2.0},{"damage":25,"enemies":"The Mushroom Lair","floor":7,"turns":5},{"damage":23,"enemies":"Lagavulin","floor":10,"turns":5}],"seed_played":"-4915119618482763815","potions_obtained":[{"floor":3.0,"key":"LiquidBronze"},{"floor":4.0,"key":"Strength Potion"}],"is_trial":false,"path_per_floor":["M","$","M","M","$","R","?","$","T","E"],"character_chosen":"THE_SILENT","items_purchased":[],"campfire_rested":0,"item_purchase_floors":[],"current_hp_per_floor":[50,50,46,46,46,46,21,21,21,0,0],"gold":96,"neow_bonus":"ONE_RARE_RELIC","is_daily":false,"chose_seed":false,"campfire_upgraded":1,"win_rate":0.0,"timestamp":1607797041,"path_taken":["M","?","M","M","?","R","?","$","T","E"],"items_purchased_type":[],"build_version":"2020-11-30","purchased_purges":0,"victory":false,"max_hp_per_floor":[66,66,66,66,66,66,66,66,66,66,66],"card_choices":[{"not_picked":["Skewer","Flying Knee"],"picked":"Deadly Poison","floor":1.0},{"not_picked":["Setup","Footwork"],"picked":"Dagger Throw","floor":3.0},{"not_picked":["Flying Knee","Slice","Infinite Blades"],"picked":"SKIP","floor":4.0},{"not_picked":["Cloak And Dagger","Skewer"],"picked":"Deadly Poison","floor":7}],"player_experience":733566,"relics_obtained":[{"floor":7,"key":"Odd Mushroom"},{"floor":9,"key":"Akabeko"}],"event_choices":[{"damage_healed":0,"gold_gain":0,"player_choice":"Fought Mushrooms","damage_taken":0,"max_hp_gain":0,"max_hp_loss":0,"event_name":"Mushrooms","floor":7,"gold_loss":0}],"is_beta":false,"boss_relics":[],"items_purged_floors":[],"is_endless":false,"potions_floor_spawned":[3,4],"killed_by":"Lagavulin","ascension_level":20}}