{"host":"1t0llcfp0lo7rmr4","time":1607784846,"event":{"mods":["AchievementEnabler","Aspiration","BaseMod","Beaked The Cultist","Better Note","Block Reminder","Colored Powertips","Downfall","GifTheSpireLib","Hermit","Hubris","Jorbs\u0027s Wanderer Trilogy","Minty Spire (QoL Compilation)","Permanent Neow","Potionbrewer","Quick Restart","Relic Filter","Replay The Spire","StSLib","SuperFastMode","The Bladedancer","The Bug Knight","The Cursed","The Death Knight","The Druid","The Elementalist","The Exalted","The Forsaken","The Judge","The Poker Player","The Runesmith","vexMod"],"gold_per_floor":[116,152,163,138,138,165,165,181,181,215,227,254,311,322,322,424,424,413,413,338,350,91,91,108,108,131,142,142,153,53,68,68,172,222,222,222],"floor_reached":35,"playtime":1788,"items_purged":["beaked:Strike_Y","beaked:Strike_Y"],"score":402,"play_id":"3f4a4788-da75-43ce-aab2-89c501f23c02","local_time":"20201213015406","is_ascension_mode":false,"campfire_choices":[{"floor":7,"key":"RECALL"},{"floor":23,"key":"REST"},{"floor":25,"key":"REST"},{"data":"beaked:ScreechingChant","floor":28,"key":"SMITH"}],"circlet_count":0,"master_deck":["beaked:Strike_Y","beaked:Strike_Y","beaked:Strike_Y","beaked:Strike_Y","beaked:Defend_Y","beaked:Defend_Y","beaked:Defend_Y+1","beaked:Defend_Y","beaked:Ceremony","beaked:Ceremony","beaked:Ceremony","beaked:DarkTribute","beaked:MimicWarrior","ReplayTheSpireMod:Wings of Steel","beaked:Molting","ReplayTheSpireMod:Wings of Steel","beaked:ScreechingChant+1","beaked:AwakenedForm","beaked:StickSmack","beaked:Evade","beaked:ScreechingChant","beaked:MachineSpirit+1"],"relics":["beaked:MendingPlumage","NeowsBlessing","Counterbalance","vexMod:MemoryStick","hubris:TenFootPole","Simple Rune","SlaversCollar","Nloth\u0027s Gift","aspiration:FrozenJewel","Bromod:ArcaneMomentum","Tiny House"],"acts_visited":["Exordium","TheCity","TheBeyond"],"potions_floor_usage":[10,14,14,21,21,24,29,35],"damage_taken":[{"damage":0,"enemies":"Cultist","floor":1,"turns":1},{"damage":0,"enemies":"2 Louse","floor":3,"turns":2},{"damage":0,"enemies":"Lagavulin","floor":6,"turns":1},{"damage":9,"enemies":"Jaw Worm","floor":8,"turns":5},{"damage":6,"enemies":"3 Sentries","floor":10,"turns":10},{"damage":1,"enemies":"2 Fungi Beasts","floor":11,"turns":5},{"damage":29,"enemies":"Gremlin Nob","floor":12,"turns":5},{"damage":35,"enemies":"3 Sentries","floor":13,"turns":9},{"damage":9,"enemies":"Lots of Slimes","floor":14,"turns":4},{"damage":42,"enemies":"Slime Boss","floor":16,"turns":9},{"damage":5,"enemies":"2 Thieves","floor":18,"turns":5},{"damage":33,"enemies":"3 Byrds","floor":21,"turns":5},{"damage":51,"enemies":"Cultist and Chosen","floor":24,"turns":10},{"damage":10,"enemies":"Centurion and Healer","floor":27,"turns":8},{"damage":77,"enemies":"Chosen and Byrds","floor":29,"turns":12},{"damage":67,"enemies":"Snake Plant","floor":31,"turns":9},{"damage":77,"enemies":"hubris:MusketHawk","floor":33,"turns":12},{"damage":95,"enemies":"Orb Walker","floor":35,"turns":7}],"seed_played":"-2614923642774991317","potions_obtained":[{"floor":3,"key":"potionbrewer:CleansingPotion"},{"floor":8,"key":"Block Potion"},{"floor":12,"key":"Fire Potion"},{"floor":13,"key":"Block Potion"},{"floor":14,"key":"Explosive Potion"},{"floor":16,"key":"SteroidPotion"},{"floor":18,"key":"Explosive Potion"},{"floor":21,"key":"LifebloodPotion"},{"floor":31,"key":"Explosive Potion"},{"floor":33,"key":"Weak Potion"},{"floor":34,"key":"potionbrewer:NoxiousPotion"}],"is_trial":false,"path_per_floor":["M","?","M","?","?","E","R","M","T","E","M","E","?","M","R","B",null,"M","?","$","M","$","R","M","R","T","M","R","M","$","M","R","B",null,"M"],"character_chosen":"BEAKED_THE_CULTIST","items_purchased":["aspiration:FrozenJewel"],"campfire_rested":2,"item_purchase_floors":[22],"current_hp_per_floor":[50,30,35,35,35,36,36,39,39,50,50,30,55,57,57,29,57,57,57,57,33,33,50,30,47,47,57,57,10,10,55,55,34,62,0,0],"gold":222,"neow_bonus":"THREE_ENEMY_KILL","is_daily":false,"chose_seed":false,"campfire_upgraded":1,"win_rate":0.0,"timestamp":1607784846,"path_taken":["M","?","M","?","?","E","R","?","T","E","M","E","?","M","R","BOSS","M","?","$","M","$","R","M","R","T","M","R","M","?","?","R","BOSS","M"],"items_purchased_type":["Relic"],"build_version":"2020-11-30","purchased_purges":2,"victory":false,"max_hp_per_floor":[50,50,50,50,50,50,50,50,50,50,50,50,57,57,57,57,57,57,57,57,57,57,57,57,57,57,57,57,57,57,57,57,57,62,62,62],"card_choices":[{"not_picked":["beaked:Redirect","beaked:Brace","beaked:Cower"],"picked":"SKIP","floor":1},{"not_picked":["beaked:Daydream","beaked:BraceForImpact"],"picked":"beaked:DarkTribute","floor":3},{"not_picked":["beaked:BraceForImpact","beaked:Tweet"],"picked":"beaked:MimicWarrior","floor":6},{"not_picked":["beaked:Evade","beaked:Redirect"],"picked":"ReplayTheSpireMod:Wings of Steel","floor":8},{"not_picked":["beaked:BloodForTheGods","beaked:TuckingFeathers","beaked:Resilience"],"picked":"SKIP","floor":10},{"not_picked":["beaked:Replenish","beaked:Daydream","beaked:MimicHuntress"],"picked":"SKIP","floor":11},{"not_picked":["beaked:BloodRitual","beaked:Windmill"],"picked":"beaked:Molting","floor":12},{"not_picked":["beaked:StunningBlow","beaked:HuntressEssence"],"picked":"ReplayTheSpireMod:Wings of Steel","floor":13},{"not_picked":["beaked:CrazyRituals","beaked:Flinch"],"picked":"beaked:ScreechingChant","floor":14},{"not_picked":["beaked:Brainwash","beaked:FakeOut"],"picked":"beaked:AwakenedForm","floor":16},{"not_picked":["beaked:Daydream","beaked:BounceBack","beaked:Molting+1"],"picked":"SKIP","floor":18},{"not_picked":["beaked:Overpower","beaked:DigDeeper"],"picked":"beaked:StickSmack","floor":21},{"not_picked":["beaked:Tradeoff+1","beaked:TuckingFeathers","beaked:BounceBack"],"picked":"SKIP","floor":24},{"not_picked":["beaked:HuntressEssence","beaked:WarriorEssence","beaked:Brace"],"picked":"SKIP","floor":27},{"not_picked":["beaked:Redirect+1","ReplayTheSpireMod:Wings of Steel"],"picked":"beaked:Evade","floor":29},{"not_picked":["beaked:SurvivalInstinct+1","beaked:Flinch+1","beaked:Devastation"],"picked":"SKIP","floor":31},{"not_picked":["beaked:WildInstinct","beaked:CheekyTricks"],"picked":"beaked:ScreechingChant","floor":33},{"not_picked":["beaked:Redirect","beaked:MimicMachine"],"picked":"beaked:MachineSpirit+1","floor":34}],"player_experience":895602,"relics_obtained":[{"floor":2,"key":"Counterbalance"},{"floor":6,"key":"vexMod:MemoryStick"},{"floor":10,"key":"hubris:TenFootPole"},{"floor":12,"key":"Simple Rune"},{"floor":13,"key":"Strawberry"},{"floor":26,"key":"Bromod:ArcaneMomentum"}],"event_choices":[{"cards_removed":["beaked:Strike_Y"],"damage_healed":0,"gold_gain":0,"player_choice":"Give","damage_taken":0,"max_hp_gain":0,"max_hp_loss":0,"event_name":"betterNote:BetterNote","floor":5,"gold_loss":0,"cards_obtained":["beaked:Strike_Y"]},{"damage_healed":0,"gold_gain":0,"player_choice":"Searched \u00271\u0027 times","damage_taken":0,"max_hp_gain":0,"max_hp_loss":0,"event_name":"Dead Adventurer","floor":13,"gold_loss":0},{"damage_healed":0,"gold_gain":0,"player_choice":"Traded Relic","damage_taken":0,"relics_obtained":["Nloth\u0027s Gift"],"max_hp_gain":0,"max_hp_loss":0,"event_name":"N\u0027loth","floor":19,"relics_lost":["Strawberry"],"gold_loss":0}],"is_beta":false,"boss_relics":[{"not_picked":["beaked:MawFillet","vexMod:DeviousBotling"],"picked":"SlaversCollar"},{"not_picked":["hubris:BlackHole","aspiration:FutureDiary"],"picked":"Tiny House"}],"items_purged_floors":[20,30],"is_endless":false,"potions_floor_spawned":[3,8,12,13,14,16,18,21,31,33],"killed_by":"Orb Walker","ascension_level":0}}