{"host":"p6y17sixyu8q9v1f","time":1607775547,"event":{"mods":["BaseMod","Colored Map","Minty Spire (QoL Compilation)"],"gold_per_floor":[116,66,18,28,28,28,56,67,67,67,78,78,78,3,3,133,133,158,158,158,15,34,34,69,69,96,117,117,42,42,42],"floor_reached":30,"playtime":652,"items_purged":["Strike_B"],"score":323,"play_id":"6d587891-d3a6-4b18-870c-ea63e0815498","local_time":"20201212061907","is_ascension_mode":true,"campfire_choices":[{"data":"Zap","floor":6,"key":"SMITH"},{"data":"Sunder","floor":10,"key":"SMITH"},{"data":"Defragment","floor":12,"key":"SMITH"},{"data":"Dualcast","floor":15,"key":"SMITH"},{"data":"Echo Form","floor":23,"key":"SMITH"},{"data":"Defend_B","floor":25,"key":"PURGE"}],"circlet_count":0,"master_deck":["Defend_B","Defend_B","Zap+1","Dualcast+1","Ball Lightning","Ball Lightning","Sunder+1","Defragment+1","Echo Form+1","Redo","Leap","Redo+1"],"relics":["Cracked Core","NeowsBlessing","Emotion Chip","Bottled Flame","Golden Idol","Inserter","Oddly Smooth Stone","Peace Pipe","DataDisk"],"acts_visited":["Exordium","TheCity"],"potions_floor_usage":[22,24],"damage_taken":[{"damage":0,"enemies":"Small Slimes","floor":1,"turns":1},{"damage":0,"enemies":"Jaw Worm","floor":4,"turns":1},{"damage":0,"enemies":"3 Sentries","floor":7,"turns":1},{"damage":0,"enemies":"2 Louse","floor":8,"turns":2},{"damage":6,"enemies":"Looter","floor":11,"turns":2},{"damage":22,"enemies":"The Guardian","floor":16,"turns":8},{"damage":2,"enemies":"Chosen","floor":18,"turns":4},{"damage":35,"enemies":"Shell Parasite","floor":22,"turns":4},{"damage":12,"enemies":"Book of Stabbing","floor":24,"turns":5},{"damage":17,"enemies":"Snake Plant","floor":27,"turns":3},{"damage":10,"enemies":"3 Cultists","floor":30,"turns":3}],"seed_played":"-3565050126284923209","potions_obtained":[{"floor":4,"key":"AttackPotion"},{"floor":7,"key":"FearPotion"},{"floor":8,"key":"SkillPotion"},{"floor":11,"key":"PotionOfCapacity"},{"floor":22,"key":"SpeedPotion"},{"floor":27,"key":"Weak Potion"}],"is_trial":false,"path_per_floor":["M","?","$","M","?","R","E","M","T","R","M","R","?","$","R","B",null,"M","?","?","$","M","R","E","R","T","M","?","?","M"],"character_chosen":"DEFECT","items_purchased":["Ball Lightning","Oddly Smooth Stone"],"campfire_rested":0,"item_purchase_floors":[3,21],"current_hp_per_floor":[75,75,75,75,68,68,68,68,68,68,62,62,44,44,44,22,75,73,73,73,73,38,38,26,26,26,9,9,9,0,0],"gold":42,"neow_bonus":"THREE_ENEMY_KILL","is_daily":false,"chose_seed":false,"campfire_upgraded":5,"win_rate":0.0,"timestamp":1607775547,"path_taken":["M","?","$","M","?","R","E","M","T","R","M","R","?","$","R","BOSS","M","?","?","$","M","R","E","R","T","M","?","?","M"],"items_purchased_type":["Card","Relic"],"build_version":"2020-11-30","purchased_purges":1,"victory":false,"max_hp_per_floor":[75,75,75,75,75,75,75,75,75,75,75,75,75,75,75,75,75,75,75,75,75,75,75,75,75,75,75,75,75,75,75],"card_choices":[{"not_picked":["Hologram","Recycle","Stack"],"picked":"SKIP","floor":1},{"not_picked":["Compile Driver","Streamline"],"picked":"Ball Lightning","floor":4},{"not_picked":["Steam","Biased Cognition","Cold Snap"],"picked":"SKIP","floor":7},{"not_picked":["Hello World","Streamline"],"picked":"Sunder","floor":8},{"not_picked":["Steam","Reinforced Body"],"picked":"Defragment","floor":11},{"not_picked":["Seek","Creative AI"],"picked":"Echo Form","floor":16},{"not_picked":["Go for the Eyes+1","Turbo"],"picked":"Redo","floor":18},{"not_picked":["FTL","Force Field","Blizzard"],"picked":"SKIP","floor":22},{"not_picked":["Chill","Multi-Cast"],"picked":"Leap","floor":24},{"not_picked":["Conserve Battery","Ball Lightning"],"picked":"Redo+1","floor":27}],"player_experience":735530,"relics_obtained":[{"floor":7,"key":"Emotion Chip"},{"floor":9,"key":"Bottled Flame"},{"floor":24,"key":"Peace Pipe"},{"floor":26,"key":"DataDisk"}],"event_choices":[{"cards_removed":["Strike_B"],"damage_healed":0,"gold_gain":0,"player_choice":"Card Removal","damage_taken":0,"max_hp_gain":0,"max_hp_loss":0,"event_name":"The Cleric","floor":2,"gold_loss":50},{"cards_removed":["Strike_B"],"damage_healed":0,"gold_gain":0,"player_choice":"Card Removal","damage_taken":7,"max_hp_gain":0,"max_hp_loss":0,"event_name":"Golden Wing","floor":5,"gold_loss":0},{"damage_healed":0,"gold_gain":0,"player_choice":"Take Damage","damage_taken":18,"relics_obtained":["Golden Idol"],"max_hp_gain":0,"max_hp_loss":0,"event_name":"Golden Idol","floor":13,"gold_loss":0},{"damage_healed":0,"gold_gain":0,"player_choice":"Ignored","damage_taken":0,"max_hp_gain":0,"max_hp_loss":0,"event_name":"Ghosts","floor":19,"gold_loss":0},{"cards_removed":["Strike_B"],"damage_healed":0,"gold_gain":0,"player_choice":"Elegance","damage_taken":0,"max_hp_gain":0,"max_hp_loss":0,"event_name":"Back to Basics","floor":20,"gold_loss":0},{"damage_healed":0,"gold_gain":0,"player_choice":"Ignored","damage_taken":0,"max_hp_gain":0,"max_hp_loss":0,"event_name":"Vampires","floor":28,"gold_loss":0},{"cards_removed":["Defend_B"],"damage_healed":0,"gold_gain":0,"player_choice":"Gave Gold","damage_taken":0,"max_hp_gain":0,"max_hp_loss":0,"event_name":"Beggar","floor":29,"gold_loss":75}],"is_beta":false,"boss_relics":[{"not_picked":["Nuclear Battery","Sozu"],"picked":"Inserter"}],"items_purged_floors":[14],"is_endless":false,"potions_floor_spawned":[4,7,8,11,18,22,27],"killed_by":"3 Cultists","ascension_level":4}}