{"host":"og6lam4kt3nibbw0","time":1607733274,"event":{"mods":["AchievementEnabler","BaseMod","Colored Map","DeckTracker","Highlight Path","Keyboard Shortcuts","Minty Spire (QoL Compilation)","Permanent Neow","Quick Restart","StSLib","SuperFastMode"],"gold_per_floor":[114,114,134,134,145,175,175,187,213,213,223,243,243,254,254,333,333,343,360,360,360,360],"floor_reached":21,"playtime":742,"items_purged":[],"score":366,"play_id":"cc8a3ba4-badb-44ee-b192-d2a7765ae60a","local_time":"20201212093434","is_ascension_mode":true,"campfire_choices":[{"data":"After Image","floor":7.0,"key":"SMITH"},{"data":"Poisoned Stab","floor":13.0,"key":"SMITH"},{"floor":15,"key":"REST"}],"circlet_count":0,"master_deck":["AscendersBane","Strike_G","Strike_G","Strike_G","Strike_G","Defend_G","Defend_G","Defend_G","Survivor","Neutralize","Escape Plan","Poisoned Stab+1","After Image+1","Neutralize","Dash","PiercingWail","Flechettes","Backstab","Prepared","Writhe"],"relics":["Ring of the Snake","NeowsBlessing","Bag of Preparation","Smiling Mask","Empty Cage","Boot"],"acts_visited":["Exordium","TheCity"],"potions_floor_usage":[16,16],"damage_taken":[{"damage":0.0,"enemies":"2 Louse","floor":1.0,"turns":1.0},{"damage":0.0,"enemies":"Small Slimes","floor":3.0,"turns":1.0},{"damage":0.0,"enemies":"Cultist","floor":5.0,"turns":1.0},{"damage":32.0,"enemies":"Lagavulin","floor":6.0,"turns":11.0},{"damage":0.0,"enemies":"Looter","floor":8.0,"turns":3.0},{"damage":0.0,"enemies":"2 Fungi Beasts","floor":11.0,"turns":5.0},{"damage":4.0,"enemies":"Blue Slaver","floor":12.0,"turns":4.0},{"damage":10,"enemies":"3 Louse","floor":14,"turns":5},{"damage":28,"enemies":"The Guardian","floor":16,"turns":12},{"damage":21,"enemies":"3 Byrds","floor":18,"turns":9},{"damage":16,"enemies":"Chosen","floor":19,"turns":5},{"damage":10,"enemies":"Snecko","floor":21,"turns":5}],"seed_played":"5510088814859058957","potions_obtained":[{"floor":1.0,"key":"GamblersBrew"},{"floor":6.0,"key":"Poison Potion"},{"floor":12.0,"key":"Dexterity Potion"}],"is_trial":false,"path_per_floor":["M","?","M","?","M","E","R","M","T","?","M","M","R","M","R","B",null,"M","M","?","M"],"character_chosen":"THE_SILENT","items_purchased":[],"campfire_rested":1,"item_purchase_floors":[],"current_hp_per_floor":[59,59,59,59,59,27,27,27,27,27,27,23,23,13,32,4,51,30,14,14,4,4],"gold":360,"neow_bonus":"THREE_ENEMY_KILL","is_daily":false,"chose_seed":false,"campfire_upgraded":2,"win_rate":0.0,"timestamp":1607733274,"path_taken":["M","?","M","?","?","E","R","M","T","?","M","M","R","M","R","BOSS","M","M","?","M"],"items_purchased_type":[],"build_version":"2020-11-30","purchased_purges":0,"victory":false,"max_hp_per_floor":[66,66,66,66,66,66,66,66,66,66,66,66,66,66,66,66,66,66,66,66,66,66],"card_choices":[{"not_picked":["Dagger Throw","Dodge and Roll"],"picked":"Escape Plan","floor":1.0},{"not_picked":["Prepared","Dodge and Roll"],"picked":"Poisoned Stab","floor":3.0},{"not_picked":["Blade Dance","Sucker Punch"],"picked":"Dash","floor":5.0},{"not_picked":["Heel Hook","Well Laid Plans","Setup"],"picked":"SKIP","floor":6.0},{"not_picked":["Blade Dance","Sucker Punch"],"picked":"PiercingWail","floor":8.0},{"not_picked":["Accuracy","Flying Knee","Deflect"],"picked":"SKIP","floor":11.0},{"not_picked":["Outmaneuver","Poisoned Stab"],"picked":"Flechettes","floor":12.0},{"not_picked":["Dodge and Roll","Riddle With Holes"],"picked":"Backstab","floor":14},{"not_picked":["Sucker Punch","All Out Attack"],"picked":"Prepared","floor":18},{"not_picked":["Underhanded Strike","Prepared","Slice+1"],"picked":"SKIP","floor":19}],"player_experience":724441,"relics_obtained":[{"floor":6.0,"key":"Bag of Preparation"},{"floor":9.0,"key":"Smiling Mask"}],"event_choices":[{"cards_removed":["Defend_G"],"damage_healed":0.0,"max_hp_gain":0.0,"max_hp_loss":0.0,"gold_gain":0.0,"event_name":"Living Wall","player_choice":"Forget","floor":2.0,"gold_loss":0.0,"damage_taken":0.0},{"damage_healed":0.0,"max_hp_gain":0.0,"max_hp_loss":0.0,"gold_gain":0.0,"event_name":"Match and Keep!","player_choice":"2 cards matched","floor":4.0,"gold_loss":0.0,"damage_taken":0.0,"cards_obtained":["After Image","Neutralize"]},{"damage_healed":0.0,"max_hp_gain":0.0,"max_hp_loss":0.0,"gold_gain":0.0,"event_name":"Shining Light","player_choice":"Ignored","floor":10.0,"gold_loss":0.0,"damage_taken":0.0},{"damage_healed":0,"gold_gain":0,"player_choice":"Opened","damage_taken":0,"relics_obtained":["Boot"],"max_hp_gain":0,"max_hp_loss":0,"event_name":"The Mausoleum","floor":20,"gold_loss":0,"cards_obtained":["Writhe"]}],"is_beta":false,"boss_relics":[{"not_picked":["Runic Dome","Black Star"],"picked":"Empty Cage"}],"items_purged_floors":[],"is_endless":false,"potions_floor_spawned":[1,6,11,12],"killed_by":"Snecko","ascension_level":20}}