{"host":"4edbuligkc8x13l4","time":1607782302,"event":{"mods":["BaseMod","Minty Spire (QoL Compilation)","StSLib","SuperFastMode"],"gold_per_floor":[116,166,91,108,124,124,140,172,172,190,210,268,268,298,298,375,375,392,307,319,381,403,415,415],"floor_reached":23,"playtime":707,"items_purged":["Strike_R"],"score":372,"play_id":"04e7d614-7a51-4ceb-9cd2-bffd6904fe93","local_time":"20201212221142","is_ascension_mode":true,"campfire_choices":[{"data":"Whirlwind","floor":6,"key":"SMITH"},{"data":"Barricade","floor":13,"key":"SMITH"},{"floor":15,"key":"REST"}],"circlet_count":0,"master_deck":["AscendersBane","Strike_R","Strike_R","Strike_R","Defend_R","Defend_R","Defend_R","Defend_R","Bash","Cleave","Second Wind","Whirlwind+1","Seeing Red","Metallicize","Feel No Pain","Barricade+1","Evolve","Metallicize","Demon Form","Reckless Charge","Dual Wield"],"relics":["Burning Blood","Centennial Puzzle","Art of War","Pear","Bronze Scales","Philosopher\u0027s Stone","MawBank"],"acts_visited":["Exordium","TheCity"],"potions_floor_usage":[14,14,18,23],"damage_taken":[{"damage":14,"enemies":"Small Slimes","floor":1,"turns":6},{"damage":1,"enemies":"Cultist","floor":4,"turns":3},{"damage":7,"enemies":"Jaw Worm","floor":5,"turns":4},{"damage":2,"enemies":"Looter","floor":7,"turns":4},{"damage":25,"enemies":"3 Sentries","floor":8,"turns":6},{"damage":0,"enemies":"2 Fungi Beasts","floor":10,"turns":1},{"damage":0,"enemies":"3 Louse","floor":11,"turns":1},{"damage":18,"enemies":"3 Sentries","floor":12,"turns":5},{"damage":43,"enemies":"Gremlin Nob","floor":14,"turns":6},{"damage":21,"enemies":"Hexaghost","floor":16,"turns":14},{"damage":17,"enemies":"Chosen","floor":18,"turns":5},{"damage":17,"enemies":"Spheric Guardian","floor":22,"turns":5},{"damage":49,"enemies":"Gremlin Leader","floor":23,"turns":2}],"seed_played":"4630611643728168613","potions_obtained":[{"floor":1,"key":"LiquidBronze"},{"floor":10,"key":"ElixirPotion"},{"floor":16,"key":"FearPotion"},{"floor":22,"key":"Energy Potion"}],"is_trial":false,"path_per_floor":["M","?","$","M","M","R","M","E","T","M","M","?","R","E","R","B",null,"M","?","?","?","M","E"],"character_chosen":"IRONCLAD","items_purchased":[],"campfire_rested":1,"item_purchase_floors":[],"current_hp_per_floor":[60,53,53,58,57,57,61,42,42,48,54,52,52,15,40,25,70,59,59,59,59,48,0,0],"gold":415,"neow_bonus":"REMOVE_CARD","is_daily":false,"chose_seed":false,"campfire_upgraded":2,"win_rate":0.0,"timestamp":1607782302,"path_taken":["M","?","$","M","M","R","M","E","T","?","?","?","R","E","R","BOSS","M","?","?","?","M","E"],"items_purchased_type":[],"build_version":"2020-11-30","purchased_purges":1,"victory":false,"max_hp_per_floor":[75,75,75,75,75,75,75,75,75,75,75,85,85,85,85,85,85,85,85,85,85,85,85,85],"card_choices":[{"not_picked":["Metallicize","Havoc"],"picked":"Cleave","floor":1},{"not_picked":["Iron Wave","Warcry"],"picked":"Second Wind","floor":4},{"not_picked":["Clash","Bloodletting"],"picked":"Whirlwind","floor":5},{"not_picked":["Twin Strike","Thunderclap"],"picked":"Seeing Red","floor":7},{"not_picked":["Body Slam","Clothesline"],"picked":"Metallicize","floor":8},{"not_picked":["Cleave","Havoc"],"picked":"Feel No Pain","floor":10},{"not_picked":["Shrug It Off","Clothesline"],"picked":"Barricade","floor":11},{"not_picked":["Clash","Iron Wave"],"picked":"Evolve","floor":12},{"not_picked":["Hemokinesis","Pommel Strike"],"picked":"Metallicize","floor":14},{"not_picked":["Juggernaut","Barricade"],"picked":"Demon Form","floor":16},{"not_picked":["Clash","Shrug It Off","Combust"],"picked":"SKIP","floor":18},{"not_picked":["Shrug It Off","True Grit"],"picked":"Dual Wield","floor":22}],"player_experience":900545,"relics_obtained":[{"floor":8,"key":"Centennial Puzzle"},{"floor":9,"key":"Art of War"},{"floor":12,"key":"Pear"},{"floor":14,"key":"Bronze Scales"}],"event_choices":[{"damage_healed":0,"gold_gain":50,"player_choice":"Touch","damage_taken":7,"max_hp_gain":0,"max_hp_loss":0,"event_name":"FaceTrader","floor":2,"gold_loss":0},{"damage_healed":0,"gold_gain":0,"player_choice":"Searched \u00272\u0027 times","damage_taken":0,"max_hp_gain":0,"max_hp_loss":0,"event_name":"Dead Adventurer","floor":12,"gold_loss":0},{"damage_healed":0,"gold_gain":0,"player_choice":"Obtained Relic","damage_taken":0,"relics_obtained":["MawBank"],"max_hp_gain":0,"max_hp_loss":0,"event_name":"Addict","floor":19,"gold_loss":85},{"damage_healed":0,"gold_gain":0,"player_choice":"Read","damage_taken":0,"max_hp_gain":0,"max_hp_loss":0,"event_name":"The Library","floor":20,"gold_loss":0,"cards_obtained":["Reckless Charge"]},{"damage_healed":0,"gold_gain":50,"player_choice":"Stole From Cult","damage_taken":0,"max_hp_gain":0,"max_hp_loss":0,"event_name":"Nest","floor":21,"gold_loss":0}],"is_beta":false,"boss_relics":[{"not_picked":["SlaversCollar","Runic Pyramid"],"picked":"Philosopher\u0027s Stone"}],"items_purged_floors":[3],"is_endless":false,"potions_floor_spawned":[1,10,11,16,22],"killed_by":"Gremlin Leader","ascension_level":17}}