{"host":"m6aaltr68g9tvoay","time":1607816165,"event":{"mods":["AchievementEnabler","BaseMod","Colored Map","Downfall","Minty Spire (QoL Compilation)","StSLib"],"gold_per_floor":[99,99,99,132,146,146,146,158,158,173,173,4,0,0,12,113,113,113,124,29,29,29,129,211,311,331,331,351,364,380,73,87,87,87],"floor_reached":33,"playtime":1502,"items_purged":[],"score":245,"play_id":"d82c9749-cf46-4ead-bb7f-c4267707513d","local_time":"20201212153605","is_ascension_mode":false,"campfire_choices":[{"data":"hexamod:Sear","floor":1,"key":"SMITH"},{"data":"hexamod:SpectersWail","floor":6,"key":"SMITH"},{"floor":9,"key":"REST"},{"data":"hexamod:GhostflameBarrier","floor":18,"key":"SMITH"},{"data":"hexamod:GhostOfSpirePresent","floor":22,"key":"SMITH"},{"floor":27,"key":"REST"}],"circlet_count":0,"master_deck":["hexamod:Strike","hexamod:Strike","hexamod:Strike","hexamod:Strike","hexamod:Defend","hexamod:Defend","hexamod:Defend","hexamod:Defend","hexamod:Sear+1","hexamod:Float","Slimebound:Icky","hexamod:NightmareGuise","hexamod:SpectersWail+1","hexamod:AdvancingGuard","hexamod:SwordOfDarkness","hexamod:Firestarter","hexamod:GhostflameBarrier+1","hexamod:InspiringFlames","hexamod:TurnItUp","hexamod:RainOfEmbers+1","hexamod:ShieldOfDarkness","hexamod:GhostOfSpirePresent+1","hexamod:EtherealExpedition","hexamod:SpectralSpark+1","hexamod:PhantomFireball"],"relics":["hexamod:SpiritBrand","Orichalcum","hexamod:InflammatoryLetter","Ancient Tea Set","Bronze Scales","Philosopher\u0027s Stone","Bottled Flame","Matryoshka"],"acts_visited":["Exordium","TheCity"],"potions_floor_usage":[13,16,31,33,33],"damage_taken":[{"damage":36,"enemies":"3 Sentries","floor":4,"turns":13},{"damage":2,"enemies":"2 Louse","floor":5,"turns":3},{"damage":4,"enemies":"Jaw Worm","floor":8,"turns":4},{"damage":0,"enemies":"Small Slimes","floor":10,"turns":3},{"damage":0,"enemies":"downfall:FleeingMerchant","floor":12,"turns":4},{"damage":0,"enemies":"downfall:FleeingMerchant","floor":13,"turns":4},{"damage":1,"enemies":"Blue Slaver","floor":15,"turns":3},{"damage":15,"enemies":"downfall:Ironclad","floor":16,"turns":9},{"damage":22,"enemies":"Spheric Guardian","floor":19,"turns":6},{"damage":2,"enemies":"downfall:FleeingMerchant","floor":20,"turns":4},{"damage":0,"enemies":"Chosen","floor":21,"turns":1},{"damage":10,"enemies":"Snecko","floor":26,"turns":3},{"damage":7,"enemies":"Snake Plant","floor":28,"turns":3},{"damage":0,"enemies":"3 Cultists","floor":29,"turns":5},{"damage":0,"enemies":"Snecko","floor":30,"turns":5},{"damage":8,"enemies":"downfall:FleeingMerchant","floor":31,"turns":4},{"damage":0,"enemies":"Centurion and Healer","floor":32,"turns":4},{"damage":76,"enemies":"downfall:Silent","floor":33,"turns":9}],"seed_played":"-7567940992131918874","potions_obtained":[{"floor":8,"key":"Energy Potion"},{"floor":15,"key":"PowerPotion"},{"floor":28,"key":"DistilledChaos"},{"floor":30,"key":"SteroidPotion"},{"floor":32,"key":"Regen Potion"}],"is_trial":false,"path_per_floor":["R","?","?","E","M","R","T","M","R","M","?","$","$","?","M","B",null,"R","M","$","M","R","?","T","?","M","R","M","M","M","$","M","B"],"character_chosen":"THE_SPIRIT","items_purchased":["Bronze Scales","hexamod:GhostOfSpirePresent","Matryoshka","hexamod:PhantomFireball"],"campfire_rested":2,"item_purchase_floors":[12,20,31,31],"current_hp_per_floor":[84,84,84,48,46,46,46,42,67,67,49,49,49,77,76,61,84,84,62,60,60,60,60,60,60,50,75,68,68,68,60,60,0,0],"gold":87,"neow_bonus":"TWENTY_PERCENT_HP_BONUS","is_daily":false,"chose_seed":false,"campfire_upgraded":4,"win_rate":0.0,"timestamp":1607816165,"path_taken":["R","?","?","E","M","R","T","M","R","M","?","$","$","?","M","BOSS","R","M","$","M","R","?","T","?","M","R","M","M","?","$","M","BOSS"],"items_purchased_type":["Relic","Card","Relic","Card"],"build_version":"2020-11-30","purchased_purges":0,"victory":false,"max_hp_per_floor":[84,84,84,84,84,84,84,84,84,84,84,84,84,84,84,84,84,84,84,84,84,84,84,84,84,84,84,84,84,84,84,84,84,84],"card_choices":[{"not_picked":["hexamod:SkipABeat","hexamod:NecessarySacrifice"],"picked":"hexamod:NightmareGuise","floor":4},{"not_picked":["hexamod:StepThrough","hexamod:ThirdSeal"],"picked":"hexamod:SpectersWail","floor":5},{"not_picked":["hexamod:CatchUp","hexamod:GhostShield"],"picked":"hexamod:AdvancingGuard","floor":8},{"not_picked":["hexamod:NightmareStrike","hexamod:GhostLash"],"picked":"hexamod:SwordOfDarkness","floor":10},{"not_picked":["hexamod:SoulSteal","hexamod:CatchUp"],"picked":"hexamod:Firestarter","floor":12},{"not_picked":["hexamod:FastForward","hexamod:Firestarter"],"picked":"hexamod:GhostflameBarrier","floor":13},{"not_picked":["hexamod:GhostOfSpirePast","hexamod:PhantomCloak"],"picked":"hexamod:InspiringFlames","floor":15},{"not_picked":["hexamod:UnleashSpirits","hexamod:GiftsFromTheDead"],"picked":"hexamod:TurnItUp","floor":16},{"not_picked":["hexamod:ThermalTransfer","hexamod:RetreatToShadows"],"picked":"hexamod:RainOfEmbers+1","floor":19},{"not_picked":["hexamod:FastForward","hexamod:InspiringFlames+1"],"picked":"hexamod:ShieldOfDarkness","floor":20},{"not_picked":["hexamod:SpectersWail","hexamod:RecurringNightmare","hexamod:GhostLash"],"picked":"SKIP","floor":21},{"not_picked":["hexamod:InspiringFlames","hexamod:FastForward","hexamod:ThirdSeal"],"picked":"SKIP","floor":26},{"not_picked":["hexamod:PhantomCloak","hexamod:SpectersWail","hexamod:RainOfEmbers"],"picked":"SKIP","floor":28},{"not_picked":["hexamod:GhostShield","hexamod:GhostLash","hexamod:PowerFromBeyond"],"picked":"SKIP","floor":29},{"not_picked":["hexamod:Again","hexamod:Hexaguard"],"picked":"hexamod:EtherealExpedition","floor":30},{"not_picked":["hexamod:GhostOfSpirePresent","hexamod:AdvancingGuard+1"],"picked":"hexamod:SpectralSpark+1","floor":31},{"not_picked":["hexamod:GhostflameInferno","hexamod:Again","hexamod:SwordOfDarkness"],"picked":"SKIP","floor":32}],"player_experience":1582020,"relics_obtained":[{"floor":4,"key":"Orichalcum"},{"floor":7,"key":"hexamod:InflammatoryLetter"},{"floor":24,"key":"Bottled Flame"}],"event_choices":[{"damage_healed":0,"gold_gain":0,"player_choice":"Success","damage_taken":18,"relics_obtained":["Ancient Tea Set"],"max_hp_gain":0,"max_hp_loss":0,"event_name":"Scrap Ooze","floor":11,"gold_loss":0},{"damage_healed":28,"gold_gain":0,"player_choice":"Banana","damage_taken":0,"max_hp_gain":0,"max_hp_loss":0,"event_name":"Big Fish","floor":14,"gold_loss":0}],"is_beta":false,"boss_relics":[{"not_picked":["Runic Pyramid","Fusion Hammer"],"picked":"Philosopher\u0027s Stone"}],"items_purged_floors":[],"is_endless":false,"potions_floor_spawned":[8,15,28,30,32],"killed_by":"downfall:Silent","ascension_level":0}}