{"host":"8xp52u5o8fcssvzz","time":1607802941,"event":{"mods":["2.2 Compatiblity","AchievementEnabler","Act Like it!","Aspiration","BaseMod","Better Altar","Better Match","Better Note","Better Sensory Stone","Better Skull","Better Third Choice","BetterRewards","Colored Map","Conspire","Downfall","GifTheSpireLib","Googly Eyes","Halation","Hallownest","Highlight Path","Hubris","Infinite Spire","Jorbs\u0027s Wanderer Trilogy","Marisa????????","Mimic Mod","Minty Spire (QoL Compilation)","Replay The Spire","Spicy Shops","StSLib","Stuff the Spire","The Blackbeard","The Gatherer","The Necromancer","The Runesmith","The Servant 0.9.4","Unceasing Turn Reminder","everything is the same but u backflip on backflip"],"gold_per_floor":[113,113,125,160,176,176,194,221,271,300,300,344,37,56,56,162,162,196,196,196,206,206,206,226,226,250,277,285,285],"floor_reached":28,"playtime":1691,"items_purged":["Strike_S","Defend_S","Strike_S"],"score":346,"play_id":"ad83a931-f78e-4327-911f-db5bcc54cc1a","local_time":"20201212115541","is_ascension_mode":true,"campfire_choices":[{"data":"SilverBlades","floor":6,"key":"SMITH"},{"data":"MoonPhase","floor":15,"key":"SMITH"},{"data":"hubris:Fate","floor":23,"key":"SMITH"},{"data":"MurderousAura","floor":25,"key":"SMITH"}],"circlet_count":0,"master_deck":["Strike_S","Strike_S","Defend_S","Defend_S","Defend_S","KidneyShot","Exchange","BestPractice+1","Revamp","BottledTime","Potential","SilverBlades+1","MurderousAura+1","Desolation","ShiftingGears","conspire:Banana","MoonPhase+1","GearUp","LightFlow","MurderousAura","BottledTime","hubris:Fate+1","SurpressingFire","Unruled"],"relics":["Uniform","aspiration:ChemicalBlood","Incense Burner","Replay:Bandana","ReplayTheSpireMod:TigerMarble","Membership Card","Pan","hubris:Stopwatch","SlaversCollar","hubris:Reverence","Hallownest:DreamNailRelic"],"acts_visited":["Exordium","TheCity"],"potions_floor_usage":[7,8,16,16,18,24,24,28,28,28],"damage_taken":[{"damage":3,"enemies":"2_ Uuma","floor":1,"turns":5},{"damage":0,"enemies":"Hallownest:2_MossCreeps","floor":3,"turns":8},{"damage":14,"enemies":"conspire:MimicChest","floor":4,"turns":8},{"damage":3,"enemies":"Hallownest:monsterHuskGuard","floor":5,"turns":5},{"damage":6,"enemies":"Hallownest:Guard_and_Warrior","floor":7,"turns":5},{"damage":13,"enemies":"Hallownest:eliteCrystalGuardian","floor":8,"turns":6},{"damage":5,"enemies":"Hallownest:MossCreep_and_Mosskin","floor":10,"turns":5},{"damage":1,"enemies":"Hallownest:eliteMossKnight","floor":12,"turns":5},{"damage":0,"enemies":"Hallownest:1_Baldur_1_Crawlid_1_Warrior","floor":14,"turns":6},{"damage":10,"enemies":"Hallownest:BossBrokenVessel","floor":16,"turns":8},{"damage":21,"enemies":"conspire:FuzzyDice","floor":18,"turns":5},{"damage":0,"enemies":"Spheric Guardian","floor":21,"turns":2},{"damage":26,"enemies":"Snake Plant","floor":24,"turns":4},{"damage":0,"enemies":"Chosen and Byrds","floor":27,"turns":6},{"damage":47,"enemies":"Slavers","floor":28,"turns":4}],"seed_played":"5146309633960827230","potions_obtained":[{"floor":1,"key":"Milkshake"},{"floor":3,"key":"ColorlessPotion"},{"floor":4,"key":"infinitespire:BlackPotion"},{"floor":12,"key":"Strength Potion"},{"floor":18,"key":"Weak Potion"},{"floor":21,"key":"BlessingOfTheForge"}],"is_trial":false,"path_per_floor":["M","?","M","?","M","R","M","E","T","M","?","?","$","M","R","B",null,"M","?","AVR","M","?","R","M","R","T","M","E"],"character_chosen":"THE_SERVANT","items_purchased":["BestPractice","Membership Card","Pan","GearUp"],"campfire_rested":0,"item_purchase_floors":[0,13,13,13],"current_hp_per_floor":[62,62,62,48,45,45,39,26,26,21,21,21,21,23,23,19,69,49,49,49,49,49,49,24,24,24,28,0,0],"gold":285,"neow_bonus":"","is_daily":false,"chose_seed":false,"campfire_upgraded":4,"win_rate":0.0,"timestamp":1607802941,"path_taken":["M","?","M","?","M","R","?","E","T","M","?","?","$","M","R","BOSS","M","?","AVR","M","?","R","?","R","T","M","E"],"items_purchased_type":["Card","Relic","Relic","Card"],"build_version":"2020-11-30","purchased_purges":3,"victory":false,"max_hp_per_floor":[65,65,65,65,65,65,65,65,65,65,65,66,66,68,68,69,69,70,70,70,70,70,70,71,71,71,75,76,76],"card_choices":[{"not_picked":["Barrier","FastForward"],"picked":"Revamp","floor":1},{"not_picked":["Sabotage","Alleviate"],"picked":"BottledTime","floor":3},{"not_picked":["Ricochet","FastForward"],"picked":"Potential","floor":4},{"not_picked":["Alleviate","InstantArmor"],"picked":"SilverBlades","floor":5},{"not_picked":["Potential","Starlight"],"picked":"MurderousAura","floor":7},{"not_picked":["LightFlow","Defy"],"picked":"Desolation","floor":8},{"not_picked":["FastForward","Rewind"],"picked":"ShiftingGears","floor":10},{"not_picked":["expansioncontent:DefensiveStance","Replay:SS_hec_4"],"picked":"conspire:Banana","floor":11},{"not_picked":["Rearm","FanOfKnives"],"picked":"MoonPhase","floor":12},{"not_picked":["Rewind","Ricochet"],"picked":"LightFlow","floor":14},{"not_picked":["LightFlow","Sunlight"],"picked":"MurderousAura","floor":16},{"not_picked":["DoubleEdge+1","Sabotage"],"picked":"BottledTime","floor":18},{"not_picked":["Revamp+1","BottledTime+1"],"picked":"SurpressingFire","floor":21},{"not_picked":["Dilation","Revamp+1","Shuttle"],"picked":"SKIP","floor":24},{"not_picked":["Starlight","DoubleEdge"],"picked":"Unruled","floor":27}],"player_experience":411836,"relics_obtained":[{"floor":4,"key":"aspiration:ChemicalBlood"},{"floor":8,"key":"Incense Burner"},{"floor":9,"key":"Replay:Bandana"},{"floor":12,"key":"ReplayTheSpireMod:TigerMarble"}],"event_choices":[{"damage_healed":0,"gold_gain":1,"player_choice":"1","damage_taken":0,"max_hp_gain":0,"max_hp_loss":0,"event_name":"betterStone:BetterStone","floor":11,"gold_loss":0},{"damage_healed":0,"gold_gain":0,"player_choice":"Ignored","damage_taken":0,"max_hp_gain":0,"max_hp_loss":0,"event_name":"Ghosts","floor":19,"gold_loss":0}],"is_beta":false,"boss_relics":[{"not_picked":["infinitespire:Cupcake","aspiration:RunesmithSkillbook"],"picked":"hubris:Stopwatch"}],"items_purged_floors":[0,13,20],"is_endless":false,"potions_floor_spawned":[1,3,4,12,14,18,21],"killed_by":"Slavers","ascension_level":1}}