{"host":"w4b7hmige5bnqipq","time":1607735107,"event":{"mods":["BaseMod","Minty Spire (QoL Compilation)","Rare Cards Sparkle","SuperFastMode","everything is the same but u backflip on backflip","slay the spire mod where everything is the same but ironclad has a cowboy hat"],"gold_per_floor":[112,112,131,281,281,311,323,323,323,336,336,347,376,33,33,109,109,121,21,33,33,33,33],"floor_reached":22,"playtime":526,"items_purged":["Doubt","Strike_G"],"score":438,"play_id":"bdf8d400-1ad8-411a-8a12-8a2f64b414c2","local_time":"20201212100507","is_ascension_mode":true,"campfire_choices":[{"data":"Crippling Poison","floor":11.0,"key":"SMITH"},{"data":"Bouncing Flask","floor":15.0,"key":"SMITH"}],"circlet_count":0,"master_deck":["AscendersBane","Strike_G","Strike_G","Strike_G","Strike_G+1","Defend_G","Defend_G","Defend_G+1","Defend_G","Defend_G","Survivor","Neutralize","Backflip","Bouncing Flask+1","Quick Slash+1","Flying Knee+1","Crippling Poison+1","Heel Hook+1","Catalyst","Sadistic Nature","Bullet Time","Backflip","Acrobatics"],"relics":["Ring of the Snake","NeowsBlessing","Molten Egg 2","Omamori","Pear","Calling Bell","Bronze Scales","Pantograph","Incense Burner","Enchiridion"],"acts_visited":["Exordium","TheCity"],"potions_floor_usage":[22],"damage_taken":[{"damage":0.0,"enemies":"2 Louse","floor":1.0,"turns":1.0},{"damage":0.0,"enemies":"Cultist","floor":3.0,"turns":1.0},{"damage":0.0,"enemies":"Gremlin Nob","floor":6.0,"turns":1.0},{"damage":0.0,"enemies":"Small Slimes","floor":7.0,"turns":4.0},{"damage":2.0,"enemies":"2 Fungi Beasts","floor":10.0,"turns":3.0},{"damage":1.0,"enemies":"Exordium Wildlife","floor":12.0,"turns":3.0},{"damage":7.0,"enemies":"Lagavulin","floor":13.0,"turns":8.0},{"damage":17.0,"enemies":"The Guardian","floor":16.0,"turns":7.0},{"damage":15.0,"enemies":"Shell Parasite","floor":18.0,"turns":2.0},{"damage":4.0,"enemies":"2 Thieves","floor":20.0,"turns":3.0},{"damage":29,"enemies":"3 Cultists","floor":22,"turns":3}],"seed_played":"3355546719727589624","potions_obtained":[{"floor":3.0,"key":"FearPotion"},{"floor":8.0,"key":"Dexterity Potion"},{"floor":10.0,"key":"Fire Potion"},{"floor":13.0,"key":"AttackPotion"},{"floor":16.0,"key":"Strength Potion"},{"floor":18.0,"key":"AttackPotion"}],"is_trial":false,"path_per_floor":["M","?","M","?","?","E","M","?","T","M","R","M","E","$","R","B",null,"M","$","M","?","M"],"character_chosen":"THE_SILENT","items_purchased":["Catalyst","Sadistic Nature"],"campfire_rested":0,"item_purchase_floors":[14,14],"current_hp_per_floor":[59,59,59,59,39,39,39,39,39,37,37,36,39,39,39,22,63,48,48,44,23,0,0],"gold":33,"neow_bonus":"THREE_ENEMY_KILL","is_daily":false,"chose_seed":false,"campfire_upgraded":2,"win_rate":0.0,"timestamp":1607735107,"path_taken":["M","?","?","?","?","E","?","?","T","M","R","M","E","$","R","BOSS","M","$","?","?","M"],"items_purchased_type":["Card","Card"],"build_version":"2020-11-30","purchased_purges":2,"victory":false,"max_hp_per_floor":[66,66,66,66,66,66,66,66,66,66,66,66,76,76,76,76,76,76,76,76,76,76,76],"card_choices":[{"not_picked":["Catalyst","Dash"],"picked":"Backflip","floor":1.0},{"not_picked":["Sucker Punch","Dodge and Roll","Heel Hook"],"picked":"SKIP","floor":3.0},{"not_picked":["Backflip","A Thousand Cuts"],"picked":"Quick Slash+1","floor":6.0},{"not_picked":["PiercingWail","Quick Slash+1"],"picked":"Flying Knee+1","floor":7.0},{"not_picked":["Backflip","Underhanded Strike+1"],"picked":"Crippling Poison","floor":10.0},{"not_picked":["Poisoned Stab+1","Dash+1"],"picked":"Heel Hook+1","floor":12.0},{"not_picked":["Quick Slash+1","Crippling Poison","Outmaneuver"],"picked":"SKIP","floor":13.0},{"not_picked":["Phantasmal Killer","Unload+1"],"picked":"Bullet Time","floor":16.0},{"not_picked":["PiercingWail","Poisoned Stab+1"],"picked":"Backflip","floor":18.0},{"not_picked":["Backstab+1","PiercingWail+1"],"picked":"Acrobatics","floor":20.0}],"player_experience":379447,"relics_obtained":[{"floor":6.0,"key":"Molten Egg 2"},{"floor":9.0,"key":"Omamori"},{"floor":13.0,"key":"Pear"},{"floor":17.0,"key":"Bronze Scales"},{"floor":17.0,"key":"Pantograph"},{"floor":17.0,"key":"Incense Burner"},{"floor":21.0,"key":"Enchiridion"}],"event_choices":[{"damage_healed":0.0,"max_hp_gain":0.0,"max_hp_loss":0.0,"gold_gain":0.0,"event_name":"Match and Keep!","player_choice":"1 cards matched","floor":2.0,"gold_loss":0.0,"damage_taken":0.0,"cards_obtained":["Bouncing Flask"]},{"damage_healed":0.0,"max_hp_gain":0.0,"max_hp_loss":0.0,"gold_gain":150.0,"event_name":"Liars Game","player_choice":"AGREE","floor":4.0,"gold_loss":0.0,"damage_taken":0.0,"cards_obtained":["Doubt"]},{"damage_healed":0.0,"max_hp_gain":0.0,"max_hp_loss":0.0,"gold_gain":0.0,"event_name":"Shining Light","player_choice":"Entered Light","floor":5.0,"gold_loss":0.0,"damage_taken":20.0,"cards_upgraded":["Strike_G","Defend_G"]},{"damage_healed":0.0,"max_hp_gain":0.0,"max_hp_loss":0.0,"gold_gain":0.0,"event_name":"Lab","player_choice":"Got Potions","floor":8.0,"gold_loss":0.0,"damage_taken":0.0},{"damage_healed":0.0,"max_hp_gain":0.0,"max_hp_loss":0.0,"gold_gain":0.0,"event_name":"Cursed Tome","player_choice":"Obtained Book","floor":21.0,"gold_loss":0.0,"damage_taken":21.0}],"is_beta":false,"boss_relics":[{"not_picked":["SacredBark","Busted Crown"],"picked":"Calling Bell"}],"items_purged_floors":[14,19],"is_endless":false,"potions_floor_spawned":[3,10,13,16,18],"killed_by":"3 Cultists","ascension_level":20}}