{"host":"6p0attdrtjqaih7v","time":1607775835,"event":{"mods":["2.2 Compatiblity","AchievementEnabler","Bard","BaseMod","Better Skull","Better Third Choice","Colored Powertips","Hermit","Highlight Path","Jorbs\u0027s Wanderer Trilogy","Key Reminder","Minty Spire (QoL Compilation)","Permanent Neow","Quick Restart","Random Character Button","Relic Stats","Replay The Spire","StSLib","The Construct"],"gold_per_floor":[117,117,117,137,149,149,149,74,149,149,167,67,85,114,114,190,190,204,204,214,23,61,61,71,71,121,121,121,137,137,149,149,220,220,240,240,256,270,287,315,95,95,121,121,172,207,207,28,28,28],"floor_reached":51,"playtime":2106,"items_purged":["construct:Strike_Gold","construct:Strike_Gold","construct:PowerUp+2"],"score":1488,"play_id":"683a981b-2584-4626-a298-78bdef149dac","local_time":"20201212072355","is_ascension_mode":true,"campfire_choices":[{"data":"construct:PowerUp","floor":6,"key":"SMITH"},{"data":"construct:PowerUp+1","floor":10,"key":"SMITH"},{"data":"construct:SweepLaser","floor":15,"key":"SMITH"},{"floor":23,"key":"REST"},{"data":"construct:HammerDown","floor":25,"key":"SMITH"},{"data":"construct:SweepLaser+1","floor":28,"key":"SMITH"},{"data":"Footwork","floor":32,"key":"SMITH"},{"data":"construct:BatteryCore","floor":42,"key":"SMITH"},{"data":"construct:QuickAttack","floor":49,"key":"SMITH"}],"circlet_count":0,"master_deck":["AscendersBane","construct:Strike_Gold+1","construct:Strike_Gold+1","construct:Defend_Gold+1","construct:Defend_Gold+1","construct:Defend_Gold+1","construct:Defend_Gold+1","construct:AttackMode","Footwork+1","construct:SweepLaser+2","construct:HammerDown+2","construct:NuclearCore+1","construct:Boost","construct:Boost","construct:Boost","construct:BatteryCore+1","construct:QuickAttack+1"],"relics":["construct:ClockworkPhoenix","ReplayTheSpireMod:Ring of Addiction","Potion Belt","Chameleon Ring","Ring of Fury","Spirit Poop","Pantograph","ReplayTheSpireMod:Lightbulb","Replay:Drink Me","Eternal Feather","Orichalcum","Meat on the Bone","Matryoshka","Busted Crown","Replay:Bottled Snecko","ReplayTheSpireMod:ShopPack","Dream Catcher","construct:MasterCore","Incense Burner","Akabeko"],"acts_visited":["Exordium","TheCity","TheBeyond"],"potions_floor_usage":[5,11,13,14,16,18,24,24,24,33,35,38,39,45,46,50],"damage_taken":[{"damage":1,"enemies":"Small Slimes","floor":1,"turns":5},{"damage":1,"enemies":"Cultist","floor":4,"turns":3},{"damage":3,"enemies":"Jaw Worm","floor":5,"turns":2},{"damage":2,"enemies":"Looter","floor":11,"turns":2},{"damage":0,"enemies":"Exordium Thugs","floor":13,"turns":2},{"damage":11,"enemies":"Lagavulin","floor":14,"turns":5},{"damage":15,"enemies":"Slime Boss","floor":16,"turns":16},{"damage":31,"enemies":"Shell Parasite","floor":18,"turns":17},{"damage":5,"enemies":"Chosen","floor":20,"turns":6},{"damage":14,"enemies":"Shelled Parasite and Fungi","floor":24,"turns":3},{"damage":4,"enemies":"Snake Plant","floor":29,"turns":7},{"damage":2,"enemies":"Cultist and Chosen","floor":31,"turns":7},{"damage":16,"enemies":"Collector","floor":33,"turns":10},{"damage":0,"enemies":"3 Darklings","floor":35,"turns":4},{"damage":0,"enemies":"Orb Walker","floor":37,"turns":4},{"damage":0,"enemies":"Transient","floor":38,"turns":6},{"damage":0,"enemies":"Sphere and 2 Shapes","floor":39,"turns":4},{"damage":0,"enemies":"Giant Head","floor":40,"turns":5},{"damage":0,"enemies":"2 Orb Walkers","floor":45,"turns":3},{"damage":0,"enemies":"Nemesis","floor":46,"turns":4},{"damage":0,"enemies":"Time Eater","floor":50,"turns":6}],"seed_played":"-9166345583244022358","potions_obtained":[{"floor":2,"key":"PowerPotion"},{"floor":2,"key":"Fire Potion"},{"floor":2,"key":"PowerPotion"},{"floor":5,"key":"Toxic Potion"},{"floor":11,"key":"construct:MegaPotion"},{"floor":13,"key":"AttackPotion"},{"floor":14,"key":"Fruit Juice"},{"floor":22,"key":"Death Potion"},{"floor":24,"key":"construct:ShiftPotion"},{"floor":29,"key":"Block Potion"},{"floor":31,"key":"Flashbang"},{"floor":37,"key":"LifebloodPotion"},{"floor":38,"key":"Weak Potion"},{"floor":39,"key":"construct:MegaPotion"},{"floor":45,"key":"SkillPotion"}],"is_trial":false,"path_per_floor":["M","?","?","M","M","R","?","$","T","R","M","$","M","E","R","B",null,"M","?","M","$","?","R","M","R","T","T","R","M","T","M","R","B",null,"M","?","M","M","M","E","$","R","T","R","?","E","?","$","R","B",null],"character_chosen":"THE_CONSTRUCT_MOD","items_purchased":["construct:Boost","SpeedPotion","Venom Potion","DuplicationPotion","ReplayTheSpireMod:ShopPack","Adrenaline Potion"],"campfire_rested":1,"item_purchase_floors":[21,21,21,41,41,48],"current_hp_per_floor":[50,50,50,49,46,46,46,46,46,46,44,44,44,33,33,43,55,31,31,26,26,1,29,15,24,24,24,33,41,41,39,48,44,56,56,56,56,56,56,56,56,60,58,58,58,58,58,58,58,56],"gold":28,"neow_bonus":"REMOVE_TWO","is_daily":false,"chose_seed":false,"campfire_upgraded":8,"win_rate":0.0,"timestamp":1607775835,"path_taken":["M","?","?","?","M","R","?","?","T","R","M","$","M","E","R","BOSS","M","?","M","$","?","R","M","R","T","?","R","?","?","M","R","BOSS","M","?","M","?","M","E","$","R","T","R","?","E","?","$","R","BOSS"],"items_purchased_type":["Card","Potion","Potion","Potion","Relic","Potion"],"build_version":"2020-11-30","purchased_purges":3,"victory":true,"max_hp_per_floor":[80,80,80,80,80,80,80,80,78,78,78,78,78,78,78,78,59,66,66,66,66,64,64,64,64,64,64,62,62,62,60,60,60,60,60,60,60,60,60,60,60,60,58,58,58,58,58,58,58,56],"relic_stats":{"Dream Catcher":0,"Busted Crown":24,"counters":[21,121],"Pantograph":37,"Eternal Feather":40,"Orichalcum":[24],"obtain_stats":[{"Potion Belt":2,"ReplayTheSpireMod:Ring of Addiction":2,"Spirit Poop":3,"Eternal Feather":22,"Incense Burner":45,"construct:ClockworkPhoenix":0,"Orichalcum":26,"Akabeko":46,"Dream Catcher":43,"Chameleon Ring":2,"Matryoshka":30,"Busted Crown":34,"Pantograph":9,"Ring of Fury":2,"Replay:Bottled Snecko":40,"ReplayTheSpireMod:Lightbulb":14,"Replay:Drink Me":17,"construct:MasterCore":43,"Meat on the Bone":27,"ReplayTheSpireMod:ShopPack":41},{"Potion Belt":1,"ReplayTheSpireMod:Ring of Addiction":1,"Spirit Poop":1,"Eternal Feather":9,"Incense Burner":19,"construct:ClockworkPhoenix":0,"Orichalcum":10,"Akabeko":20,"Dream Catcher":18,"Chameleon Ring":1,"Matryoshka":11,"Busted Crown":13,"Pantograph":3,"Ring of Fury":1,"Replay:Bottled Snecko":18,"ReplayTheSpireMod:Lightbulb":6,"Replay:Drink Me":7,"construct:MasterCore":18,"Meat on the Bone":10,"ReplayTheSpireMod:ShopPack":18},{"Potion Belt":5,"ReplayTheSpireMod:Ring of Addiction":5,"Spirit Poop":5,"Eternal Feather":58,"Incense Burner":111,"construct:ClockworkPhoenix":0,"Orichalcum":61,"Akabeko":115,"Dream Catcher":108,"Chameleon Ring":5,"Matryoshka":68,"Busted Crown":85,"Pantograph":10,"Ring of Fury":5,"Replay:Bottled Snecko":108,"ReplayTheSpireMod:Lightbulb":19,"Replay:Drink Me":35,"construct:MasterCore":108,"Meat on the Bone":61,"ReplayTheSpireMod:ShopPack":108}],"Meat on the Bone":12},"card_choices":[{"not_picked":["construct:Boost","construct:VentSteam"],"picked":"construct:Forcefield","floor":1},{"not_picked":["construct:Forcefield","construct:Analyze"],"picked":"construct:PhosphorStorm","floor":4},{"not_picked":["construct:UnbalancingBlast","construct:SuppressiveFire"],"picked":"construct:PowerUp","floor":5},{"not_picked":["construct:LaserCore","construct:ClusterMines"],"picked":"construct:PhosphorStorm","floor":11},{"not_picked":["construct:Overcharge","construct:Accumulate","construct:Boost"],"picked":"SKIP","floor":13},{"not_picked":["construct:Accumulate","construct:Rollout"],"picked":"construct:SweepLaser","floor":14},{"not_picked":["construct:HastyRepair","construct:Supernova"],"picked":"construct:HammerDown","floor":16},{"not_picked":["construct:CreateCores","construct:ModeShift"],"picked":"construct:NuclearCore+1","floor":18},{"not_picked":["construct:GuardCore","construct:Reinforce","construct:SyphonStrike"],"picked":"SKIP","floor":20},{"not_picked":["construct:Accumulate","construct:FocusedBeam"],"picked":"construct:Boost","floor":22},{"not_picked":["construct:Reinforce","construct:FocusedBeam","construct:VentSteam"],"picked":"SKIP","floor":24},{"not_picked":["construct:FocusedBeam","construct:CriticalHit"],"picked":"construct:Boost","floor":29},{"not_picked":["construct:ClockworkEgg","construct:ShiftStrike","construct:Versatility+1"],"picked":"SKIP","floor":31},{"not_picked":["construct:MemoryTap","construct:Meltdown"],"picked":"construct:BatteryCore","floor":33},{"not_picked":["construct:CreateCores"],"picked":"SKIP","floor":35},{"not_picked":["construct:FocusedBeam"],"picked":"SKIP","floor":37},{"not_picked":["construct:SuppressiveFire"],"picked":"SKIP","floor":38},{"not_picked":["construct:SuppressiveFire"],"picked":"SKIP","floor":38},{"not_picked":["construct:Analyze"],"picked":"SKIP","floor":39},{"not_picked":["construct:Tumble+1"],"picked":"SKIP","floor":40},{"not_picked":[],"picked":"construct:QuickAttack","floor":46}],"player_experience":829560,"relics_obtained":[{"floor":2,"key":"ReplayTheSpireMod:Ring of Addiction"},{"floor":2,"key":"Potion Belt"},{"floor":2,"key":"Chameleon Ring"},{"floor":2,"key":"Ring of Fury"},{"floor":9,"key":"Pantograph"},{"floor":14,"key":"ReplayTheSpireMod:Lightbulb"},{"floor":22,"key":"Eternal Feather"},{"floor":26,"key":"Orichalcum"},{"floor":27,"key":"Meat on the Bone"},{"floor":30,"key":"Matryoshka"},{"floor":40,"key":"Replay:Bottled Snecko"},{"floor":43,"key":"Dream Catcher"},{"floor":43,"key":"construct:MasterCore"},{"floor":45,"key":"Incense Burner"},{"floor":46,"key":"Akabeko"}],"event_choices":[{"cards_removed":["Normality"],"damage_healed":0,"gold_gain":0,"player_choice":"Offered Curse","damage_taken":0,"relics_obtained":["Spirit Poop"],"max_hp_gain":0,"max_hp_loss":0,"event_name":"Bonfire Elementals","floor":3,"gold_loss":0},{"damage_healed":0,"gold_gain":0,"player_choice":"Simplicity","damage_taken":0,"max_hp_gain":0,"max_hp_loss":0,"event_name":"Back to Basics","floor":19,"gold_loss":0,"cards_upgraded":["construct:Strike_Gold","construct:Strike_Gold","construct:Defend_Gold","construct:Defend_Gold","construct:Defend_Gold","construct:Defend_Gold"]},{"damage_healed":0,"gold_gain":0,"player_choice":"Forge","damage_taken":0,"max_hp_gain":0,"max_hp_loss":0,"event_name":"Accursed Blacksmith","floor":36,"gold_loss":0,"cards_upgraded":["construct:HammerDown"]},{"damage_healed":0,"gold_gain":0,"player_choice":"Fight","damage_taken":0,"max_hp_gain":0,"max_hp_loss":0,"event_name":"Mysterious Sphere","floor":45,"gold_loss":0},{"damage_healed":0,"gold_gain":0,"player_choice":"Memory 1","damage_taken":0,"max_hp_gain":0,"max_hp_loss":0,"event_name":"SensoryStone","floor":47,"gold_loss":0}],"is_beta":false,"boss_relics":[{"not_picked":["Honey Jar","Calling Bell"],"picked":"Replay:Drink Me"},{"not_picked":["Replay:Bronze Core","Cursed Key"],"picked":"Busted Crown"}],"items_purged_floors":[8,12,48],"is_endless":false,"potions_floor_spawned":[5,11,13,14,24,29,31,37,38,39,45],"ascension_level":17}}