{"host":"1mv6gj0zv8k9e9tz","time":1607801660,"event":{"mods":["AchievementEnabler","BaseMod","Better Third Choice","Colored Map","KOR Keyword Fix","Minty Spire (QoL Compilation)","Permanent Neow","Rare Cards Sparkle","StSLib"],"gold_per_floor":[118,118,129,204,43,43,70,81,156,156,156,176,189,214,214,290,290,310,320,50,100,112,139,139,139,139,67,67,16,16,33,33,107,107,119,119,132,147,160,160,194,214,214,214,214,233,233,7,7,7,7,7,7,40,40],"floor_reached":56,"playtime":2205,"items_purged":["Underhanded Strike","A Thousand Cuts"],"score":2189,"play_id":"06f42728-c860-4633-8ab4-93e1cacae686","local_time":"20201213043420","is_ascension_mode":true,"campfire_choices":[{"floor":6.0,"key":"REST"},{"data":"Burst","floor":10.0,"key":"SMITH"},{"data":"Catalyst","floor":15.0,"key":"SMITH"},{"data":"Venomology","floor":24.0,"key":"SMITH"},{"data":"Catalyst","floor":28.0,"key":"SMITH"},{"data":"Bullet Time","floor":30.0,"key":"SMITH"},{"data":"Secret Technique","floor":32.0,"key":"SMITH"},{"data":"Wraith Form v2","floor":40.0,"key":"SMITH"},{"data":"Bouncing Flask","floor":45.0,"key":"SMITH"},{"floor":49.0,"key":"RECALL"},{"data":"Calculated Gamble","floor":52.0,"key":"SMITH"}],"circlet_count":0,"master_deck":["AscendersBane","Survivor","Neutralize","Flechettes","Endless Agony","Quick Slash+1","Heel Hook","Bullet Time+1","Corpse Explosion","Burst+1","Catalyst+1","Calculated Gamble+1","Reflex","Catalyst+1","PiercingWail","PiercingWail","Backflip","Backflip","Venomology+1","Leg Sweep+1","Secret Technique+1","Deadly Poison+1","Catalyst+1","Deadly Poison+1","Wraith Form v2+1","Bouncing Flask+1","Deflect+1","Backflip+1","Secret Technique","Madness","Madness","Catalyst+1"],"relics":["Pandora\u0027s Box","PreservedInsect","Singing Bowl","HornCleat","The Specimen","SlaversCollar","StrikeDummy","Question Card","SacredBark","Nunchaku","DollysMirror","White Beast Statue"],"acts_visited":["Exordium","TheCity","TheBeyond","TheEnding"],"potions_floor_usage":[54,55,55],"damage_taken":[{"damage":0.0,"enemies":"Cultist","floor":1.0,"turns":2.0},{"damage":7.0,"enemies":"Small Slimes","floor":3.0,"turns":2.0},{"damage":7.0,"enemies":"Gremlin Nob","floor":7.0,"turns":4.0},{"damage":0.0,"enemies":"2 Louse","floor":8.0,"turns":1.0},{"damage":3.0,"enemies":"Exordium Thugs","floor":12.0,"turns":3.0},{"damage":13.0,"enemies":"Blue Slaver","floor":13.0,"turns":2.0},{"damage":0.0,"enemies":"3 Sentries","floor":14.0,"turns":3.0},{"damage":0.0,"enemies":"The Guardian","floor":16.0,"turns":3.0},{"damage":7.0,"enemies":"Shell Parasite","floor":18.0,"turns":4.0},{"damage":7.0,"enemies":"3 Byrds","floor":19.0,"turns":3.0},{"damage":0.0,"enemies":"3 Cultists","floor":22.0,"turns":2.0},{"damage":10.0,"enemies":"Book of Stabbing","floor":23.0,"turns":5.0},{"damage":0.0,"enemies":"Shelled Parasite and Fungi","floor":25.0,"turns":1.0},{"damage":0.0,"enemies":"Cultist and Chosen","floor":31.0,"turns":4.0},{"damage":0.0,"enemies":"Collector","floor":33.0,"turns":3.0},{"damage":13.0,"enemies":"Orb Walker","floor":35.0,"turns":5.0},{"damage":0.0,"enemies":"3 Shapes","floor":37.0,"turns":1.0},{"damage":19.0,"enemies":"Jaw Worm Horde","floor":38.0,"turns":2.0},{"damage":0.0,"enemies":"Sphere and 2 Shapes","floor":39.0,"turns":3.0},{"damage":0.0,"enemies":"Giant Head","floor":41.0,"turns":4.0},{"damage":0.0,"enemies":"Transient","floor":42.0,"turns":5.0},{"damage":0.0,"enemies":"Spire Growth","floor":46.0,"turns":5.0},{"damage":2.0,"enemies":"Donu and Deca","floor":50.0,"turns":4.0},{"damage":0,"enemies":"Shield and Spear","floor":54,"turns":3},{"damage":49,"enemies":"The Heart","floor":55,"turns":4}],"seed_played":"-1556603518823352264","potions_obtained":[{"floor":12.0,"key":"AttackPotion"},{"floor":13.0,"key":"DistilledChaos"},{"floor":14.0,"key":"SmokeBomb"},{"floor":19.0,"key":"EssenceOfSteel"},{"floor":33.0,"key":"FearPotion"},{"floor":36.0,"key":"Explosive Potion"},{"floor":36.0,"key":"Weak Potion"},{"floor":38.0,"key":"Fruit Juice"},{"floor":46.0,"key":"SpeedPotion"}],"is_trial":false,"path_per_floor":["M","?","M","?","$","R","E","M","T","R","?","M","M","E","R","B",null,"M","M","$","?","M","E","R","M","T","$","R","$","R","M","R","B",null,"M","?","M","M","M","R","E","M","T","?","R","M","?","$","R","B",null,"R","$","E","B",null],"character_chosen":"THE_SILENT","items_purchased":["Catalyst","AttackPotion","Secret Technique","Catalyst","Block Potion","DollysMirror","DuplicationPotion"],"campfire_rested":1,"item_purchase_floors":[5,5,20,27,29,48,48],"current_hp_per_floor":[59,46,39,28,28,47,40,40,40,40,40,39,26,26,26,26,58,51,46,46,46,46,50,50,50,50,50,50,50,50,50,50,50,67,56,56,56,47,47,47,49,51,51,51,51,53,42,42,42,40,78,78,78,80,31],"gold":40,"neow_bonus":"BOSS_RELIC","is_daily":false,"chose_seed":false,"campfire_upgraded":9,"win_rate":0.0,"timestamp":1607801660,"path_taken":["M","?","M","?","$","R","E","M","T","R","?","M","?","E","R","BOSS","M","M","$","?","M","E","R","M","T","$","R","?","R","M","R","BOSS","M","?","M","M","?","R","E","M","T","?","R","M","?","$","R","BOSS","R","$","E","BOSS"],"items_purchased_type":["Card","Potion","Card","Card","Potion","Relic","Potion"],"build_version":"2020-11-30","purchased_purges":2,"victory":true,"max_hp_per_floor":[66,66,66,66,66,66,66,66,66,66,66,68,68,68,68,68,68,68,70,70,70,70,72,72,72,72,72,72,72,72,72,72,72,72,74,74,74,84,84,84,86,88,88,88,88,90,90,90,90,90,90,90,90,92,92],"card_choices":[{"not_picked":["Blade Dance","Slice"],"picked":"Calculated Gamble","floor":1.0},{"not_picked":["Eviscerate","Poisoned Stab"],"picked":"Reflex","floor":3.0},{"not_picked":["All Out Attack","Dodge and Roll"],"picked":"PiercingWail","floor":7.0},{"not_picked":["Infinite Blades","Flying Knee"],"picked":"PiercingWail","floor":8.0},{"not_picked":["Underhanded Strike","PiercingWail","All Out Attack"],"picked":"Singing Bowl","floor":12.0},{"not_picked":["Outmaneuver","Poisoned Stab"],"picked":"Backflip","floor":13.0},{"not_picked":["Quick Slash","Malaise"],"picked":"Backflip","floor":14.0},{"not_picked":["Phantasmal Killer","Corpse Explosion"],"picked":"Venomology","floor":16.0},{"not_picked":["Sucker Punch","Outmaneuver"],"picked":"Leg Sweep+1","floor":18.0},{"not_picked":["Dagger Throw","Finisher","Sucker Punch"],"picked":"Singing Bowl","floor":19.0},{"not_picked":["Deflect","Skewer"],"picked":"Deadly Poison+1","floor":22.0},{"not_picked":["Dagger Throw","Caltrops","Deflect"],"picked":"Singing Bowl","floor":23.0},{"not_picked":["Blur","Outmaneuver","Quick Slash"],"picked":"Deadly Poison+1","floor":31.0},{"not_picked":["Malaise","Corpse Explosion","Phantasmal Killer"],"picked":"Wraith Form v2","floor":33.0},{"not_picked":["Dagger Spray+1","Quick Slash+1","Cloak And Dagger","Poisoned Stab"],"picked":"Singing Bowl","floor":35.0},{"not_picked":["Dagger Spray","Underhanded Strike","Flying Knee"],"picked":"Bouncing Flask","floor":37.0},{"not_picked":["Malaise","Acrobatics","Deadly Poison"],"picked":"Deflect+1","floor":38.0},{"not_picked":["Well Laid Plans+1","Wraith Form v2","Deflect"],"picked":"Backflip+1","floor":39.0},{"not_picked":["Leg Sweep+1","Sucker Punch","Choke","Setup+1"],"picked":"Singing Bowl","floor":41.0},{"not_picked":["Concentrate","Deflect+1","Sucker Punch","Bouncing Flask"],"picked":"Singing Bowl","floor":42.0},{"not_picked":["Transmutation","Violence","HandOfGreed"],"picked":"Secret Technique","floor":44.0},{"not_picked":["Cloak And Dagger+1","PiercingWail","Acrobatics+1","Riddle With Holes"],"picked":"Singing Bowl","floor":46.0},{"not_picked":["Dodge and Roll+1","Riddle With Holes","Blade Dance","PiercingWail"],"picked":"Singing Bowl","floor":54}],"player_experience":465104,"relics_obtained":[{"floor":7.0,"key":"PreservedInsect"},{"floor":9.0,"key":"Singing Bowl"},{"floor":14.0,"key":"The Specimen"},{"floor":23.0,"key":"StrikeDummy"},{"floor":26.0,"key":"Question Card"},{"floor":41.0,"key":"Nunchaku"},{"floor":54,"key":"White Beast Statue"}],"event_choices":[{"damage_healed":59.0,"max_hp_gain":0.0,"max_hp_loss":66.0,"gold_gain":0.0,"event_name":"betterThird:BetterShining","player_choice":"Upgrade","floor":2.0,"gold_loss":0.0,"damage_taken":13.0,"cards_upgraded":["Quick Slash","Catalyst"]},{"damage_healed":0.0,"max_hp_gain":0.0,"max_hp_loss":0.0,"gold_gain":75.0,"event_name":"betterThird:BetterGoop","player_choice":"Gold","floor":4.0,"gold_loss":0.0,"damage_taken":11.0},{"damage_healed":0.0,"max_hp_gain":0.0,"max_hp_loss":0.0,"gold_gain":0.0,"event_name":"Dead Adventurer","player_choice":"Searched \u00271\u0027 times","floor":11.0,"gold_loss":0.0,"damage_taken":0.0,"relics_obtained":["HornCleat"]},{"damage_healed":0.0,"max_hp_gain":0.0,"max_hp_loss":0.0,"gold_gain":100.0,"event_name":"The Joust","player_choice":"Bet on Murderer","floor":21.0,"gold_loss":50.0,"damage_taken":0.0},{"damage_healed":0.0,"max_hp_gain":0.0,"max_hp_loss":0.0,"gold_gain":0.0,"event_name":"Lab","player_choice":"Got Potions","floor":36.0,"gold_loss":0.0,"damage_taken":0.0},{"damage_healed":0.0,"max_hp_gain":0.0,"max_hp_loss":0.0,"gold_gain":0.0,"event_name":"SensoryStone","player_choice":"Memory 1","floor":44.0,"gold_loss":0.0,"damage_taken":0.0},{"damage_healed":0.0,"max_hp_gain":0.0,"max_hp_loss":0.0,"gold_gain":0.0,"event_name":"Winding Halls","player_choice":"Embrace Madness","floor":47.0,"gold_loss":0.0,"damage_taken":11.0,"cards_obtained":["Madness","Madness"]}],"is_beta":false,"boss_relics":[{"not_picked":["Philosopher\u0027s Stone","Empty Cage"],"picked":"SlaversCollar"},{"not_picked":["Coffee Dripper","Fusion Hammer"],"picked":"SacredBark"}],"items_purged_floors":[5,20],"is_endless":false,"potions_floor_spawned":[12,13,14,19,33,38,41,42,46,54],"ascension_level":14}}