{"host":"J","time":1607776864,"event":{"mods":["AchievementEnabler","BaseMod","Block Reminder","Highlight Path","Minty Spire (QoL Compilation)","Permanent Neow","Quick Restart","Relic Stats","UnlockEverythingMod"],"gold_per_floor":[111,111,136,136,160,203,203,75,100,115,131,147,183,204,204,299,299,324,524,549,52,76,76,112,133,210,249,85,85,0,44,44,134,134,148,481,481,500,123,123,123,123],"floor_reached":41,"playtime":5012,"items_purged":["Strike_B","Strike_B","Strike_B"],"score":1347,"play_id":"836fc2d4-50f6-4a95-8e7a-2aa7f12ebfd9","local_time":"20201212134104","is_ascension_mode":true,"campfire_choices":[{"data":"Dualcast","floor":7.0,"key":"SMITH"},{"data":"Reboot","floor":15.0,"key":"SMITH"},{"data":"Reinforced Body","floor":23.0,"key":"SMITH"},{"floor":32.0,"key":"RECALL"},{"data":"PanicButton","floor":40,"key":"SMITH"}],"circlet_count":0,"master_deck":["AscendersBane","Strike_B+1","Defend_B","Defend_B","Defend_B","Defend_B","Zap+1","Dualcast+1","Reinforced Body+1","Lockon","Glacier","Conserve Battery","Ball Lightning","Cold Snap","Beam Cell","Self Repair","Reboot+1","Core Surge","Compile Driver","BootSequence","Lockon","Undo","Coolheaded","Hologram","Static Discharge","Creative AI","PanicButton+1"],"relics":["Cracked Core","DataDisk","Blood Vial","Thread and Needle","Philosopher\u0027s Stone","Oddly Smooth Stone","Toolbox","Nunchaku","Ornamental Fan","Pen Nib","Bag of Preparation","Dream Catcher","Blue Candle","Nuclear Battery","Toy Ornithopter","OrangePellets"],"acts_visited":["Exordium","TheCity","TheBeyond"],"potions_floor_usage":[],"damage_taken":[{"damage":5.0,"enemies":"Small Slimes","floor":1.0,"turns":4.0},{"damage":4.0,"enemies":"Jaw Worm","floor":3.0,"turns":4.0},{"damage":0.0,"enemies":"Cultist","floor":5.0,"turns":2.0},{"damage":12.0,"enemies":"3 Sentries","floor":6.0,"turns":17.0},{"damage":0.0,"enemies":"Red Slaver","floor":10.0,"turns":4.0},{"damage":0.0,"enemies":"3 Louse","floor":11.0,"turns":5.0},{"damage":1.0,"enemies":"Looter","floor":12.0,"turns":3.0},{"damage":22.0,"enemies":"Gremlin Nob","floor":13.0,"turns":4.0},{"damage":0.0,"enemies":"Exordium Wildlife","floor":14.0,"turns":4.0},{"damage":0.0,"enemies":"The Guardian","floor":16.0,"turns":12.0},{"damage":0.0,"enemies":"Spheric Guardian","floor":18.0,"turns":5.0},{"damage":0.0,"enemies":"Chosen","floor":20.0,"turns":3.0},{"damage":0.0,"enemies":"Snecko","floor":22.0,"turns":4.0},{"damage":25.0,"enemies":"Book of Stabbing","floor":24.0,"turns":7.0},{"damage":2.0,"enemies":"Snake Plant","floor":25.0,"turns":6.0},{"damage":24.0,"enemies":"Gremlin Leader","floor":27.0,"turns":6.0},{"damage":2.0,"enemies":"Slavers","floor":31.0,"turns":8.0},{"damage":46.0,"enemies":"Collector","floor":33.0,"turns":10.0},{"damage":11.0,"enemies":"3 Shapes","floor":35.0,"turns":7.0},{"damage":0.0,"enemies":"Orb Walker","floor":38.0,"turns":4.0},{"damage":47,"enemies":"Giant Head","floor":41,"turns":8}],"seed_played":"3676864919268739060","potions_obtained":[{"floor":1.0,"key":"Swift Potion"},{"floor":3.0,"key":"Block Potion"},{"floor":5.0,"key":"BlessingOfTheForge"},{"floor":13.0,"key":"AttackPotion"},{"floor":18.0,"key":"BlessingOfTheForge"},{"floor":25.0,"key":"DistilledChaos"},{"floor":31.0,"key":"Fire Potion"},{"floor":33.0,"key":"BlessingOfTheForge"},{"floor":38.0,"key":"Strength Potion"}],"is_trial":false,"path_per_floor":["M","?","M","?","M","E","R","$","T","M","M","M","E","M","R","B",null,"M","?","M","$","M","R","E","M","T","E","$","?","?","E","R","B",null,"M","?","?","M","$","R","E"],"character_chosen":"DEFECT","items_purchased":["Ball Lightning","Oddly Smooth Stone","Lockon","Toolbox","Bag of Preparation","OrangePellets","PanicButton"],"campfire_rested":0,"item_purchase_floors":[8,21,21,21,28,39,39],"current_hp_per_floor":[59,59,55,36,36,24,24,24,24,26,28,29,16,25,25,34,57,64,64,64,64,64,64,46,53,53,41,41,41,41,48,48,11,51,49,49,49,51,51,51,6,6],"gold":123,"neow_bonus":"RANDOM_COMMON_RELIC","is_daily":false,"chose_seed":false,"campfire_upgraded":4,"win_rate":0.0,"timestamp":1607776864,"path_taken":["M","?","M","?","M","E","R","$","T","M","M","M","E","M","R","BOSS","M","?","M","$","?","R","E","M","T","E","?","?","?","E","R","BOSS","M","?","?","M","$","R","E"],"items_purchased_type":["Card","Relic","Card","Relic","Relic","Relic","Card"],"build_version":"2020-12-07","purchased_purges":3,"victory":false,"max_hp_per_floor":[71,64,64,64,64,64,64,64,64,64,64,64,64,64,64,64,64,64,64,64,64,64,64,64,64,64,64,64,64,64,64,64,64,64,64,64,64,64,64,64,64,64],"relic_stats":{"Blood Vial":28,"OrangePellets":[1],"Nunchaku":[8],"Dream Catcher":0,"counters":[21,127],"Ornamental Fan":[48],"Blue Candle":[1],"Pen Nib":[5],"Bag of Preparation":[10],"obtain_stats":[{"Golden Idol":2,"Blue Candle":31,"Oddly Smooth Stone":21,"Thread and Needle":13,"Pen Nib":27,"Bag of Preparation":28,"Nuclear Battery":34,"Blood Vial":6,"OrangePellets":39,"DataDisk":0,"Nunchaku":24,"Dream Catcher":30,"Ornamental Fan":26,"Toolbox":21,"Philosopher\u0027s Stone":17,"Cracked Core":0,"Toy Ornithopter":37},{"Golden Idol":1,"Blue Candle":17,"Oddly Smooth Stone":12,"Thread and Needle":8,"Pen Nib":16,"Bag of Preparation":16,"Nuclear Battery":18,"Blood Vial":4,"OrangePellets":20,"DataDisk":0,"Nunchaku":14,"Dream Catcher":16,"Ornamental Fan":15,"Toolbox":12,"Philosopher\u0027s Stone":10,"Cracked Core":0,"Toy Ornithopter":19},{"Golden Idol":4,"Blue Candle":98,"Oddly Smooth Stone":67,"Thread and Needle":43,"Pen Nib":90,"Bag of Preparation":90,"Nuclear Battery":108,"Blood Vial":27,"OrangePellets":119,"DataDisk":0,"Nunchaku":78,"Dream Catcher":90,"Ornamental Fan":84,"Toolbox":67,"Philosopher\u0027s Stone":59,"Cracked Core":0,"Toy Ornithopter":115}],"Toy Ornithopter":0},"card_choices":[{"not_picked":["Hello World","Blizzard"],"picked":"Reinforced Body","floor":1.0},{"not_picked":["Double Energy","Steam"],"picked":"Lockon","floor":3.0},{"not_picked":["Sweeping Beam","Steam"],"picked":"Glacier","floor":5.0},{"not_picked":["Hyperbeam","Steam Power"],"picked":"Conserve Battery","floor":6.0},{"not_picked":["Recycle","Genetic Algorithm"],"picked":"Cold Snap","floor":10.0},{"not_picked":["Streamline","Lockon"],"picked":"Beam Cell","floor":11.0},{"not_picked":["Hologram","Leap"],"picked":"Self Repair","floor":12.0},{"not_picked":["Hologram","Leap"],"picked":"Reboot","floor":13.0},{"not_picked":["FTL","Tempest","Redo"],"picked":"SKIP","floor":14.0},{"not_picked":["Rainbow","Hyperbeam"],"picked":"Core Surge","floor":16.0},{"not_picked":["Rebound","Redo"],"picked":"Compile Driver","floor":18.0},{"not_picked":["Turbo","Auto Shields"],"picked":"BootSequence","floor":20.0},{"not_picked":["Leap","Conserve Battery"],"picked":"Undo","floor":22.0},{"not_picked":["Ball Lightning+1","Hologram"],"picked":"Coolheaded","floor":24.0},{"not_picked":["Ball Lightning","Gash"],"picked":"Hologram","floor":25.0},{"not_picked":["FTL","Streamline"],"picked":"Static Discharge","floor":27.0},{"not_picked":["Redo","Go for the Eyes","FTL+1"],"picked":"SKIP","floor":31.0},{"not_picked":["Buffer","All For One"],"picked":"Creative AI","floor":33.0},{"not_picked":["Reprogram+1","Turbo+1","Redo"],"picked":"SKIP","floor":35.0},{"not_picked":["Beam Cell","BootSequence","White Noise"],"picked":"SKIP","floor":38.0}],"player_experience":150539,"relics_obtained":[{"floor":6.0,"key":"Blood Vial"},{"floor":13.0,"key":"Thread and Needle"},{"floor":24.0,"key":"Nunchaku"},{"floor":26.0,"key":"Ornamental Fan"},{"floor":27.0,"key":"Pen Nib"},{"floor":31.0,"key":"Blue Candle"}],"event_choices":[{"damage_healed":0.0,"max_hp_gain":0.0,"max_hp_loss":7.0,"gold_gain":0.0,"event_name":"Golden Idol","player_choice":"Lose Max HP","floor":2.0,"gold_loss":0.0,"damage_taken":0.0,"relics_obtained":["Golden Idol"]},{"damage_healed":0.0,"max_hp_gain":0.0,"max_hp_loss":0.0,"gold_gain":0.0,"event_name":"Shining Light","player_choice":"Entered Light","floor":4.0,"gold_loss":0.0,"damage_taken":19.0,"cards_upgraded":["Zap","Strike_B"]},{"damage_healed":0.0,"max_hp_gain":0.0,"max_hp_loss":0.0,"gold_gain":250.0,"event_name":"The Joust","player_choice":"Bet on Owner","floor":19.0,"gold_loss":50.0,"damage_taken":0.0},{"damage_healed":0.0,"max_hp_gain":0.0,"max_hp_loss":0.0,"gold_gain":0.0,"event_name":"Cursed Tome","player_choice":"Ignored","floor":29.0,"gold_loss":0.0,"damage_taken":0.0},{"damage_healed":0.0,"max_hp_gain":0.0,"max_hp_loss":0.0,"gold_gain":0.0,"event_name":"Addict","player_choice":"Obtained Relic","floor":30.0,"gold_loss":85.0,"damage_taken":0.0,"relics_obtained":["Dream Catcher"]},{"damage_healed":0.0,"max_hp_gain":0.0,"max_hp_loss":0.0,"gold_gain":333.0,"event_name":"The Moai Head","player_choice":"Gave Idol","floor":36.0,"relics_lost":["Golden Idol"],"gold_loss":0.0,"damage_taken":0.0},{"damage_healed":0.0,"max_hp_gain":0.0,"max_hp_loss":0.0,"gold_gain":0.0,"event_name":"WeMeetAgain","player_choice":"Gave Potion","floor":37.0,"gold_loss":0.0,"damage_taken":0.0,"relics_obtained":["Toy Ornithopter"]}],"is_beta":true,"boss_relics":[{"not_picked":["Calling Bell","Velvet Choker"],"picked":"Philosopher\u0027s Stone"},{"not_picked":["FrozenCore","Runic Pyramid"],"picked":"Nuclear Battery"}],"items_purged_floors":[8,21,39],"is_endless":false,"potions_floor_spawned":[1,3,5,13,18,24,25,31,33,38],"killed_by":"Giant Head","ascension_level":20}}