{"host":"qt939hhvrbc28rjp","time":1607750203,"event":{"mods":["BaseMod","Minty Spire (QoL Compilation)","Quick Restart","StSLib","SuperFastMode"],"gold_per_floor":[114,126,176,97,114,147,159,197,209,252,299,341,381,427,439,525,537,561,46,46,66,134,169,169,203,203,234,260,289,320,350,350,421,421,439,439,455,755,783,814,464,499,499,530,564,598,625,635,635,635,635],"floor_reached":52,"playtime":3790,"items_purged":["Rip and Tear"],"score":3342,"play_id":"81dcb912-918c-43c3-b239-266f77e8d75a","local_time":"20201212141643","daily_mods":["SealedDeck","Vintage","Heirloom","Time Dilation","Flight","DeadlyEvents","Elite Swarm"],"is_ascension_mode":true,"campfire_choices":[{"floor":7.0,"key":"REST"},{"data":"Buffer","floor":15.0,"key":"SMITH"},{"data":"Self Repair","floor":24.0,"key":"SMITH"},{"data":"Creative AI","floor":32.0,"key":"SMITH"},{"data":"Buffer","floor":49.0,"key":"SMITH"}],"circlet_count":0,"master_deck":["AscendersBane","Doom and Gloom","Lockon","Heatsinks","Conserve Battery","Ball Lightning","Force Field+1","Chill+1","Capacitor","Storm","Self Repair+1","Machine Learning","Echo Form","Creative AI+1","Core Surge","Buffer+1","Buffer","Seek","Biased Cognition","Consume+1","Storm","Amplify+1","Buffer+1","Core Surge","Rainbow+1","Buffer","Electrodynamics","Reboot+1","Fission+1","Seek+1","Echo Form"],"relics":["Cracked Core","StoneCalendar","Gambling Chip","Kunai","Bag of Marbles","MawBank","Bottled Tornado","White Beast Statue","War Paint","Bottled Flame","Unceasing Top","Sundial","Emotion Chip","Sozu","Lantern","Toxic Egg 2","Lee\u0027s Waffle","Blood Vial","Gremlin Horn","Letter Opener","CaptainsWheel","Matryoshka","Ice Cream","Toy Ornithopter","DataDisk","Mummified Hand","PreservedInsect","SlaversCollar","Shuriken","Prayer Wheel","Girya","Ginger","Thread and Needle","Membership Card","Bottled Lightning","Bronze Scales","Strawberry","Cables","Lizard Tail","Eternal Feather","Omamori","Dream Catcher","Du-Vu Doll"],"acts_visited":["Exordium","TheCity","TheBeyond"],"potions_floor_usage":[],"damage_taken":[{"damage":11.0,"enemies":"Small Slimes","floor":1.0,"turns":3.0},{"damage":0.0,"enemies":"Cultist","floor":2.0,"turns":3.0},{"damage":3.0,"enemies":"2 Louse","floor":5.0,"turns":2.0},{"damage":28.0,"enemies":"Gremlin Nob","floor":6.0,"turns":4.0},{"damage":2.0,"enemies":"3 Sentries","floor":8.0,"turns":5.0},{"damage":17.0,"enemies":"Gremlin Nob","floor":10.0,"turns":4.0},{"damage":6.0,"enemies":"Lagavulin","floor":11.0,"turns":5.0},{"damage":23.0,"enemies":"Gremlin Nob","floor":12.0,"turns":4.0},{"damage":18.0,"enemies":"3 Sentries","floor":13.0,"turns":7.0},{"damage":0.0,"enemies":"Lagavulin","floor":14.0,"turns":5.0},{"damage":0.0,"enemies":"Slime Boss","floor":16.0,"turns":7.0},{"damage":14.0,"enemies":"3 Byrds","floor":18.0,"turns":3.0},{"damage":17.0,"enemies":"Shell Parasite","floor":21.0,"turns":4.0},{"damage":11.0,"enemies":"Gremlin Leader","floor":23.0,"turns":3.0},{"damage":11.0,"enemies":"Slavers","floor":25.0,"turns":3.0},{"damage":8.0,"enemies":"Book of Stabbing","floor":27.0,"turns":3.0},{"damage":0.0,"enemies":"Slavers","floor":28.0,"turns":2.0},{"damage":3.0,"enemies":"Gremlin Leader","floor":29.0,"turns":4.0},{"damage":0.0,"enemies":"Slavers","floor":30.0,"turns":2.0},{"damage":11.0,"enemies":"Book of Stabbing","floor":31.0,"turns":2.0},{"damage":0.0,"enemies":"Champ","floor":33.0,"turns":4.0},{"damage":0.0,"enemies":"3 Shapes","floor":35.0,"turns":1.0},{"damage":0.0,"enemies":"3 Darklings","floor":37.0,"turns":1.0},{"damage":0.0,"enemies":"Reptomancer","floor":39.0,"turns":2.0},{"damage":10.0,"enemies":"Giant Head","floor":40.0,"turns":3.0},{"damage":0.0,"enemies":"Reptomancer","floor":42.0,"turns":1.0},{"damage":0.0,"enemies":"Nemesis","floor":44.0,"turns":3.0},{"damage":0.0,"enemies":"Giant Head","floor":45.0,"turns":2.0},{"damage":0.0,"enemies":"Nemesis","floor":46.0,"turns":1.0},{"damage":0.0,"enemies":"Giant Head","floor":47.0,"turns":2.0},{"damage":0.0,"enemies":"4 Shapes","floor":48.0,"turns":1.0},{"damage":0.0,"enemies":"Donu and Deca","floor":50.0,"turns":2.0},{"damage":0,"enemies":"Time Eater","floor":51,"turns":3}],"seed_played":"-8902337676565909939","potions_obtained":[{"floor":1.0,"key":"SpeedPotion"},{"floor":2.0,"key":"SteroidPotion"},{"floor":10.0,"key":"Strength Potion"},{"floor":11.0,"key":"LiquidBronze"},{"floor":14.0,"key":"EssenceOfSteel"}],"is_trial":true,"path_per_floor":["M","M","?","$","M","E","R","E","T","E","E","E","E","E","R","B",null,"M","$","?","M","T","E","R","E","T","E","E","E","E","E","R","B",null,"M","?","M","?","E","E","$","E","T","E","E","E","E","M","R","B","B",null],"character_chosen":"DEFECT","items_purchased":["Self Repair","Toxic Egg 2","Lee\u0027s Waffle","Consume+1","Membership Card","Bottled Lightning"],"campfire_rested":1,"item_purchase_floors":[4,19,19,19,41,41],"current_hp_per_floor":[53,53,46,46,43,22,43,48,48,38,46,37,33,33,33,33,62,48,78,78,75,75,73,73,78,78,78,78,78,78,67,67,78,78,78,78,78,78,78,78,78,78,85,85,85,85,85,85,85,85,85],"gold":635,"neow_bonus":"","is_daily":false,"chose_seed":false,"campfire_upgraded":4,"win_rate":0.0,"timestamp":1607750203,"path_taken":["M","M","?","?","M","E","R","E","T","?","E","E","E","E","R","BOSS","M","$","?","?","?","E","R","E","T","E","E","E","?","E","R","BOSS","M","?","?","?","?","E","$","E","T","E","E","E","E","?","R","BOSS","BOSS"],"items_purchased_type":["Card","Relic","Relic","Card","Relic","Relic"],"build_version":"2020-11-30","purchased_purges":1,"victory":true,"max_hp_per_floor":[71,71,71,71,71,71,71,71,71,71,71,71,71,71,71,71,71,71,78,78,78,78,78,78,78,78,78,78,78,78,78,78,78,78,78,78,78,78,78,78,78,78,85,85,85,85,85,85,85,85,85],"card_choices":[{"not_picked":["All For One","Amplify"],"picked":"Machine Learning","floor":6.0},{"not_picked":["Electrodynamics","Buffer"],"picked":"Echo Form","floor":8.0},{"not_picked":["Thunder Strike","Multi-Cast"],"picked":"Creative AI","floor":10.0},{"not_picked":["Reboot","Meteor Strike"],"picked":"Core Surge","floor":11.0},{"not_picked":["Amplify","Fission"],"picked":"Buffer","floor":12.0},{"not_picked":["All For One","Seek"],"picked":"Buffer","floor":13.0},{"not_picked":["All For One","Thunder Strike"],"picked":"Seek","floor":14.0},{"not_picked":["Amplify","Rainbow"],"picked":"Biased Cognition","floor":16.0},{"not_picked":["Reboot+1","Hyperbeam"],"picked":"Amplify+1","floor":23.0},{"not_picked":["Biased Cognition","Seek+1"],"picked":"Buffer","floor":25.0},{"not_picked":["Multi-Cast+1","Buffer","Machine Learning"],"picked":"SKIP","floor":27.0},{"not_picked":["Reboot+1","Meteor Strike"],"picked":"Core Surge","floor":28.0},{"not_picked":["Amplify+1","Biased Cognition"],"picked":"Rainbow+1","floor":29.0},{"not_picked":["Thunder Strike","Rainbow+1"],"picked":"Buffer","floor":30.0},{"not_picked":["Biased Cognition","Creative AI"],"picked":"Electrodynamics","floor":31.0},{"not_picked":["Biased Cognition","Meteor Strike"],"picked":"Reboot+1","floor":33.0},{"not_picked":["Machine Learning","Multi-Cast+1"],"picked":"Fission+1","floor":39.0},{"not_picked":["Rainbow+1","Reboot+1"],"picked":"Seek+1","floor":40.0},{"not_picked":["Reboot+1","Thunder Strike","Meteor Strike"],"picked":"SKIP","floor":42.0},{"not_picked":["Biased Cognition","Rainbow+1"],"picked":"Echo Form","floor":44.0},{"not_picked":["Electrodynamics","Amplify+1","Thunder Strike"],"picked":"SKIP","floor":45.0},{"not_picked":["Buffer","All For One","Hyperbeam"],"picked":"SKIP","floor":46.0},{"not_picked":["Buffer","Hyperbeam","Rainbow+1"],"picked":"SKIP","floor":47.0}],"player_experience":1365256,"relics_obtained":[{"floor":1.0,"key":"Gambling Chip"},{"floor":2.0,"key":"Kunai"},{"floor":5.0,"key":"Bag of Marbles"},{"floor":6.0,"key":"MawBank"},{"floor":8.0,"key":"Bottled Tornado"},{"floor":9.0,"key":"White Beast Statue"},{"floor":10.0,"key":"War Paint"},{"floor":11.0,"key":"Bottled Flame"},{"floor":12.0,"key":"Unceasing Top"},{"floor":13.0,"key":"Sundial"},{"floor":14.0,"key":"Emotion Chip"},{"floor":18.0,"key":"Lantern"},{"floor":21.0,"key":"Blood Vial"},{"floor":22.0,"key":"Gremlin Horn"},{"floor":23.0,"key":"Letter Opener"},{"floor":25.0,"key":"CaptainsWheel"},{"floor":26.0,"key":"Matryoshka"},{"floor":27.0,"key":"Ice Cream"},{"floor":28.0,"key":"Toy Ornithopter"},{"floor":29.0,"key":"DataDisk"},{"floor":30.0,"key":"Mummified Hand"},{"floor":31.0,"key":"PreservedInsect"},{"floor":35.0,"key":"Shuriken"},{"floor":37.0,"key":"Girya"},{"floor":39.0,"key":"Ginger"},{"floor":40.0,"key":"Thread and Needle"},{"floor":42.0,"key":"Bronze Scales"},{"floor":43.0,"key":"Strawberry"},{"floor":43.0,"key":"Cables"},{"floor":44.0,"key":"Lizard Tail"},{"floor":45.0,"key":"Eternal Feather"},{"floor":46.0,"key":"Omamori"},{"floor":47.0,"key":"Dream Catcher"},{"floor":48.0,"key":"Du-Vu Doll"}],"event_choices":[{"damage_healed":0.0,"max_hp_gain":0.0,"max_hp_loss":0.0,"gold_gain":50.0,"event_name":"FaceTrader","player_choice":"Touch","floor":3.0,"gold_loss":0.0,"damage_taken":7.0},{"damage_healed":0.0,"max_hp_gain":0.0,"max_hp_loss":0.0,"gold_gain":0.0,"event_name":"The Library","player_choice":"Read","floor":20.0,"gold_loss":0.0,"damage_taken":0.0,"cards_obtained":["Storm"]},{"damage_healed":0.0,"max_hp_gain":0.0,"max_hp_loss":0.0,"gold_gain":0.0,"event_name":"WeMeetAgain","player_choice":"Gave Potion","floor":36.0,"gold_loss":0.0,"damage_taken":0.0,"relics_obtained":["Prayer Wheel"]},{"damage_healed":0.0,"max_hp_gain":0.0,"max_hp_loss":0.0,"gold_gain":300.0,"event_name":"Wheel of Change","player_choice":"Gold","floor":38.0,"gold_loss":0.0,"damage_taken":0.0}],"is_beta":false,"boss_relics":[{"not_picked":["FrozenCore","Philosopher\u0027s Stone"],"picked":"Sozu"},{"not_picked":["Calling Bell","Snecko Eye"],"picked":"SlaversCollar"}],"items_purged_floors":[41],"is_endless":false,"potions_floor_spawned":[1,2,10,11,12,13,14,16,18,21,23,25,27,28,29,30,31,33,35,37,39,40,42,44,45,46,47,48],"ascension_level":20}}