{"host":"ifd7sfhtlbe34qll","time":1607807014,"event":{"mods":["2.2 Compatiblity","BaseMod","Bestiary","Block Reminder","Colored Map","Filter the Spire","Highlight Path","Minty Spire (QoL Compilation)","Potion Indicator Mod","Quick Restart","Random Character Button","Relic Stats","StSLib"],"gold_per_floor":[115,115,40,50,25,53,71,100,127,127,153,153,181,195,195,195,195],"floor_reached":16,"playtime":491,"items_purged":["Pain"],"score":224,"play_id":"264beaa1-9d14-4c19-bee8-2a9e2d0689e4","local_time":"20201212150334","is_ascension_mode":true,"campfire_choices":[{"data":"Coolheaded","floor":10,"key":"SMITH"},{"data":"Doom and Gloom","floor":12,"key":"SMITH"},{"data":"Hologram","floor":15,"key":"SMITH"}],"circlet_count":0,"master_deck":["AscendersBane","Strike_B","Strike_B","Strike_B","Strike_B","Defend_B","Defend_B","Defend_B","Defend_B","Zap","Dualcast","Doom and Gloom+1","Go for the Eyes","Coolheaded+1","Ball Lightning","FTL","Hologram+1","Cold Snap"],"relics":["Cracked Core","WarpedTongs","Akabeko","CeramicFish","Smiling Mask"],"acts_visited":["Exordium"],"potions_floor_usage":[0,6,8,16],"damage_taken":[{"damage":1,"enemies":"Cultist","floor":1,"turns":3},{"damage":0,"enemies":"2 Louse","floor":4,"turns":2},{"damage":14,"enemies":"3 Sentries","floor":6,"turns":6},{"damage":0,"enemies":"Small Slimes","floor":7,"turns":2},{"damage":20,"enemies":"Lagavulin","floor":8,"turns":5},{"damage":6,"enemies":"Looter","floor":11,"turns":3},{"damage":0,"enemies":"Blue Slaver","floor":13,"turns":3},{"damage":0,"enemies":"Large Slime","floor":14,"turns":3},{"damage":51,"enemies":"Hexaghost","floor":16,"turns":11}],"seed_played":"-2193554503090885434","potions_obtained":[{"floor":0,"key":"Fruit Juice"},{"floor":0,"key":"GamblersBrew"},{"floor":0,"key":"Block Potion"},{"floor":4,"key":"Fruit Juice"},{"floor":8,"key":"PowerPotion"},{"floor":11,"key":"Regen Potion"}],"is_trial":false,"path_per_floor":["M","?","$","M","$","E","M","E","T","R","M","R","M","M","R","B"],"character_chosen":"DEFECT","items_purchased":["Coolheaded"],"campfire_rested":0,"item_purchase_floors":[5],"current_hp_per_floor":[68,68,68,68,68,54,54,39,39,39,33,33,33,33,33,0,0],"gold":195,"neow_bonus":"THREE_SMALL_POTIONS","is_daily":false,"chose_seed":false,"campfire_upgraded":3,"win_rate":0.0,"timestamp":1607807014,"path_taken":["M","?","$","M","?","E","M","E","T","R","M","R","M","M","R","BOSS"],"items_purchased_type":["Card"],"build_version":"2020-11-30","purchased_purges":1,"victory":false,"max_hp_per_floor":[76,76,76,76,76,76,76,81,81,81,81,81,81,81,81,81,81],"relic_stats":{"counters":[9,38],"CeramicFish":18,"Smiling Mask":0,"obtain_stats":[{"CeramicFish":8,"Cracked Core":0,"Smiling Mask":9,"Akabeko":6,"WarpedTongs":2},{"CeramicFish":5,"Cracked Core":0,"Smiling Mask":5,"Akabeko":3,"WarpedTongs":1},{"CeramicFish":18,"Cracked Core":0,"Smiling Mask":18,"Akabeko":11,"WarpedTongs":3}],"WarpedTongs":[34]},"card_choices":[{"not_picked":["Go for the Eyes","Stack"],"picked":"Doom and Gloom","floor":1},{"not_picked":["Aggregate","Stack"],"picked":"Go for the Eyes","floor":4},{"not_picked":["Go for the Eyes","Amplify"],"picked":"Ball Lightning","floor":6},{"not_picked":["Reinforced Body","Rebound"],"picked":"FTL","floor":7},{"not_picked":["Coolheaded","Undo","Aggregate"],"picked":"SKIP","floor":8},{"not_picked":["Leap","Stack"],"picked":"Hologram","floor":11},{"not_picked":["Coolheaded","Force Field"],"picked":"Cold Snap","floor":13},{"not_picked":["Skim","Go for the Eyes","Beam Cell"],"picked":"SKIP","floor":14}],"player_experience":1410831,"relics_obtained":[{"floor":6,"key":"Akabeko"},{"floor":8,"key":"CeramicFish"},{"floor":9,"key":"Smiling Mask"}],"event_choices":[{"damage_healed":0,"gold_gain":0,"player_choice":"Rummage","damage_taken":0,"relics_obtained":["WarpedTongs"],"max_hp_gain":0,"max_hp_loss":0,"event_name":"Accursed Blacksmith","floor":2,"gold_loss":0,"cards_obtained":["Pain"]}],"is_beta":false,"boss_relics":[],"items_purged_floors":[3],"is_endless":false,"potions_floor_spawned":[4,8,11,14],"killed_by":"Hexaghost","ascension_level":20}}