{"host":"sabve5zmqufxyc5o","time":1607753462,"event":{"mods":["2.2 Compatiblity","AchievementEnabler","Act Like it!","BaseMod","Block Reminder","Colored Map","Colored Powertips","DeckTracker","KOR Keyword Fix","Keyboard Shortcuts","Minty Spire (QoL Compilation)","Quick Restart","Rare Cards Sparkle","Relic Stats","StSLib","SuperFastMode"],"gold_per_floor":[111,111,111,131,146,177,177,177,201,201,221,221,221,241,241,315,315,332,332,343,103,114,114,131,148,202,202,213,233,233,251,251,251,251],"floor_reached":33,"playtime":589,"items_purged":["Strike_B"],"score":489,"play_id":"0bf415de-e56a-4633-9aa1-9a702f8a3c9d","local_time":"20201212151102","is_ascension_mode":true,"campfire_choices":[{"floor":7,"key":"REST"},{"data":"Dualcast","floor":10,"key":"SMITH"},{"data":"Zap","floor":13,"key":"SMITH"},{"data":"Go for the Eyes","floor":15,"key":"SMITH"},{"floor":23,"key":"REST"},{"floor":27,"key":"REST"},{"data":"Coolheaded","floor":30,"key":"SMITH"},{"floor":32,"key":"REST"}],"circlet_count":0,"master_deck":["AscendersBane","Strike_B","Defend_B","Defend_B","Defend_B","Defend_B","Zap+1","Dualcast+1","Reboot","Undo","Rainbow","Beam Cell","Ball Lightning","Ball Lightning","Go for the Eyes+1","Gash","All For One","Self Repair","FTL","Gash","Coolheaded+1"],"relics":["Cracked Core","Happy Flower","Ginger","Vajra","SacredBark","NlothsMask","Bag of Preparation"],"acts_visited":["Exordium","TheCity"],"potions_floor_usage":[6,18,22,31,33],"damage_taken":[{"damage":2,"enemies":"Jaw Worm","floor":1,"turns":3},{"damage":6,"enemies":"Small Slimes","floor":4,"turns":5},{"damage":3,"enemies":"2 Louse","floor":5,"turns":3},{"damage":38,"enemies":"3 Sentries","floor":6,"turns":9},{"damage":0,"enemies":"Looter","floor":11,"turns":2},{"damage":8,"enemies":"Gremlin Gang","floor":14,"turns":3},{"damage":25,"enemies":"Slime Boss","floor":16,"turns":6},{"damage":11,"enemies":"2 Thieves","floor":18,"turns":3},{"damage":22,"enemies":"Shell Parasite","floor":20,"turns":3},{"damage":21,"enemies":"Snecko","floor":22,"turns":4},{"damage":0,"enemies":"Chosen and Byrds","floor":24,"turns":3},{"damage":32,"enemies":"Shelled Parasite and Fungi","floor":25,"turns":5},{"damage":14,"enemies":"3 Cultists","floor":28,"turns":4},{"damage":11,"enemies":"Snake Plant","floor":29,"turns":3},{"damage":2,"enemies":"Snecko","floor":31,"turns":4},{"damage":60,"enemies":"Champ","floor":33,"turns":8}],"seed_played":"-903440218065204868","potions_obtained":[{"floor":4,"key":"LiquidBronze"},{"floor":5,"key":"AttackPotion"},{"floor":16,"key":"AttackPotion"},{"floor":20,"key":"EssenceOfDarkness"},{"floor":28,"key":"Block Potion"},{"floor":29,"key":"Block Potion"}],"is_trial":false,"path_per_floor":["M","?","?","M","M","E","R","?","T","R","M","?","R","M","R","B",null,"M","?","M","$","M","R","M","M","T","R","M","M","R","M","R","B"],"character_chosen":"DEFECT","items_purchased":["Bag of Preparation"],"campfire_rested":4,"item_purchase_floors":[21],"current_hp_per_floor":[62,62,51,45,42,4,25,48,48,48,48,48,48,40,40,15,57,46,46,31,31,17,38,45,20,20,41,34,30,30,35,56,0,0],"gold":251,"neow_bonus":"TRANSFORM_CARD","is_daily":false,"chose_seed":false,"campfire_upgraded":4,"win_rate":0.0,"timestamp":1607753462,"path_taken":["M","?","?","M","M","E","R","?","T","R","M","?","R","M","R","BOSS","M","?","M","$","M","R","M","M","T","R","?","M","R","M","R","BOSS"],"items_purchased_type":["Relic"],"build_version":"2020-11-30","purchased_purges":1,"victory":false,"max_hp_per_floor":[71,71,71,71,71,71,71,71,71,71,71,71,71,71,71,71,71,71,71,71,71,71,71,71,71,71,71,71,71,71,71,71,71,71],"relic_stats":{"Happy Flower":[21],"counters":[16,68],"Bag of Preparation":[14],"Ginger":[11],"obtain_stats":[{"Happy Flower":3,"SacredBark":17,"Vajra":9,"Bag of Preparation":21,"Ginger":6,"Cracked Core":0,"NlothsMask":19},{"Happy Flower":1,"SacredBark":7,"Vajra":4,"Bag of Preparation":9,"Ginger":4,"Cracked Core":0,"NlothsMask":8},{"Happy Flower":3,"SacredBark":31,"Vajra":20,"Bag of Preparation":37,"Ginger":20,"Cracked Core":0,"NlothsMask":34}]},"card_choices":[{"not_picked":["Streamline","Conserve Battery"],"picked":"Undo","floor":1},{"not_picked":["Double Energy","Barrage"],"picked":"Beam Cell","floor":4},{"not_picked":["Leap","Coolheaded"],"picked":"Ball Lightning","floor":5},{"not_picked":["Go for the Eyes","Steam"],"picked":"Ball Lightning","floor":6},{"not_picked":["Beam Cell","Conserve Battery"],"picked":"Go for the Eyes","floor":11},{"not_picked":["Hello World","Coolheaded"],"picked":"Gash","floor":14},{"not_picked":["Fission","Rainbow"],"picked":"All For One","floor":16},{"not_picked":["Turbo","Steam"],"picked":"Self Repair","floor":18},{"not_picked":["Darkness","Beam Cell"],"picked":"FTL","floor":20},{"not_picked":["Sunder","Aggregate","Storm"],"picked":"SKIP","floor":22},{"not_picked":["Doom and Gloom+1","Stack","Melter"],"picked":"SKIP","floor":24},{"not_picked":["Fusion","Leap"],"picked":"Gash","floor":25},{"not_picked":["Barrage","Chaos","Rebound"],"picked":"SKIP","floor":28},{"not_picked":["Recycle","Steam Power"],"picked":"Coolheaded","floor":29},{"not_picked":["Genetic Algorithm","Hologram+1","Lockon"],"picked":"SKIP","floor":31}],"player_experience":763398,"relics_obtained":[{"floor":6,"key":"Ginger"},{"floor":9,"key":"Vajra"}],"event_choices":[{"damage_healed":0,"gold_gain":0,"cards_transformed":["Strike_B"],"player_choice":"Change","damage_taken":0,"max_hp_gain":0,"max_hp_loss":0,"event_name":"Living Wall","floor":2,"gold_loss":0,"cards_obtained":["Rainbow"]},{"damage_healed":0,"gold_gain":0,"player_choice":"Success","damage_taken":11,"relics_obtained":["Happy Flower"],"max_hp_gain":0,"max_hp_loss":0,"event_name":"Scrap Ooze","floor":3,"gold_loss":0},{"damage_healed":23,"gold_gain":0,"player_choice":"Banana","damage_taken":0,"max_hp_gain":0,"max_hp_loss":0,"event_name":"Big Fish","floor":8,"gold_loss":0},{"damage_healed":0,"gold_gain":0,"player_choice":"Ignored","damage_taken":0,"max_hp_gain":0,"max_hp_loss":0,"event_name":"Shining Light","floor":12,"gold_loss":0},{"damage_healed":0,"gold_gain":0,"player_choice":"Trade","damage_taken":0,"relics_obtained":["NlothsMask"],"max_hp_gain":0,"max_hp_loss":0,"event_name":"FaceTrader","floor":19,"gold_loss":0}],"is_beta":false,"boss_relics":[{"not_picked":["SlaversCollar","Black Star"],"picked":"SacredBark"}],"items_purged_floors":[21],"is_endless":false,"potions_floor_spawned":[4,5,16,20,28,29],"killed_by":"Champ","ascension_level":19}}