{"host":"t5h83eruwt5lxl3o","time":1607755265,"event":{"mods":["AchievementEnabler","Act Like it!","BaseMod","CapriCore","Colored Map","DeckTracker","Hermit","Highlight Path","Koishi","Marisa£¨Ùöéë¡¡Øª×âÞÞ£©","Minty Spire (QoL Compilation)","Permanent Neow","Quick Restart","StSLib","SuperFastMode","The Cursed","The Immortal","everything is the same but u backflip on backflip"],"gold_per_floor":[116,126,142,160,160,187,187,214,214,246,273,287,310,340,340,340,340],"floor_reached":16,"playtime":857,"items_purged":[],"score":134,"play_id":"18c3e404-798c-4991-81ab-a1f04793bd68","local_time":"20201212154105","is_ascension_mode":true,"campfire_choices":[{"data":"hermit:Snapshot","floor":7.0,"key":"SMITH"},{"floor":15.0,"key":"REST"}],"circlet_count":0,"master_deck":["hermit:Strike_Hermit","hermit:Strike_Hermit","hermit:Strike_Hermit","hermit:Defend_Hermit","hermit:Defend_Hermit","hermit:Defend_Hermit","hermit:Snapshot+1","hermit:Covet","hermit:BlackWind","hermit:GoldenBullet+1","hermit:Misfire","hermit:Grudge","hermit:WideOpen","hermit:FinalCanter","hermit:GoldenBullet","hermit:Quickdraw"],"relics":["hermit:Momento","Pear","Boot","CeramicFish","The Courier","Centennial Puzzle","Odd Mushroom"],"acts_visited":["Exordium"],"potions_floor_usage":[16],"damage_taken":[{"damage":4.0,"enemies":"Jaw Worm","floor":1.0,"turns":3.0},{"damage":0.0,"enemies":"2 Louse","floor":2.0,"turns":2.0},{"damage":7.0,"enemies":"Small Slimes","floor":3.0,"turns":3.0},{"damage":8.0,"enemies":"Blue Slaver","floor":4.0,"turns":2.0},{"damage":3.0,"enemies":"Gremlin Nob","floor":6.0,"turns":3.0},{"damage":9.0,"enemies":"3 Sentries","floor":8.0,"turns":3.0},{"damage":26.0,"enemies":"Lagavulin","floor":10.0,"turns":4.0},{"damage":10.0,"enemies":"Exordium Wildlife","floor":12.0,"turns":2.0},{"damage":4.0,"enemies":"Red Slaver","floor":13.0,"turns":2.0},{"damage":5.0,"enemies":"The Mushroom Lair","floor":14.0,"turns":2.0},{"damage":31,"enemies":"The Guardian","floor":16,"turns":8}],"seed_played":"8542290441780724817","potions_obtained":[{"floor":3.0,"key":"Regen Potion"},{"floor":6.0,"key":"Fire Potion"},{"floor":10.0,"key":"AttackPotion"},{"floor":12.0,"key":"Energy Potion"},{"floor":13.0,"key":"SkillPotion"}],"is_trial":false,"path_per_floor":["M","M","M","M","?","E","R","E","T","E","T","M","M","?","R","B"],"character_chosen":"HERMIT","items_purchased":[],"campfire_rested":1,"item_purchase_floors":[],"current_hp_per_floor":[64,64,57,49,49,56,56,47,47,21,21,11,7,7,30,0,0],"gold":340,"neow_bonus":"TRANSFORM_TWO_CARDS","is_daily":false,"chose_seed":false,"campfire_upgraded":1,"win_rate":0.0,"timestamp":1607755265,"path_taken":["M","M","M","M","?","E","R","E","T","E","?","M","M","?","R","BOSS"],"items_purchased_type":[],"build_version":"2020-11-30","purchased_purges":0,"victory":false,"max_hp_per_floor":[68,68,68,68,68,78,78,78,78,78,78,78,78,78,78,78,78],"card_choices":[{"not_picked":["hermit:Feint","hermit:FullyLoaded","hermit:Vantage"],"picked":"SKIP","floor":1.0},{"not_picked":["hermit:TakeAim","hermit:HighCaliber"],"picked":"hermit:Misfire","floor":2.0},{"not_picked":["hermit:Deadeye","hermit:Quickdraw"],"picked":"hermit:Grudge","floor":3.0},{"not_picked":["hermit:TrackingShot","hermit:Dive"],"picked":"hermit:WideOpen","floor":4.0},{"not_picked":["hermit:Shortfuse","hermit:Snipe"],"picked":"hermit:FinalCanter","floor":6.0},{"not_picked":["hermit:Desperado","hermit:Gestalt"],"picked":"hermit:GoldenBullet","floor":8.0},{"not_picked":["hermit:HoleUp","hermit:Roulette","hermit:Vantage"],"picked":"SKIP","floor":10.0},{"not_picked":["hermit:Quickdraw","hermit:Desperado","hermit:Dive"],"picked":"SKIP","floor":12.0},{"not_picked":["hermit:Desperado","hermit:TrackingShot"],"picked":"hermit:Quickdraw","floor":13.0}],"player_experience":581899,"relics_obtained":[{"floor":6.0,"key":"Pear"},{"floor":8.0,"key":"Boot"},{"floor":9.0,"key":"CeramicFish"},{"floor":10.0,"key":"The Courier"},{"floor":11.0,"key":"Centennial Puzzle"},{"floor":14.0,"key":"Odd Mushroom"}],"event_choices":[{"damage_healed":0.0,"max_hp_gain":0.0,"max_hp_loss":0.0,"gold_gain":0.0,"event_name":"Living Wall","player_choice":"Grow","floor":5.0,"gold_loss":0.0,"damage_taken":0.0,"cards_upgraded":["hermit:GoldenBullet"]},{"damage_healed":0.0,"max_hp_gain":0.0,"max_hp_loss":0.0,"gold_gain":0.0,"event_name":"Mushrooms","player_choice":"Fought Mushrooms","floor":14.0,"gold_loss":0.0,"damage_taken":0.0}],"is_beta":false,"boss_relics":[],"items_purged_floors":[],"is_endless":false,"potions_floor_spawned":[3,6,10,12,13],"killed_by":"The Guardian","ascension_level":2}}