{"host":"dcj2yvrgcvh5dl2s","time":1607785425,"event":{"mods":["BaseMod","Better Note","Colored Powertips","Minty Spire (QoL Compilation)","Quick Restart","Rare Cards Sparkle","StSLib"],"gold_per_floor":[118,68,68,80,105,143,166,178,190,161,205,217,34,34,34,131,131,149,52,64,79,98,98,112,127,127,157,157,187,204,204,204,305,305,325,375,208,263,274,274,55,55,108,126,144,177,192,204,204,204],"floor_reached":51,"playtime":2739,"items_purged":["Strike_R","Strike_R"],"score":1048,"play_id":"36e66249-ea9d-40b2-9567-db22967217be","local_time":"20201213010345","is_ascension_mode":true,"campfire_choices":[{"floor":8.0,"key":"REST"},{"floor":12.0,"key":"REST"},{"floor":15.0,"key":"REST"},{"floor":23.0,"key":"REST"},{"floor":28.0,"key":"REST"},{"floor":32.0,"key":"REST"},{"floor":40,"key":"REST"},{"data":"Seeing Red","floor":49,"key":"SMITH"}],"circlet_count":0,"master_deck":["Defend_R","Defend_R","Defend_R","Defend_R","Bash","Infernal Blade","Shrug It Off","Sword Boomerang","Seeing Red+1","Barricade","True Grit","Feel No Pain","Iron Wave","Heavy Blade","Shrug It Off","Demon Form","Entrench","Body Slam+1","Feel No Pain","Purity","Flex+1","Armaments","Entrench","Feel No Pain","Flex","Pummel","Limit Break","Impervious","Infernal Blade","Pommel Strike","Reaper","Battle Trance","Feel No Pain","Reaper","Reaper","Armaments+1","Body Slam+1","Master of Strategy","Good Instincts","Sword Boomerang+1","Pommel Strike","Entrench+1","Dark Embrace+1","Parasite","Feel No Pain+1","Pommel Strike"],"relics":["Burning Blood","Prayer Wheel","MawBank","White Beast Statue","Letter Opener","Blood Vial","Membership Card","Mark of Pain","Peace Pipe","CaptainsWheel","Anchor","Runic Pyramid","Charon\u0027s Ashes","Pocketwatch","Regal Pillow","Smiling Mask","Bird Faced Urn"],"acts_visited":["Exordium","TheCity","TheBeyond"],"potions_floor_usage":[38,38,46,46,50,50,50],"damage_taken":[{"damage":4.0,"enemies":"Jaw Worm","floor":1.0,"turns":4.0},{"damage":2.0,"enemies":"2 Louse","floor":5.0,"turns":3.0},{"damage":32.0,"enemies":"Gremlin Nob","floor":6.0,"turns":4.0},{"damage":8.0,"enemies":"Small Slimes","floor":7.0,"turns":3.0},{"damage":23.0,"enemies":"3 Sentries","floor":11.0,"turns":12.0},{"damage":38.0,"enemies":"Slime Boss","floor":16.0,"turns":14.0},{"damage":22.0,"enemies":"Chosen","floor":18.0,"turns":7.0},{"damage":23.0,"enemies":"Spheric Guardian","floor":20.0,"turns":6.0},{"damage":10.0,"enemies":"Snake Plant","floor":21.0,"turns":6.0},{"damage":38.0,"enemies":"Centurion and Healer","floor":22.0,"turns":10.0},{"damage":22.0,"enemies":"Cultist and Chosen","floor":24.0,"turns":10.0},{"damage":16.0,"enemies":"Snake Plant","floor":25.0,"turns":5.0},{"damage":48.0,"enemies":"Book of Stabbing","floor":27.0,"turns":7.0},{"damage":10.0,"enemies":"Slavers","floor":29.0,"turns":7.0},{"damage":0.0,"enemies":"Snecko","floor":30.0,"turns":5.0},{"damage":17.0,"enemies":"Champ","floor":33.0,"turns":11.0},{"damage":41.0,"enemies":"3 Darklings","floor":35.0,"turns":7.0},{"damage":0.0,"enemies":"Mind Bloom Boss Battle","floor":36.0,"turns":5.0},{"damage":83,"enemies":"2 Orb Walkers","floor":38,"turns":9},{"damage":0,"enemies":"Orb Walker","floor":39,"turns":3},{"damage":0,"enemies":"Jaw Worm Horde","floor":44,"turns":4},{"damage":21,"enemies":"Spire Growth","floor":45,"turns":5},{"damage":16,"enemies":"Reptomancer","floor":46,"turns":10},{"damage":16,"enemies":"Writhing Mass","floor":47,"turns":8},{"damage":1,"enemies":"Sphere and 2 Shapes","floor":48,"turns":3},{"damage":59,"enemies":"Awakened One","floor":50,"turns":11}],"seed_played":"4477616991102923609","potions_obtained":[{"floor":1.0,"key":"BlessingOfTheForge"},{"floor":7.0,"key":"Fruit Juice"},{"floor":11.0,"key":"BlessingOfTheForge"},{"floor":16.0,"key":"BlessingOfTheForge"},{"floor":18.0,"key":"Energy Potion"},{"floor":21.0,"key":"Regen Potion"},{"floor":22.0,"key":"ColorlessPotion"},{"floor":24.0,"key":"BloodPotion"},{"floor":25.0,"key":"Swift Potion"},{"floor":27.0,"key":"EntropicBrew"},{"floor":29.0,"key":"EssenceOfSteel"},{"floor":30.0,"key":"PowerPotion"},{"floor":33.0,"key":"SteroidPotion"},{"floor":35.0,"key":"PowerPotion"},{"floor":36.0,"key":"DuplicationPotion"},{"floor":38,"key":"SmokeBomb"},{"floor":39,"key":"AttackPotion"},{"floor":44,"key":"Dexterity Potion"},{"floor":45,"key":"Fruit Juice"},{"floor":46,"key":"PowerPotion"},{"floor":47,"key":"Regen Potion"}],"is_trial":false,"path_per_floor":["M","?","?","?","M","E","M","R","T","?","E","R","$","?","R","B",null,"M","$","M","M","M","R","M","M","T","E","R","E","M","?","R","B",null,"M","?","$","?","M","R","$","?","T","M","M","E","M","M","R","B",null],"character_chosen":"IRONCLAD","items_purchased":["Membership Card","Heavy Blade","Shrug It Off","Feel No Pain","Purity","Feel No Pain","Dexterity Potion","Reaper","Master of Strategy","Good Instincts","Regal Pillow"],"campfire_rested":7,"item_purchase_floors":[13,13,13,19,19,37,37,37,41,41,41],"current_hp_per_floor":[53,53,46,39,43,17,15,44,44,44,27,52,52,52,77,47,76,62,62,47,45,30,55,41,50,50,10,35,33,41,25,52,43,78,61,83,83,16,24,51,51,51,51,80,80,93,93,95,95,95],"gold":204,"neow_bonus":"ONE_RARE_RELIC","is_daily":false,"chose_seed":false,"campfire_upgraded":1,"win_rate":0.0,"timestamp":1607785425,"path_taken":["M","?","?","?","M","E","M","R","T","?","E","R","$","?","R","BOSS","M","$","M","M","M","R","M","M","T","E","R","E","M","?","R","BOSS","M","?","$","?","M","R","$","?","T","?","M","E","M","M","R","BOSS"],"items_purchased_type":["Relic","Card","Card","Card","Card","Card","Potion","Card","Card","Card","Relic"],"build_version":"2020-11-30","purchased_purges":2,"victory":true,"max_hp_per_floor":[80,80,80,80,80,80,80,85,85,85,85,85,85,85,85,85,85,85,85,85,85,85,85,85,85,85,85,85,85,85,90,90,90,90,90,90,90,90,90,90,90,90,90,90,90,95,95,95,95,95],"card_choices":[{"not_picked":["Rage","Headbutt"],"picked":"Infernal Blade","floor":1.0},{"not_picked":["Reckless Charge","Pummel"],"picked":"Shrug It Off","floor":1.0},{"not_picked":["Armaments","Twin Strike"],"picked":"Sword Boomerang","floor":5.0},{"not_picked":["Burning Pact","Headbutt"],"picked":"Seeing Red","floor":5.0},{"not_picked":["Thunderclap","Pommel Strike"],"picked":"Barricade","floor":6.0},{"not_picked":["Clash","Warcry"],"picked":"True Grit","floor":7.0},{"not_picked":["Bloodletting","Cleave"],"picked":"Feel No Pain","floor":7.0},{"not_picked":["Dual Wield","Anger"],"picked":"Iron Wave","floor":11.0},{"not_picked":["Berserk","Double Tap"],"picked":"Demon Form","floor":16.0},{"not_picked":["Burning Pact","Inflame"],"picked":"Entrench","floor":18.0},{"not_picked":["Anger","Twin Strike"],"picked":"Body Slam","floor":18.0},{"not_picked":["Battle Trance","Rupture"],"picked":"Flex+1","floor":20.0},{"not_picked":["Perfected Strike+1","Clothesline"],"picked":"Armaments","floor":20.0},{"not_picked":["Thunderclap","Armaments"],"picked":"Entrench","floor":21.0},{"not_picked":["Sever Soul","Perfected Strike","Second Wind"],"picked":"SKIP","floor":21.0},{"not_picked":["Reckless Charge","True Grit+1"],"picked":"Feel No Pain","floor":22.0},{"not_picked":["Anger+1","Blood for Blood","Twin Strike+1"],"picked":"SKIP","floor":22.0},{"not_picked":["Searing Blow+1","Feel No Pain"],"picked":"Flex","floor":24.0},{"not_picked":["Warcry","Anger"],"picked":"Pummel","floor":24.0},{"not_picked":["Headbutt","Wild Strike+1","True Grit"],"picked":"SKIP","floor":25.0},{"not_picked":["Spot Weakness+1","Havoc","Wild Strike"],"picked":"SKIP","floor":25.0},{"not_picked":["Body Slam+1","Blood for Blood"],"picked":"Limit Break","floor":27.0},{"not_picked":["Sword Boomerang","Armaments"],"picked":"Impervious","floor":29.0},{"not_picked":["Warcry","Spot Weakness"],"picked":"Infernal Blade","floor":30.0},{"not_picked":["Heavy Blade","Wild Strike"],"picked":"Pommel Strike","floor":30.0},{"not_picked":["Exhume","Bludgeon"],"picked":"Reaper","floor":33.0},{"not_picked":["Wild Strike","Clash"],"picked":"Battle Trance","floor":35.0},{"not_picked":["Anger","Clothesline+1","Havoc"],"picked":"SKIP","floor":35.0},{"not_picked":["Dropkick","Reckless Charge+1"],"picked":"Reaper","floor":38},{"not_picked":["Sever Soul+1","Blood for Blood+1"],"picked":"Armaments+1","floor":39},{"not_picked":["Perfected Strike+1","Sword Boomerang"],"picked":"Body Slam+1","floor":39},{"not_picked":["Heavy Blade+1","Wild Strike"],"picked":"Sword Boomerang+1","floor":44},{"not_picked":["Thunderclap","Rampage"],"picked":"Pommel Strike","floor":44},{"not_picked":["Pommel Strike+1","Sever Soul"],"picked":"Entrench+1","floor":45},{"not_picked":["Perfected Strike","Heavy Blade+1"],"picked":"Dark Embrace+1","floor":45},{"not_picked":["Feed","Wild Strike","Clothesline+1"],"picked":"SKIP","floor":46},{"not_picked":["Sword Boomerang+1","Thunderclap"],"picked":"Feel No Pain+1","floor":47},{"not_picked":["Perfected Strike","Heavy Blade","Warcry+1"],"picked":"SKIP","floor":47},{"not_picked":["Iron Wave","Armaments+1"],"picked":"Pommel Strike","floor":48},{"not_picked":["Iron Wave","True Grit","Dark Embrace"],"picked":"SKIP","floor":48}],"player_experience":1951510,"relics_obtained":[{"floor":6.0,"key":"White Beast Statue"},{"floor":9.0,"key":"Letter Opener"},{"floor":11.0,"key":"Blood Vial"},{"floor":26.0,"key":"Peace Pipe"},{"floor":27.0,"key":"CaptainsWheel"},{"floor":29.0,"key":"Anchor"},{"floor":36.0,"key":"Charon\u0027s Ashes"},{"floor":38,"key":"Pocketwatch"},{"floor":43,"key":"Smiling Mask"},{"floor":46,"key":"Bird Faced Urn"}],"event_choices":[{"cards_removed":["Strike_R"],"damage_healed":0.0,"max_hp_gain":0.0,"max_hp_loss":0.0,"gold_gain":0.0,"event_name":"The Cleric","player_choice":"Card Removal","floor":2.0,"gold_loss":50.0,"damage_taken":0.0},{"damage_healed":0.0,"max_hp_gain":0.0,"max_hp_loss":0.0,"gold_gain":0.0,"event_name":"Scrap Ooze","player_choice":"Success","floor":3.0,"gold_loss":0.0,"damage_taken":7.0,"relics_obtained":["MawBank"]},{"cards_removed":["Strike_R"],"damage_healed":0.0,"max_hp_gain":0.0,"max_hp_loss":0.0,"gold_gain":0.0,"event_name":"Golden Wing","player_choice":"Card Removal","floor":4.0,"gold_loss":0.0,"damage_taken":7.0},{"damage_healed":0.0,"max_hp_gain":0.0,"max_hp_loss":0.0,"gold_gain":0.0,"event_name":"World of Goop","player_choice":"Left Gold","floor":10.0,"gold_loss":41.0,"damage_taken":0.0},{"cards_removed":["Strike_R"],"damage_healed":0.0,"max_hp_gain":0.0,"max_hp_loss":0.0,"gold_gain":0.0,"event_name":"Bonfire Elementals","player_choice":"Offered Basic","floor":14.0,"gold_loss":0.0,"damage_taken":0.0},{"damage_healed":0.0,"max_hp_gain":5.0,"max_hp_loss":0.0,"gold_gain":0.0,"event_name":"Forgotten Altar","player_choice":"Shed Blood","floor":31.0,"gold_loss":0.0,"damage_taken":21.0},{"damage_healed":0.0,"max_hp_gain":0.0,"max_hp_loss":0.0,"gold_gain":0.0,"event_name":"MindBloom","player_choice":"Fight","floor":36.0,"gold_loss":0.0,"damage_taken":0.0},{"damage_healed":0,"gold_gain":0,"player_choice":"Fight","damage_taken":0,"max_hp_gain":0,"max_hp_loss":0,"event_name":"Mysterious Sphere","floor":38,"gold_loss":0},{"damage_healed":0,"gold_gain":0,"player_choice":"Upgraded","damage_taken":0,"max_hp_gain":0,"max_hp_loss":0,"event_name":"Upgrade Shrine","floor":42,"gold_loss":0,"cards_upgraded":["Body Slam"]}],"is_beta":false,"boss_relics":[{"not_picked":["Runic Cube","Velvet Choker"],"picked":"Mark of Pain"},{"not_picked":["Runic Dome","Fusion Hammer"],"picked":"Runic Pyramid"}],"items_purged_floors":[19,37],"is_endless":false,"potions_floor_spawned":[1,7,11,16,18,20,21,22,24,25,27,29,30,33,35,36,38,39,44,45,46,47,48],"ascension_level":7}}