{"host":"q2l6xtlpu05lrop8","time":1607809301,"event":{"mods":["AchievementEnabler","BaseMod","BetterRewards","Colored Map","Downfall","Googly Eyes","Minty Spire (QoL Compilation)","StSLib","The IronCluck","slay the spire mod where everything is the same but ironclad has a cowboy hat"],"gold_per_floor":[99,121,145,145,173,192,218,218,256,256,265,109,122,146,176,176,176],"floor_reached":16,"playtime":1163,"items_purged":["Regret"],"score":114,"play_id":"05e27ef3-5d48-47dd-874d-792e18775a2a","local_time":"20201212134141","is_ascension_mode":true,"campfire_choices":[{"data":"sneckomod:SnekBite","floor":1,"key":"SMITH"},{"data":"sneckomod:WideSting","floor":8,"key":"SMITH"},{"floor":10,"key":"REST"}],"circlet_count":0,"master_deck":["sneckomod:Strike","sneckomod:Strike","sneckomod:Defend+1","sneckomod:Defend","sneckomod:Defend","sneckomod:TailWhip+1","sneckomod:SnekBite+1","sneckomod:Unknown","sneckomod:Unknown","sneckomod:QuickMove","sneckomod:UnknownStrength+1","sneckomod:UnknownClassRED","sneckomod:WideSting+1","sneckomod:MasterEye","sneckomod:SoulExchange","expansioncontent:CaCaw","sneckomod:Nope","sneckomod:DangerNoodle","sneckomod:QuickMove"],"relics":["sneckomod:SneckoSoul","CeramicFish","PreservedInsect","Centennial Puzzle"],"acts_visited":["Exordium"],"potions_floor_usage":[5,9,14,16],"damage_taken":[{"damage":7,"enemies":"Jaw Worm","floor":2,"turns":3},{"damage":0,"enemies":"Cultist","floor":3,"turns":3},{"damage":0,"enemies":"Small Slimes","floor":5,"turns":4},{"damage":44,"enemies":"Exordium Thugs","floor":6,"turns":7},{"damage":14,"enemies":"Gremlin Nob","floor":9,"turns":3},{"damage":2,"enemies":"downfall:FleeingMerchant","floor":12,"turns":4},{"damage":18,"enemies":"Large Slime","floor":13,"turns":5},{"damage":9,"enemies":"Lots of Slimes","floor":14,"turns":2},{"damage":8,"enemies":"3 Louse","floor":15,"turns":3},{"damage":47,"enemies":"downfall:Ironclad","floor":16,"turns":9}],"seed_played":"-7135855041545625421","potions_obtained":[{"floor":2,"key":"Energy Potion"},{"floor":5,"key":"SpeedPotion"},{"floor":6,"key":"Swift Potion"},{"floor":14,"key":"Explosive Potion"}],"is_trial":false,"path_per_floor":["R","M","M","?","M","M","T","R","E","R","?","$","M","M","M","B"],"character_chosen":"THE_SNECKO","items_purchased":["expansioncontent:CaCaw"],"campfire_rested":1,"item_purchase_floors":[12],"current_hp_per_floor":[90,83,84,84,85,41,41,41,27,54,54,52,34,25,17,0,0],"gold":176,"neow_bonus":"RANDOM_COMMON_RELIC","is_daily":false,"chose_seed":false,"campfire_upgraded":2,"win_rate":0.0,"timestamp":1607809301,"path_taken":["R","M","M","?","M","?","T","R","E","R","?","$","M","M","M","BOSS"],"items_purchased_type":["Card"],"build_version":"2020-11-30","purchased_purges":1,"victory":false,"max_hp_per_floor":[90,90,91,91,92,92,92,92,92,92,92,92,92,92,92,92,92],"card_choices":[{"not_picked":["sneckomod:UnknownCommonAttack","sneckomod:SnekBeam"],"picked":"sneckomod:QuickMove","floor":2},{"not_picked":["sneckomod:QuickBite","sneckomod:SoulDraw"],"picked":"sneckomod:UnknownStrength","floor":3},{"not_picked":["sneckomod:UnknownClassHEXA_GHOST_PURPLE","sneckomod:Unknown0Cost"],"picked":"sneckomod:UnknownClassRED","floor":5},{"not_picked":["sneckomod:SoulRoll","sneckomod:TrashToTreasure"],"picked":"sneckomod:WideSting","floor":6},{"not_picked":["sneckomod:UnknownStrike","sneckomod:UnknownClassPURPLE"],"picked":"sneckomod:MasterEye","floor":9},{"not_picked":["sneckomod:QuickBite","sneckomod:Unknown0Cost"],"picked":"sneckomod:SoulExchange","floor":12},{"not_picked":["sneckomod:SoulRoll","sneckomod:UnknownClassBLUE","sneckomod:QuickMove"],"picked":"SKIP","floor":13},{"not_picked":["sneckomod:DiceBlock","sneckomod:TrashToTreasure"],"picked":"sneckomod:Nope","floor":14},{"not_picked":["sneckomod:PureSnecko","sneckomod:WideSting"],"picked":"sneckomod:DangerNoodle","floor":15},{"not_picked":["sneckomod:UnknownClassPURPLE","sneckomod:DiceBlock"],"picked":"sneckomod:QuickMove","floor":15}],"player_experience":843732,"relics_obtained":[{"floor":7,"key":"PreservedInsect"},{"floor":9,"key":"Centennial Puzzle"}],"event_choices":[{"cards_removed":["sneckomod:Strike"],"damage_healed":0,"gold_gain":0,"player_choice":"Purged","damage_taken":0,"max_hp_gain":0,"max_hp_loss":0,"event_name":"Purifier","floor":4,"gold_loss":0}],"is_beta":false,"boss_relics":[],"items_purged_floors":[12],"is_endless":false,"potions_floor_spawned":[2,5,6,14],"killed_by":"downfall:Ironclad","ascension_level":2}}