{"host":"Ian","time":1607779041,"event":{"mods":["BaseMod","Bestiary","Block Reminder","Colored Map","Highlight Path","Key Reminder","Minty Spire (QoL Compilation)","Relic Stats"],"gold_per_floor":[115,115,133,153,153,178,178,193,273,307,322,322,56,68,68,141,141,155,173,73,92,92,92,122,122,149,160,160,160,75,91,91,91,91],"floor_reached":33,"playtime":1410,"items_purged":["Pain","Strike_R"],"score":554,"play_id":"62d3190f-0a71-4aba-be9d-19ece974feac","local_time":"20201212131721","is_ascension_mode":true,"campfire_choices":[{"floor":7.0,"key":"REST"},{"floor":12.0,"key":"REST"},{"data":"Berserk","floor":15,"key":"SMITH"},{"floor":23,"key":"REST"},{"floor":28,"key":"REST"},{"floor":32,"key":"REST"}],"circlet_count":0,"master_deck":["AscendersBane","Strike_R","Strike_R","Strike_R","Strike_R","Defend_R","Defend_R","Defend_R","Defend_R","Bash","Pommel Strike","Evolve","Thunderclap","Armaments","Berserk+1","Clothesline","Burning Pact","Bludgeon","Warcry+1","Perfected Strike"],"relics":["Busted Crown","WarpedTongs","Thread and Needle","Mummified Hand","Bronze Scales","Runic Dome","Pen Nib","keyreminder:keyreminder","Dream Catcher"],"acts_visited":["Exordium","TheCity"],"potions_floor_usage":[16,19,24,31],"damage_taken":[{"damage":5.0,"enemies":"2 Louse","floor":1.0,"turns":3.0},{"damage":5.0,"enemies":"Cultist","floor":3.0,"turns":3.0},{"damage":0.0,"enemies":"Jaw Worm","floor":4.0,"turns":3.0},{"damage":34.0,"enemies":"Gremlin Nob","floor":6.0,"turns":4.0},{"damage":5.0,"enemies":"Looter","floor":8.0,"turns":3.0},{"damage":10.0,"enemies":"3 Sentries","floor":10.0,"turns":7.0},{"damage":5.0,"enemies":"Blue Slaver","floor":11.0,"turns":3.0},{"damage":0.0,"enemies":"Large Slime","floor":14.0,"turns":4.0},{"damage":9,"enemies":"Hexaghost","floor":16,"turns":9},{"damage":28,"enemies":"2 Thieves","floor":18,"turns":5},{"damage":9,"enemies":"Spheric Guardian","floor":19,"turns":4},{"damage":15,"enemies":"Snake Plant","floor":21,"turns":2},{"damage":39,"enemies":"Slavers","floor":24,"turns":6},{"damage":8,"enemies":"Cultist and Chosen","floor":27,"turns":7},{"damage":18,"enemies":"3 Cultists","floor":31,"turns":4},{"damage":30,"enemies":"Collector","floor":33,"turns":3}],"seed_played":"4976345723143562882","potions_obtained":[{"floor":3.0,"key":"Energy Potion"},{"floor":6.0,"key":"Strength Potion"},{"floor":11.0,"key":"SpeedPotion"},{"floor":18,"key":"ColorlessPotion"},{"floor":21,"key":"BloodPotion"},{"floor":31,"key":"Explosive Potion"}],"is_trial":false,"path_per_floor":["M","?","M","M","?","E","R","M","T","E","M","R","$","M","R","B",null,"M","M","$","M","?","R","E","?","T","M","R","?","?","M","R","B"],"character_chosen":"IRONCLAD","items_purchased":["Berserk","Clothesline"],"campfire_rested":5,"item_purchase_floors":[13,13],"current_hp_per_floor":[63,63,58,58,58,24,46,41,41,31,26,48,48,48,48,39,66,38,29,29,14,14,36,12,12,12,4,26,26,26,8,30,0,0],"gold":91,"neow_bonus":"BOSS_RELIC","is_daily":false,"chose_seed":false,"campfire_upgraded":1,"win_rate":0.0,"timestamp":1607779041,"path_taken":["M","?","M","?","?","E","R","M","T","E","M","R","$","M","R","BOSS","M","M","$","M","?","R","E","?","T","M","R","?","?","M","R","BOSS"],"items_purchased_type":["Card","Card"],"build_version":"2020-12-07","purchased_purges":2,"victory":false,"max_hp_per_floor":[75,75,75,75,75,75,75,75,75,75,75,75,75,75,75,75,75,75,75,75,75,75,75,75,75,75,75,75,75,75,75,75,75,75],"relic_stats":{"Dream Catcher":1,"Busted Crown":32,"counters":[16,70],"Mummified Hand":[28],"Bronze Scales":[134],"Pen Nib":[2],"obtain_stats":[{"keyreminder:keyreminder":26,"Runic Dome":17,"Dream Catcher":30,"Busted Crown":0,"Mummified Hand":9,"Bronze Scales":10,"Thread and Needle":6,"Pen Nib":24,"Burning Blood":0,"WarpedTongs":2},{"keyreminder:keyreminder":13,"Runic Dome":9,"Dream Catcher":14,"Busted Crown":0,"Mummified Hand":5,"Bronze Scales":6,"Thread and Needle":4,"Pen Nib":13,"Burning Blood":0,"WarpedTongs":1},{"keyreminder:keyreminder":56,"Runic Dome":39,"Dream Catcher":63,"Busted Crown":0,"Mummified Hand":16,"Bronze Scales":23,"Thread and Needle":13,"Pen Nib":56,"Burning Blood":0,"WarpedTongs":3}],"WarpedTongs":[66]},"card_choices":[{"not_picked":["Warcry"],"picked":"SKIP","floor":1.0},{"not_picked":[],"picked":"Pommel Strike","floor":3.0},{"not_picked":[],"picked":"Evolve","floor":4.0},{"not_picked":[],"picked":"Thunderclap","floor":6.0},{"not_picked":[],"picked":"Armaments","floor":8.0},{"not_picked":["Seeing Red"],"picked":"SKIP","floor":10.0},{"not_picked":["Pommel Strike"],"picked":"SKIP","floor":11.0},{"not_picked":[],"picked":"Burning Pact","floor":14.0},{"not_picked":[],"picked":"Bludgeon","floor":16},{"not_picked":[],"picked":"Warcry+1","floor":18},{"not_picked":["Anger"],"picked":"SKIP","floor":19},{"not_picked":["Clash"],"picked":"SKIP","floor":21},{"not_picked":["Armaments"],"picked":"SKIP","floor":24},{"not_picked":["Sentinel"],"picked":"SKIP","floor":27},{"not_picked":["Hemokinesis"],"picked":"SKIP","floor":31},{"not_picked":[],"picked":"Perfected Strike","floor":32}],"player_experience":2501607,"relics_obtained":[{"floor":6.0,"key":"Thread and Needle"},{"floor":9.0,"key":"Mummified Hand"},{"floor":10.0,"key":"Bronze Scales"},{"floor":24,"key":"Pen Nib"}],"event_choices":[{"damage_healed":0.0,"max_hp_gain":0.0,"max_hp_loss":0.0,"gold_gain":0.0,"event_name":"Accursed Blacksmith","player_choice":"Rummage","floor":2.0,"gold_loss":0.0,"damage_taken":0.0,"relics_obtained":["WarpedTongs"],"cards_obtained":["Pain"]},{"damage_healed":0.0,"max_hp_gain":0.0,"max_hp_loss":0.0,"gold_gain":0.0,"event_name":"Liars Game","player_choice":"Ignored","floor":5.0,"gold_loss":0.0,"damage_taken":0.0},{"damage_healed":0,"gold_gain":0,"player_choice":"Smashed Altar","damage_taken":0,"max_hp_gain":0,"max_hp_loss":0,"event_name":"Forgotten Altar","floor":22,"gold_loss":0,"cards_obtained":["Decay"]},{"damage_healed":0,"gold_gain":0,"player_choice":"Ignored","damage_taken":0,"max_hp_gain":0,"max_hp_loss":0,"event_name":"The Mausoleum","floor":25,"gold_loss":0},{"cards_removed":["Decay"],"damage_healed":0,"gold_gain":0,"player_choice":"Elegance","damage_taken":0,"max_hp_gain":0,"max_hp_loss":0,"event_name":"Back to Basics","floor":29,"gold_loss":0},{"damage_healed":0,"gold_gain":0,"player_choice":"Obtained Relic","damage_taken":0,"relics_obtained":["Dream Catcher"],"max_hp_gain":0,"max_hp_loss":0,"event_name":"Addict","floor":30,"gold_loss":85}],"is_beta":true,"boss_relics":[{"not_picked":["Coffee Dripper","SacredBark"],"picked":"Runic Dome"}],"items_purged_floors":[13,20],"is_endless":false,"potions_floor_spawned":[3,6,11,18,21,31],"killed_by":"Collector","ascension_level":20}}