{"host":"hgkb2zpbo2dcws21","time":1607779618,"event":{"mods":["AchievementEnabler","BaseMod","Colored Map","Colored Powertips","Custom Start","DeckTracker","KOR Keyword Fix","Minty Spire (QoL Compilation)","StSLib","SuperFastMode"],"gold_per_floor":[109,109,124,144,154,154,174,207,207,207,207,13,13,13,13,13,13],"floor_reached":16,"playtime":780,"items_purged":[],"score":200,"play_id":"38d9b1ff-03e7-4013-a07d-a2eee9993b55","local_time":"20201212222658","is_ascension_mode":true,"campfire_choices":[{"data":"Juggernaut","floor":6,"key":"SMITH"},{"data":"Feed","floor":10,"key":"SMITH"},{"data":"Dark Embrace","floor":15,"key":"SMITH"}],"circlet_count":0,"master_deck":["AscendersBane","Strike_R+1","Strike_R","Strike_R","Strike_R","Strike_R+1","Defend_R","Defend_R","Defend_R+1","Defend_R","Bash","Shrug It Off","Shockwave+1","Juggernaut+1","Feed+1","Dark Embrace+1"],"relics":["Burning Blood","NeowsBlessing","TungstenRod","Ancient Tea Set","Whetstone","Membership Card","HornCleat","Golden Idol"],"acts_visited":["Exordium"],"potions_floor_usage":[8],"damage_taken":[{"damage":0,"enemies":"Cultist","floor":1,"turns":1},{"damage":0,"enemies":"2 Louse","floor":3,"turns":1},{"damage":0,"enemies":"Small Slimes","floor":4,"turns":1},{"damage":12,"enemies":"Looter","floor":5,"turns":3},{"damage":3,"enemies":"Blue Slaver","floor":7,"turns":5},{"damage":13,"enemies":"Lagavulin","floor":8,"turns":8},{"damage":41,"enemies":"Slime Boss","floor":16,"turns":6}],"seed_played":"6783363008650389852","potions_obtained":[{"floor":1,"key":"Fruit Juice"},{"floor":4,"key":"SteroidPotion"},{"floor":8,"key":"DuplicationPotion"}],"is_trial":false,"path_per_floor":["M","?","M","M","M","R","M","E","T","R","?","$","?","?","R","B"],"character_chosen":"IRONCLAD","items_purchased":["Membership Card","Dark Embrace"],"campfire_rested":0,"item_purchase_floors":[12,12],"current_hp_per_floor":[74,74,75,75,69,69,72,65,65,65,43,43,34,34,34,0,0],"gold":13,"neow_bonus":"THREE_ENEMY_KILL","is_daily":false,"chose_seed":false,"campfire_upgraded":3,"win_rate":0.0,"timestamp":1607779618,"path_taken":["M","?","M","?","M","R","M","E","T","R","?","$","?","?","R","BOSS"],"items_purchased_type":["Relic","Card"],"build_version":"2020-11-30","purchased_purges":0,"victory":false,"max_hp_per_floor":[75,75,75,75,75,75,75,75,75,75,75,75,75,68,68,68,68],"card_choices":[{"not_picked":["Spot Weakness","Iron Wave"],"picked":"Power Through","floor":1},{"not_picked":["Iron Wave","Pummel"],"picked":"Shrug It Off","floor":3},{"not_picked":["Shrug It Off","Twin Strike"],"picked":"Shockwave","floor":4},{"not_picked":["True Grit","Anger"],"picked":"Juggernaut","floor":5},{"not_picked":["Uppercut","Anger","Thunderclap"],"picked":"SKIP","floor":7},{"not_picked":["Perfected Strike","Shrug It Off"],"picked":"Feed","floor":8}],"player_experience":1071557,"relics_obtained":[{"floor":8,"key":"Ancient Tea Set"},{"floor":9,"key":"Whetstone"}],"event_choices":[{"cards_removed":["Power Through"],"damage_healed":0,"gold_gain":0,"player_choice":"Gave Card","damage_taken":0,"relics_obtained":["TungstenRod"],"max_hp_gain":0,"max_hp_loss":0,"event_name":"WeMeetAgain","floor":2,"gold_loss":0},{"damage_healed":0,"gold_gain":0,"player_choice":"Entered Light","damage_taken":23,"max_hp_gain":0,"max_hp_loss":0,"event_name":"Shining Light","floor":11,"gold_loss":0,"cards_upgraded":["Defend_R","Shockwave"]},{"damage_healed":0,"gold_gain":0,"player_choice":"Success","damage_taken":11,"relics_obtained":["HornCleat"],"max_hp_gain":0,"max_hp_loss":0,"event_name":"Scrap Ooze","floor":13,"gold_loss":0},{"damage_healed":0,"gold_gain":0,"player_choice":"Lose Max HP","damage_taken":0,"relics_obtained":["Golden Idol"],"max_hp_gain":0,"max_hp_loss":7,"event_name":"Golden Idol","floor":14,"gold_loss":0}],"is_beta":false,"boss_relics":[],"items_purged_floors":[],"is_endless":false,"potions_floor_spawned":[1,4,8],"killed_by":"Slime Boss","ascension_level":20}}