{"host":"kx62hxkutszy5nb0","time":1607777197,"event":{"mods":["2.2 Compatiblity","AchievementEnabler","Aspiration","BaseMod","Better Altar","Better Match","Better Note","Better Sensory Stone","Better Skull","Better Third Choice","Better Vampires","CCEM","Colored Map","Colored Powertips","Conspire","Custom Start","Defuse TimeMaze Blight","Displayed Cursed Tome","Downfall","Fiend Mod","Hermit","Hubris","Infinite Spire","Jorbs\u0027s Wanderer Trilogy","Koishi","Marked Mod","Minty Spire (QoL Compilation)","Prisma Mod","Relic Sorter","Relic Stats","Replay The Spire","Shade Mod","Shop Mod","Spikes Relics","StSLib","Td1madao Mod","The Alterego","The Bladedancer","The Construct","The Cursed","The Exalted","The Forsaken","The Hierophant","The Judge","The Jungle","The Trickster","TheSwordswoman","TheWitcher","Virulent Crown","everything is the same but u backflip on backflip"],"gold_per_floor":[117,127,143,163,163,163,176,195,195,195,39,39,92,111,111,216,216,235,221,221,221,236,236,236,269,293,293,293,303,303,314,314,437,437,482,223,250,250,250,59,59,74,74,89,89,113,135,161,161,161],"floor_reached":51,"playtime":3155,"items_purged":[],"score":868,"play_id":"3d3c2c9f-2adc-49b2-a0fd-b17c69320a4e","local_time":"20201212224637","is_ascension_mode":false,"campfire_choices":[{"data":"theTrickster:FancyCape","floor":6,"key":"SMITH"},{"data":"theTrickster:SmokeOfConfusion","floor":12,"key":"SMITH"},{"data":"theTrickster:NickAndSkid","floor":15,"key":"SMITH"},{"data":"theTrickster:MistForm","floor":23,"key":"SMITH"},{"data":"theTrickster:RampingUpStrike","floor":30,"key":"SMITH"},{"data":"theTrickster:KillThemAll","floor":32,"key":"SMITH"},{"floor":45,"key":"REST"},{"data":"theTrickster:DejaVu","floor":49,"key":"SMITH"}],"circlet_count":0,"master_deck":["theTrickster:Defend_Brown","theTrickster:Defend_Brown","theTrickster:Defend_Brown","theTrickster:Defend_Brown","theTrickster:Defend_Brown","theTrickster:DaringSlash","theTrickster:BackStep","theTrickster:CautiousManeuver","theTrickster:KillThemAll+1","theTrickster:FirstAidKit","theTrickster:FancyCape+1","theTrickster:SmokeOfConfusion+1","theTrickster:BladeSurge","theTrickster:NickAndSkid+1","theTrickster:MistForm+1","theTrickster:RampingUpStrike+1","theTrickster:IntrepidRush+1","theTrickster:SwiftSlash","theTrickster:CautiousManeuver+1","Bite","Bite","Bite","Bite","Bite","theTrickster:CapriciousThrust+1","theTrickster:Feint","theTrickster:TriedTechniques","theTrickster:Practice+1","theTrickster:EyeForEye","theTrickster:PistolWhip","theTrickster:UpThePace","theTrickster:UpThePace","theTrickster:Repetition+1","theTrickster:DejaVu+1","theTrickster:SwiftSlash+1","theTrickster:DeepPockets+1"],"relics":["theTrickster:OpticalIllusionRelic","NeowsBlessing","theForsaken:Gavel","Bromod:ArcaneConsequence","infinitespire:PuzzleCube","conspire:RoyalGoblet","ExplosiveVial","theTrickster:IllusoryBannerRelic","ReplayFunnel","Ancient Tea Set","infinitespire:EvilPickle","theTrickster:RunicTorusRelic","theForsaken:ScaryMask","ReplayTheSpireMod:Lightbulb","ReplayTheSpireMod:TigerMarble"],"acts_visited":["Exordium","TheCity","TheBeyond"],"potions_floor_usage":[18,18,18,22,25,33,44,46,50,50],"damage_taken":[{"damage":0,"enemies":"Cultist","floor":1,"turns":1},{"damage":0,"enemies":"Small Slimes","floor":2,"turns":1},{"damage":0,"enemies":"Jaw Worm","floor":3,"turns":1},{"damage":0,"enemies":"Looter","floor":4,"turns":4},{"damage":9,"enemies":"Lots of Slimes","floor":7,"turns":4},{"damage":4,"enemies":"2 Fungi Beasts","floor":8,"turns":4},{"damage":0,"enemies":"3 Louse","floor":14,"turns":2},{"damage":21,"enemies":"Slime Boss","floor":16,"turns":9},{"damage":0,"enemies":"Chosen","floor":18,"turns":4},{"damage":6,"enemies":"2 Thieves","floor":19,"turns":4},{"damage":5,"enemies":"Snecko","floor":22,"turns":4},{"damage":33,"enemies":"conspire:MimicChest","floor":25,"turns":7},{"damage":0,"enemies":"Centurion and Healer","floor":29,"turns":5},{"damage":0,"enemies":"Shelled Parasite and Fungi","floor":31,"turns":4},{"damage":24,"enemies":"Pondfish","floor":33,"turns":8},{"damage":0,"enemies":"3 Shapes","floor":35,"turns":4},{"damage":22,"enemies":"Orb Walker","floor":37,"turns":5},{"damage":15,"enemies":"3 Darklings","floor":42,"turns":4},{"damage":27,"enemies":"Transient","floor":44,"turns":5},{"damage":5,"enemies":"Writhing Mass","floor":46,"turns":5},{"damage":0,"enemies":"Sphere and 2 Shapes","floor":47,"turns":3},{"damage":0,"enemies":"Jaw Worm Horde","floor":48,"turns":5},{"damage":18,"enemies":"Donu and Deca","floor":50,"turns":6}],"seed_played":"3753989910070891796","potions_obtained":[{"floor":2,"key":"Fire Potion"},{"floor":7,"key":"theTrickster:PresciencePotion"},{"floor":8,"key":"AttackPotion"},{"floor":19,"key":"PowerPotion"},{"floor":22,"key":"SteroidPotion"},{"floor":31,"key":"Weak Potion"},{"floor":42,"key":"SkillPotion"},{"floor":44,"key":"Energy Potion"},{"floor":47,"key":"CultistPotion"},{"floor":48,"key":"ColorlessPotion"}],"is_trial":false,"path_per_floor":["M","M","M","M","?","R","M","M","T","?","$","R","T","M","R","B",null,"M","M","?","AVR","M","R","?","?","T","?","?","M","R","M","R","B",null,"M","$","M","AVR","?","$","?","M","T","M","R","M","M","M","R","B",null],"character_chosen":"THE_TRICKSTER","items_purchased":["Bromod:ArcaneConsequence","theForsaken:ScaryMask","theTrickster:PistolWhip","theTrickster:UpThePace"],"campfire_rested":1,"item_purchase_floors":[11,36,40,40],"current_hp_per_floor":[75,75,75,75,75,75,68,66,66,66,66,66,66,68,68,49,75,75,71,71,71,66,66,66,35,35,35,35,45,45,51,51,38,52,52,52,38,38,38,38,38,33,33,14,29,37,42,46,46,41],"gold":161,"neow_bonus":"THREE_ENEMY_KILL","is_daily":false,"chose_seed":false,"campfire_upgraded":7,"win_rate":0.0,"timestamp":1607777197,"path_taken":["M","?","?","M","?","R","M","M","T","?","$","R","?","M","R","BOSS","M","M","?","AVR","M","R","?","?","T","?","?","M","R","M","R","BOSS","M","$","M","AVR","?","$","?","?","T","?","R","M","M","M","R","BOSS"],"items_purchased_type":["Relic","Relic","Card","Card"],"build_version":"2020-11-30","purchased_purges":0,"victory":true,"max_hp_per_floor":[75,75,75,75,75,75,75,75,75,75,75,75,75,75,75,75,75,75,75,75,75,75,75,75,75,75,75,52,52,52,52,52,52,52,52,52,52,52,52,52,52,52,52,52,52,52,52,52,52,55],"relic_stats":{"counters":[23,99],"obtain_stats":[{"ReplayFunnel":25,"theForsaken:ScaryMask":36,"NeowsBlessing":0,"conspire:RoyalGoblet":17,"theForsaken:Gavel":9,"Ancient Tea Set":26,"Bromod:ArcaneConsequence":11,"infinitespire:EvilPickle":33,"theTrickster:RunicTorusRelic":34,"theTrickster:OpticalIllusionRelic":0,"ExplosiveVial":21,"ReplayTheSpireMod:TigerMarble":43,"ReplayTheSpireMod:Lightbulb":38,"infinitespire:PuzzleCube":13,"theTrickster:IllusoryBannerRelic":21},{"ReplayFunnel":12,"theForsaken:ScaryMask":16,"NeowsBlessing":0,"conspire:RoyalGoblet":8,"theForsaken:Gavel":6,"Ancient Tea Set":12,"Bromod:ArcaneConsequence":6,"infinitespire:EvilPickle":15,"theTrickster:RunicTorusRelic":15,"theTrickster:OpticalIllusionRelic":0,"ExplosiveVial":10,"ReplayTheSpireMod:TigerMarble":18,"ReplayTheSpireMod:Lightbulb":17,"infinitespire:PuzzleCube":6,"theTrickster:IllusoryBannerRelic":10},{"ReplayFunnel":45,"theForsaken:ScaryMask":66,"NeowsBlessing":0,"conspire:RoyalGoblet":26,"theForsaken:Gavel":15,"Ancient Tea Set":45,"Bromod:ArcaneConsequence":15,"infinitespire:EvilPickle":62,"theTrickster:RunicTorusRelic":62,"theTrickster:OpticalIllusionRelic":0,"ExplosiveVial":34,"ReplayTheSpireMod:TigerMarble":75,"ReplayTheSpireMod:Lightbulb":71,"infinitespire:PuzzleCube":15,"theTrickster:IllusoryBannerRelic":34}]},"card_choices":[{"not_picked":["theTrickster:OminousSmile","theTrickster:SmokeAndMirrors"],"picked":"theTrickster:CautiousManeuver","floor":1},{"not_picked":["theTrickster:CreateAnOpening","theTrickster:DivingSlice"],"picked":"theTrickster:KillThemAll","floor":2},{"not_picked":["theTrickster:Firecrackers","theTrickster:ThickVest"],"picked":"theTrickster:FirstAidKit","floor":3},{"not_picked":["theTrickster:DebilitatingShot","theTrickster:ImpulsiveStrike"],"picked":"theTrickster:FancyCape","floor":4},{"not_picked":["theTrickster:LightTrick","theTrickster:SwiftSlash"],"picked":"theTrickster:SmokeOfConfusion","floor":7},{"not_picked":["theTrickster:Parry","theTrickster:BattlePlan"],"picked":"theTrickster:BladeSurge","floor":8},{"not_picked":["theTrickster:FirstAidKit","theTrickster:DivingSlice"],"picked":"theTrickster:NickAndSkid","floor":14},{"not_picked":["theTrickster:Safeguard","theTrickster:BulletRain"],"picked":"theTrickster:MistForm","floor":16},{"not_picked":["theTrickster:StopTheBleeding+1","theTrickster:NickAndSkid"],"picked":"theTrickster:RampingUpStrike","floor":18},{"not_picked":["theTrickster:RampingUpDefend","theTrickster:RecklessShot"],"picked":"theTrickster:IntrepidRush+1","floor":19},{"not_picked":["theTrickster:BetterSafe","theTrickster:Parry"],"picked":"theTrickster:SwiftSlash","floor":22},{"not_picked":["theTrickster:Audacity","theTrickster:TacticalDefend"],"picked":"theTrickster:CautiousManeuver+1","floor":25},{"not_picked":["theTrickster:StudiedSnipe","theTrickster:BetterSafe"],"picked":"theTrickster:CapriciousThrust+1","floor":29},{"not_picked":["theTrickster:TacticalDefend","theTrickster:StudiedSnipe+1"],"picked":"theTrickster:Feint","floor":31},{"not_picked":["theTrickster:ForbiddenMedicine","theTrickster:BlurTheLines"],"picked":"theTrickster:TriedTechniques","floor":33},{"not_picked":["theTrickster:ThickVest","theTrickster:Handicraft"],"picked":"theTrickster:Practice+1","floor":35},{"not_picked":["theTrickster:BetterSafe+1","theTrickster:PlayingWithFire+1"],"picked":"theTrickster:EyeForEye","floor":37},{"not_picked":["theTrickster:ImpulsiveDefend","theTrickster:DebilitatingShot+1","theTrickster:SmokeAndMirrors+1"],"picked":"SKIP","floor":42},{"not_picked":["theTrickster:KillThemAll+1","theTrickster:CreateAnOpening+1"],"picked":"theTrickster:Repetition+1","floor":44},{"not_picked":["theTrickster:TickingPackage","theTrickster:RampingUpDefend"],"picked":"theTrickster:DejaVu","floor":46},{"not_picked":["theTrickster:LightTrick","theTrickster:ImpulsiveDefend"],"picked":"theTrickster:SwiftSlash+1","floor":47},{"not_picked":["theTrickster:OminousSmile","theTrickster:SuperiorTactics"],"picked":"theTrickster:DeepPockets+1","floor":48}],"player_experience":740468,"relics_obtained":[{"floor":9,"key":"theForsaken:Gavel"},{"floor":13,"key":"infinitespire:PuzzleCube"},{"floor":25,"key":"ReplayFunnel"},{"floor":26,"key":"Ancient Tea Set"},{"floor":43,"key":"ReplayTheSpireMod:TigerMarble"}],"event_choices":[{"damage_healed":0,"gold_gain":0,"player_choice":"Leave","damage_taken":0,"max_hp_gain":0,"max_hp_loss":0,"event_name":"The Cleric","floor":5,"gold_loss":0},{"damage_healed":0,"gold_gain":0,"player_choice":"Ignored","damage_taken":0,"max_hp_gain":0,"max_hp_loss":0,"event_name":"Golden Wing","floor":10,"gold_loss":0},{"damage_healed":0,"gold_gain":0,"player_choice":"Ignored","damage_taken":0,"max_hp_gain":0,"max_hp_loss":0,"event_name":"betterNote:BetterNote","floor":20,"gold_loss":0,"cards_obtained":["alterego_mod:TrickOrTreatment"]},{"damage_healed":0,"gold_gain":0,"player_choice":"Leave","damage_taken":0,"max_hp_gain":0,"max_hp_loss":0,"event_name":"conspire:Investor","floor":24,"gold_loss":0},{"damage_healed":0,"gold_gain":0,"player_choice":"Became a vampire","damage_taken":0,"max_hp_gain":0,"max_hp_loss":23,"event_name":"Vampires","floor":28,"gold_loss":0,"cards_obtained":["Bite","Bite","Bite","Bite","Bite"]},{"damage_healed":0,"gold_gain":0,"player_choice":"Ignored","damage_taken":0,"max_hp_gain":0,"max_hp_loss":0,"event_name":"Tomb of Lord Red Mask","floor":39,"gold_loss":0}],"is_beta":false,"boss_relics":[{"not_picked":["construct:ClawGrip","ChewingGum"],"picked":"conspire:RoyalGoblet"},{"not_picked":["Sozu","conspire:SeveredTorchhead"],"picked":"theTrickster:RunicTorusRelic"}],"items_purged_floors":[],"is_endless":false,"potions_floor_spawned":[2,7,8,16,19,22,31,42,44,47,48],"ascension_level":0}}