{"host":"ih7ofq2zpufcoifs","time":1607785735,"event":{"mods":["BaseMod","Colored Map","Minty Spire (QoL Compilation)"],"gold_per_floor":[112,112,131,31,51,78,100,100,100,112,112,144,144,178,178,178,178],"floor_reached":16,"playtime":1257,"items_purged":["Regret"],"score":189,"play_id":"f676fb43-fe8e-47e8-81f8-3f8e5aabb31c","local_time":"20201213010855","is_ascension_mode":true,"campfire_choices":[{"data":"1","floor":8.0,"key":"LIFT"},{"floor":11.0,"key":"REST"},{"floor":13.0,"key":"REST"},{"data":"2","floor":15.0,"key":"LIFT"}],"circlet_count":0,"master_deck":["AscendersBane","Strike_B","Strike_B","Strike_B","Defend_B","Defend_B","Defend_B","Zap","Dualcast","Rebound","Cold Snap","Cold Snap","Melter"],"relics":["Empty Cage","Singing Bowl","Girya","Odd Mushroom","Smiling Mask","Orichalcum","PreservedInsect"],"acts_visited":["Exordium"],"potions_floor_usage":[16],"damage_taken":[{"damage":7.0,"enemies":"Jaw Worm","floor":1.0,"turns":3.0},{"damage":9.0,"enemies":"2 Louse","floor":3.0,"turns":2.0},{"damage":0.0,"enemies":"Cultist","floor":5.0,"turns":4.0},{"damage":23.0,"enemies":"3 Sentries","floor":6.0,"turns":10.0},{"damage":2.0,"enemies":"The Mushroom Lair","floor":7.0,"turns":5.0},{"damage":6.0,"enemies":"Blue Slaver","floor":10.0,"turns":3.0},{"damage":34.0,"enemies":"Gremlin Nob","floor":12.0,"turns":4.0},{"damage":27.0,"enemies":"Lagavulin","floor":14.0,"turns":7.0},{"damage":18,"enemies":"The Guardian","floor":16,"turns":14}],"seed_played":"-6269883074806734267","potions_obtained":[{"floor":1.0,"key":"SkillPotion"},{"floor":5.0,"key":"SkillPotion"},{"floor":10.0,"key":"Energy Potion"}],"is_trial":false,"path_per_floor":["M","?","M","$","M","E","?","R","T","M","R","E","R","E","R","B"],"character_chosen":"DEFECT","items_purchased":["Cold Snap"],"campfire_rested":2,"item_purchase_floors":[4],"current_hp_per_floor":[61,61,52,52,52,31,31,31,31,27,51,19,43,18,18,0,0],"gold":178,"neow_bonus":"BOSS_RELIC","is_daily":false,"chose_seed":false,"campfire_upgraded":0,"win_rate":0.0,"timestamp":1607785735,"path_taken":["M","?","M","$","M","E","?","R","T","?","R","E","R","E","R","BOSS"],"items_purchased_type":["Card"],"build_version":"2020-11-30","purchased_purges":1,"victory":false,"max_hp_per_floor":[75,75,75,75,75,77,79,79,79,81,81,83,83,85,85,85,85],"card_choices":[{"not_picked":["Chill","Stack"],"picked":"Rebound","floor":1.0},{"not_picked":["Coolheaded","Double Energy"],"picked":"Cold Snap","floor":3.0},{"not_picked":["Steam","Coolheaded"],"picked":"Melter","floor":5.0},{"not_picked":["Coolheaded","Go for the Eyes","Darkness"],"picked":"Singing Bowl","floor":6.0},{"not_picked":["Leap","Reboot","Cold Snap"],"picked":"Singing Bowl","floor":7.0},{"not_picked":["Sweeping Beam","Conserve Battery","Hello World"],"picked":"Singing Bowl","floor":10.0},{"not_picked":["Coolheaded","Hologram","Skim"],"picked":"Singing Bowl","floor":12.0},{"not_picked":["Barrage","Cold Snap","Compile Driver"],"picked":"Singing Bowl","floor":14.0}],"player_experience":296262,"relics_obtained":[{"floor":6.0,"key":"Girya"},{"floor":7.0,"key":"Odd Mushroom"},{"floor":9.0,"key":"Smiling Mask"},{"floor":12.0,"key":"Orichalcum"},{"floor":14.0,"key":"PreservedInsect"}],"event_choices":[{"damage_healed":0.0,"max_hp_gain":0.0,"max_hp_loss":0.0,"gold_gain":0.0,"event_name":"Big Fish","player_choice":"Box","floor":2.0,"gold_loss":0.0,"damage_taken":0.0,"relics_obtained":["Singing Bowl"],"cards_obtained":["Regret"]},{"damage_healed":0.0,"max_hp_gain":0.0,"max_hp_loss":0.0,"gold_gain":0.0,"event_name":"Mushrooms","player_choice":"Fought Mushrooms","floor":7.0,"gold_loss":0.0,"damage_taken":0.0}],"is_beta":false,"boss_relics":[],"items_purged_floors":[4],"is_endless":false,"potions_floor_spawned":[1,5,10],"killed_by":"The Guardian","ascension_level":12}}