{"host":"mvlqq966zh3ccmv5","time":1607739119,"event":{"mods":["AchievementEnabler","BaseMod","DeckTracker","Minty Spire (QoL Compilation)","SuperFastMode"],"gold_per_floor":[19,35,55,70,83,110,110,185,185,195,195,120,120,164,164,289,289,303,322,340,340,191,191,227,248,248,163,8,22,53,5,5,5,5],"floor_reached":33,"playtime":622,"items_purged":["Defend_R"],"score":277,"play_id":"031ad673-b49e-4f65-9362-dbc3438d6826","local_time":"20201212111159","is_ascension_mode":false,"campfire_choices":[{"data":"Perfected Strike","floor":7.0,"key":"SMITH"},{"data":"Bash","floor":15,"key":"SMITH"},{"data":"Shrug It Off","floor":23,"key":"SMITH"},{"data":"Wild Strike","floor":32,"key":"SMITH"}],"circlet_count":0,"master_deck":["Strike_R+1","Strike_R+1","Strike_R+1","Strike_R+1","Defend_R+1","Defend_R+1","Bash+1","Clash","Pommel Strike+1","Perfected Strike+1","Warcry+1","Shrug It Off+1","Flex+1","Wild Strike+1","Flex+1","Wild Strike"],"relics":["Burning Blood","Whetstone","Kunai","Golden Idol","War Paint","Busted Crown","Vajra","Red Mask","Letter Opener","Eternal Feather","PreservedInsect","Regal Pillow"],"acts_visited":["Exordium","TheCity"],"potions_floor_usage":[33],"damage_taken":[{"damage":6.0,"enemies":"Cultist","floor":1.0,"turns":3.0},{"damage":3.0,"enemies":"Jaw Worm","floor":2.0,"turns":4.0},{"damage":0.0,"enemies":"Small Slimes","floor":3.0,"turns":3.0},{"damage":7.0,"enemies":"Blue Slaver","floor":4.0,"turns":3.0},{"damage":5.0,"enemies":"3 Louse","floor":5.0,"turns":3.0},{"damage":31.0,"enemies":"3 Sentries","floor":6.0,"turns":7.0},{"damage":8.0,"enemies":"Red Slaver","floor":10.0,"turns":2.0},{"damage":18,"enemies":"Lagavulin","floor":14,"turns":4},{"damage":30,"enemies":"Slime Boss","floor":16,"turns":9},{"damage":11,"enemies":"2 Thieves","floor":18,"turns":3},{"damage":0,"enemies":"Chosen","floor":19,"turns":2},{"damage":0,"enemies":"Snake Plant","floor":20,"turns":2},{"damage":10,"enemies":"Masked Bandits","floor":24,"turns":3},{"damage":6,"enemies":"Cultist and Chosen","floor":25,"turns":4},{"damage":4,"enemies":"3 Cultists","floor":29,"turns":4},{"damage":10,"enemies":"Slavers","floor":30,"turns":3},{"damage":25,"enemies":"Collector","floor":33,"turns":5}],"seed_played":"-5427671952194560245","potions_obtained":[{"floor":1.0,"key":"LiquidBronze"},{"floor":4.0,"key":"SpeedPotion"},{"floor":6.0,"key":"SneckoOil"},{"floor":14,"key":"DuplicationPotion"},{"floor":25,"key":"Swift Potion"},{"floor":29,"key":"Fire Potion"}],"is_trial":false,"path_per_floor":["M","M","M","M","M","E","R","?","T","M","?","$","?","E","R","B",null,"M","M","M","?","$","R","?","M","T","?","$","M","E","$","R","B"],"character_chosen":"IRONCLAD","items_purchased":["Vajra","PreservedInsect","Wild Strike"],"campfire_rested":0,"item_purchase_floors":[22,28,31],"current_hp_per_floor":[80,80,80,79,80,55,55,44,44,42,47,47,47,35,35,11,79,74,79,79,79,79,79,75,75,75,75,75,77,73,73,79,54,54],"gold":5,"neow_bonus":"REMOVE_TWO","is_daily":false,"chose_seed":false,"campfire_upgraded":4,"win_rate":0.0,"timestamp":1607739119,"path_taken":["M","M","M","?","M","E","R","?","T","M","?","$","?","E","R","BOSS","M","M","M","?","$","R","?","M","T","?","?","M","E","$","R","BOSS"],"items_purchased_type":["Relic","Relic","Card"],"build_version":"2020-11-30","purchased_purges":1,"victory":false,"max_hp_per_floor":[80,80,80,80,80,80,80,80,80,80,85,85,79,79,79,79,79,79,79,79,79,79,79,79,79,79,79,79,79,79,79,79,79,79],"card_choices":[{"not_picked":["Second Wind","Shockwave"],"picked":"Clash","floor":1.0},{"not_picked":["Rupture","Armaments"],"picked":"Pommel Strike","floor":2.0},{"not_picked":["Sword Boomerang","True Grit"],"picked":"Perfected Strike","floor":3.0},{"not_picked":["True Grit","Uppercut","Flame Barrier"],"picked":"SKIP","floor":4.0},{"not_picked":["Shrug It Off","Sword Boomerang"],"picked":"Warcry","floor":5.0},{"not_picked":["Shrug It Off","Rupture","Sword Boomerang"],"picked":"SKIP","floor":6.0},{"not_picked":["Rupture","Sword Boomerang"],"picked":"Shrug It Off","floor":6.0},{"not_picked":["Exhume","Thunderclap"],"picked":"Flex","floor":10.0},{"not_picked":["Intimidate","Fire Breathing"],"picked":"Wild Strike","floor":14},{"not_picked":["Headbutt"],"picked":"SKIP","floor":18},{"not_picked":["Hemokinesis"],"picked":"SKIP","floor":19},{"not_picked":["Hemokinesis"],"picked":"SKIP","floor":19},{"not_picked":["Uppercut"],"picked":"SKIP","floor":20},{"not_picked":[],"picked":"Flex+1","floor":25},{"not_picked":["Ghostly Armor"],"picked":"SKIP","floor":29},{"not_picked":["Heavy Blade"],"picked":"SKIP","floor":30}],"player_experience":196271,"relics_obtained":[{"floor":6.0,"key":"Whetstone"},{"floor":9.0,"key":"Kunai"},{"floor":14,"key":"War Paint"},{"floor":24,"key":"Red Mask"},{"floor":26,"key":"Letter Opener"},{"floor":30,"key":"Regal Pillow"}],"event_choices":[{"damage_healed":0.0,"max_hp_gain":0.0,"max_hp_loss":0.0,"gold_gain":75.0,"event_name":"World of Goop","player_choice":"Gather Gold","floor":8.0,"gold_loss":0.0,"damage_taken":11.0},{"damage_healed":0.0,"max_hp_gain":5.0,"max_hp_loss":0.0,"gold_gain":0.0,"event_name":"Big Fish","player_choice":"Donut","floor":11.0,"gold_loss":0.0,"damage_taken":0.0},{"damage_healed":0.0,"max_hp_gain":0.0,"max_hp_loss":6.0,"gold_gain":0.0,"event_name":"Golden Idol","player_choice":"Lose Max HP","floor":13.0,"gold_loss":0.0,"damage_taken":0.0,"relics_obtained":["Golden Idol"]},{"damage_healed":0,"gold_gain":0,"player_choice":"Simplicity","damage_taken":0,"max_hp_gain":0,"max_hp_loss":0,"event_name":"Back to Basics","floor":21,"gold_loss":0,"cards_upgraded":["Strike_R","Strike_R","Strike_R","Defend_R","Defend_R"]},{"damage_healed":0,"gold_gain":0,"player_choice":"Fought Bandits","damage_taken":0,"max_hp_gain":0,"max_hp_loss":0,"event_name":"Masked Bandits","floor":24,"gold_loss":0},{"damage_healed":0,"gold_gain":0,"player_choice":"Obtained Relic","damage_taken":0,"relics_obtained":["Eternal Feather"],"max_hp_gain":0,"max_hp_loss":0,"event_name":"Addict","floor":27,"gold_loss":85}],"is_beta":false,"boss_relics":[{"not_picked":["Runic Dome","Fusion Hammer"],"picked":"Busted Crown"}],"items_purged_floors":[12],"is_endless":false,"potions_floor_spawned":[1,4,6,14,16,19,20,25,29],"killed_by":"Collector","ascension_level":0}}