{"host":"91n1pc4te07j54gv","time":1607746746,"event":{"mods":["BaseMod","BetterRewards","Colored Powertips","Downfall","Highlight Path","Infinite Spire","Minty Spire (QoL Compilation)","Quick Restart","Relic Filter","Relic Stats","Replay The Spire","Spicy Shops","StSLib"],"gold_per_floor":[115,3,3,3,19,19,39,70,150,160,187,197,197,231,231,231,231],"floor_reached":16,"playtime":526,"items_purged":[],"score":218,"play_id":"c6f267a4-965e-460b-a3e7-676cb2509758","local_time":"20201212121906","is_ascension_mode":true,"campfire_choices":[{"data":"infinitespire:Collect","floor":6.0,"key":"SMITH"},{"floor":15.0,"key":"REST"}],"circlet_count":0,"master_deck":["AscendersBane","Strike_B","Strike_B","Strike_B","Strike_B","Defend_B","Defend_B","Defend_B","Defend_B","Zap","Dualcast","White Noise","Tempest","infinitespire:Collect+1","Melter","Capacitor","BootSequence","Genetic Algorithm"],"relics":["Cracked Core","NeowsBlessing","Strange Spoon","Oddly Smooth Stone","Frozen Egg 2","FossilizedHelix","Replay:Bandana"],"acts_visited":["Exordium"],"potions_floor_usage":[16],"damage_taken":[{"damage":0.0,"enemies":"Cultist","floor":1.0,"turns":1.0},{"damage":0.0,"enemies":"Small Slimes","floor":5.0,"turns":1.0},{"damage":0.0,"enemies":"2 Louse","floor":7.0,"turns":1.0},{"damage":10.0,"enemies":"Lagavulin","floor":8.0,"turns":6.0},{"damage":0.0,"enemies":"Looter","floor":10.0,"turns":2.0},{"damage":34.0,"enemies":"Gremlin Nob","floor":11.0,"turns":4.0},{"damage":0.0,"enemies":"3 Louse","floor":12.0,"turns":3.0},{"damage":0.0,"enemies":"3 Sentries","floor":14.0,"turns":5.0},{"damage":6,"enemies":"Fading Forest","floor":16,"turns":7}],"seed_played":"5407045753791448417","potions_obtained":[{"floor":5.0,"key":"Weak Potion"},{"floor":7.0,"key":"Explosive Potion"},{"floor":14.0,"key":"SkillPotion"}],"is_trial":false,"path_per_floor":["M","$","$","?","M","R","M","E","T","M","E","M","?","E","R","B"],"character_chosen":"DEFECT","items_purchased":["Strange Spoon","Tempest"],"campfire_rested":1,"item_purchase_floors":[2,2],"current_hp_per_floor":[68,68,68,50,50,50,50,40,40,40,6,6,6,6,28,22,22],"gold":231,"neow_bonus":"THREE_ENEMY_KILL","is_daily":false,"chose_seed":false,"campfire_upgraded":1,"win_rate":0.0,"timestamp":1607746746,"path_taken":["M","?","$","?","M","R","M","E","T","M","E","M","?","E","R","BOSS"],"items_purchased_type":["Relic","Card"],"build_version":"2020-11-30","purchased_purges":0,"victory":false,"max_hp_per_floor":[75,75,75,75,75,75,75,75,75,75,75,75,75,75,75,75,75],"relic_stats":{"Strange Spoon":[14],"counters":[9,30],"obtain_stats":[{"Strange Spoon":2,"Replay:Bandana":14,"NeowsBlessing":0,"Oddly Smooth Stone":8,"Frozen Egg 2":9,"Cracked Core":0,"FossilizedHelix":11},{"Strange Spoon":1,"Replay:Bandana":8,"NeowsBlessing":0,"Oddly Smooth Stone":4,"Frozen Egg 2":4,"Cracked Core":0,"FossilizedHelix":6},{"Strange Spoon":1,"Replay:Bandana":23,"NeowsBlessing":0,"Oddly Smooth Stone":9,"Frozen Egg 2":9,"Cracked Core":0,"FossilizedHelix":15}]},"card_choices":[{"not_picked":["Go for the Eyes","Leap"],"picked":"White Noise","floor":1.0},{"not_picked":["infinitespire:Fortify","infinitespire:SevenWalls"],"picked":"infinitespire:Collect","floor":4.0},{"not_picked":["Streamline","Darkness"],"picked":"Melter","floor":5.0},{"not_picked":["Panic Button","Time Bomb"],"picked":"Capacitor","floor":7.0},{"not_picked":["Chaos","Barrage"],"picked":"BootSequence","floor":8.0},{"not_picked":["Tempest","Undo"],"picked":"Genetic Algorithm","floor":10.0},{"not_picked":["Barrage","ReplaySort","ReplayTheSpireMod:Reroute Power"],"picked":"SKIP","floor":11.0},{"not_picked":["Fusion","Lockon","Turbo"],"picked":"SKIP","floor":12.0},{"not_picked":["ReplayTheSpireMod:System Scan","Beam Cell","Streamline"],"picked":"SKIP","floor":14.0}],"player_experience":939681,"relics_obtained":[{"floor":8.0,"key":"Oddly Smooth Stone"},{"floor":9.0,"key":"Frozen Egg 2"},{"floor":11.0,"key":"FossilizedHelix"},{"floor":14.0,"key":"Replay:Bandana"}],"event_choices":[{"damage_healed":0.0,"max_hp_gain":0.0,"max_hp_loss":0.0,"gold_gain":0.0,"event_name":"Shining Light","player_choice":"Ignored","floor":13.0,"gold_loss":0.0,"damage_taken":0.0}],"is_beta":false,"boss_relics":[],"items_purged_floors":[],"is_endless":false,"potions_floor_spawned":[5,7,14],"killed_by":"Fading Forest","ascension_level":10}}