{"host":"zksvs3x2ysy9npnz","time":1607770031,"event":{"mods":["Aspiration","BaseMod","Beaked The Cultist","BetterRewards","Colored Map","Conspire","Duelist Mod","Halation","Highlight Path","Hubris","Infinite Spire","Jedi Mod","Minty Spire (QoL Compilation)","Permanent Neow","Quick Restart","Relic Stats","Replay The Spire","Retaliation","Shop Mod","StSLib"],"gold_per_floor":[144,144,10,10,23,23,56,56,56,89,108,108,108],"floor_reached":12,"playtime":651,"items_purged":["theDuelist:Sparks"],"score":163,"play_id":"329fdba0-0b8f-4623-93e4-2119c0539a68","local_time":"20201212114711","is_ascension_mode":true,"campfire_choices":[{"data":"theDuelist:ZefraMetaltron","floor":6.0,"key":"SMITH"}],"circlet_count":0,"master_deck":["theDuelist:CastleWalls","theDuelist:CastleWalls","theDuelist:CrossSwordBeetle","theDuelist:EmpressMantis","AscendersBane","theDuelist:InsectKnight+1","theDuelist:RazorLizard","theDuelist:RazorLizard","theDuelist:Sparks+1","theDuelist:Sparks","theDuelist:NeoBug","theDuelist:ZefraMetaltron+1","theDuelist:Forest","theDuelist:Forest","theDuelist:DarkSpider","theDuelist:EarthquakeGiant","theDuelist:PetitMoth"],"relics":["theDuelist:MillenniumPuzzle","theDuelist:CardPoolRelic","theDuelist:CardPoolBasicRelic","theDuelist:BoosterPackPoolRelic","theDuelist:CardPoolAddRelic","theDuelist:CardPoolMinusRelic","theDuelist:CardPoolSaveRelic","theDuelist:CardPoolOptionsRelic","aspiration:Nostalgia","Replay:M_SmolderingBlood","Iron Hammer","theDuelist:SummonAnchor","Onion Ring","Whetstone"],"acts_visited":["Exordium"],"potions_floor_usage":[12],"damage_taken":[{"damage":0.0,"enemies":"Small Slimes","floor":1.0,"turns":4.0},{"damage":2.0,"enemies":"Jaw Worm","floor":5.0,"turns":6.0},{"damage":38.0,"enemies":"Replay:BlueRogue","floor":7.0,"turns":9.0},{"damage":3.0,"enemies":"3 Sentries","floor":10.0,"turns":10.0},{"damage":0.0,"enemies":"2 Louse","floor":11.0,"turns":3.0},{"damage":34,"enemies":"Gremlin Nob","floor":12,"turns":4}],"seed_played":"-8138319627326127330","potions_obtained":[{"floor":1.0,"key":"DistilledChaos"},{"floor":7.0,"key":"Swift Potion"},{"floor":10.0,"key":"Strength Potion"}],"is_trial":false,"path_per_floor":["M","?","$","T","M","R","E","$","T","E","M","E"],"character_chosen":"THE_DUELIST","items_purchased":["theDuelist:Forest"],"campfire_rested":0,"item_purchase_floors":[3],"current_hp_per_floor":[63,63,63,63,61,61,23,23,23,20,20,0,0],"gold":108,"neow_bonus":"NOSTALGIA","is_daily":false,"chose_seed":false,"campfire_upgraded":1,"win_rate":0.0,"timestamp":1607770031,"path_taken":["M","?","$","?","M","R","E","?","T","E","M","E"],"items_purchased_type":["Card"],"build_version":"2020-11-30","purchased_purges":1,"victory":false,"max_hp_per_floor":[70,70,70,70,70,70,70,70,70,70,70,70,70],"relic_stats":{"counters":[6,36],"Whetstone":["theDuelist:Sparks","theDuelist:InsectKnight"],"obtain_stats":[{"theDuelist:SummonAnchor":7,"aspiration:Nostalgia":0,"theDuelist:MillenniumPuzzle":0,"theDuelist:CardPoolSaveRelic":0,"Whetstone":10,"theDuelist:BoosterPackPoolRelic":0,"theDuelist:CardPoolMinusRelic":0,"Replay:M_SmolderingBlood":0,"theDuelist:CardPoolBasicRelic":0,"Onion Ring":9,"theDuelist:CardPoolAddRelic":0,"Iron Hammer":4,"theDuelist:CardPoolOptionsRelic":0,"theDuelist:CardPoolRelic":0},{"theDuelist:SummonAnchor":3,"aspiration:Nostalgia":0,"theDuelist:MillenniumPuzzle":0,"theDuelist:CardPoolSaveRelic":0,"Whetstone":4,"theDuelist:BoosterPackPoolRelic":0,"theDuelist:CardPoolMinusRelic":0,"Replay:M_SmolderingBlood":0,"theDuelist:CardPoolBasicRelic":0,"Onion Ring":3,"theDuelist:CardPoolAddRelic":0,"Iron Hammer":1,"theDuelist:CardPoolOptionsRelic":0,"theDuelist:CardPoolRelic":0},{"theDuelist:SummonAnchor":19,"aspiration:Nostalgia":0,"theDuelist:MillenniumPuzzle":0,"theDuelist:CardPoolSaveRelic":0,"Whetstone":29,"theDuelist:BoosterPackPoolRelic":0,"theDuelist:CardPoolMinusRelic":0,"Replay:M_SmolderingBlood":0,"theDuelist:CardPoolBasicRelic":0,"Onion Ring":19,"theDuelist:CardPoolAddRelic":0,"Iron Hammer":4,"theDuelist:CardPoolOptionsRelic":0,"theDuelist:CardPoolRelic":0}]},"card_choices":[{"not_picked":["theDuelist:FirestormProminence","theDuelist:EmpressMantis","theDuelist:ArmoredBee","theDuelist:DragonDowser"],"picked":"theDuelist:NeoBug","floor":1.0},{"not_picked":["theDuelist:Grasschopper","theDuelist:HundredFootHorror","theDuelist:RelinquishedSpider","theDuelist:CocoonEvolution"],"picked":"theDuelist:DarkSpider","floor":5.0},{"not_picked":["theDuelist:DarklordSuperbia","theDuelist:MudGolem","theDuelist:MudragonSwamp","theDuelist:ForbiddenLance"],"picked":"theDuelist:EarthquakeGiant","floor":7.0},{"not_picked":["theDuelist:WallThorns","theDuelist:InsectKing","theDuelist:CocoonUltraEvolution"],"picked":"SKIP","floor":10.0},{"not_picked":["theDuelist:FirestormProminence","theDuelist:BeeListSoldier","theDuelist:RelinquishedSpider","theDuelist:CocoonEvolution"],"picked":"theDuelist:PetitMoth","floor":11.0}],"player_experience":1177946,"relics_obtained":[{"floor":4.0,"key":"Iron Hammer"},{"floor":7.0,"key":"theDuelist:SummonAnchor"},{"floor":9.0,"key":"Onion Ring"},{"floor":10.0,"key":"Whetstone"}],"event_choices":[],"is_beta":false,"boss_relics":[],"items_purged_floors":[3],"is_endless":false,"potions_floor_spawned":[1,7,10],"killed_by":"Gremlin Nob","ascension_level":18}}