{"host":"p7j7o00jacnw7qzt","time":1607731938,"event":{"mods":["BaseMod","Colored Map","Colored Powertips","DeckTracker","Highlight Path","Minty Spire (QoL Compilation)","Relic Stats"],"gold_per_floor":[115,115,40,60,60,95,112,21,21,21,55,71,84,159,159,238,238,251,261,211,211,21,21,21],"floor_reached":23,"playtime":720,"items_purged":["Strike_G","Strike_G","Strike_G"],"score":448,"play_id":"3fc3e3fc-cd21-4ffa-83d4-11a3db4f4085","local_time":"20201211191218","is_ascension_mode":true,"campfire_choices":[{"data":"Blade Dance","floor":10.0,"key":"SMITH"},{"data":"Blade Dance","floor":15.0,"key":"SMITH"}],"circlet_count":0,"master_deck":["AscendersBane","Strike_G","Strike_G","Defend_G","Defend_G","Defend_G","Defend_G","Defend_G","Survivor","Neutralize","Blade Dance+1","Backflip","Concentrate","Terror","Footwork","Blade Dance+1","Corpse Explosion"],"relics":["Ring of the Snake","NeowsBlessing","Pen Nib","Singing Bowl","Smiling Mask","Lantern","Question Card","Black Star","Membership Card"],"acts_visited":["Exordium","TheCity"],"potions_floor_usage":[23],"damage_taken":[{"damage":0.0,"enemies":"Small Slimes","floor":1.0,"turns":1.0},{"damage":0.0,"enemies":"Jaw Worm","floor":4.0,"turns":1.0},{"damage":0.0,"enemies":"3 Sentries","floor":6.0,"turns":1.0},{"damage":0.0,"enemies":"Cultist","floor":7.0,"turns":3.0},{"damage":21.0,"enemies":"Gremlin Nob","floor":11.0,"turns":4.0},{"damage":5.0,"enemies":"Exordium Wildlife","floor":12.0,"turns":7.0},{"damage":2.0,"enemies":"Blue Slaver","floor":13.0,"turns":3.0},{"damage":9.0,"enemies":"The Guardian","floor":16.0,"turns":12.0},{"damage":17.0,"enemies":"Spheric Guardian","floor":18.0,"turns":5.0},{"damage":3.0,"enemies":"3 Byrds","floor":19.0,"turns":3.0},{"damage":42,"enemies":"Book of Stabbing","floor":23,"turns":4}],"seed_played":"-4629459402013765383","potions_obtained":[{"floor":1.0,"key":"BlessingOfTheForge"},{"floor":12.0,"key":"Strength Potion"},{"floor":13.0,"key":"Weak Potion"},{"floor":18.0,"key":"LiquidMemories"}],"is_trial":false,"path_per_floor":["M","?","$","M","T","E","M","$","T","R","E","M","M","?","R","B",null,"M","M","$","?","$","E"],"character_chosen":"THE_SILENT","items_purchased":["Terror","Membership Card","Fire Potion"],"campfire_rested":0,"item_purchase_floors":[8,22,22],"current_hp_per_floor":[59,48,48,48,48,48,48,48,48,48,27,22,22,11,11,2,52,37,36,36,36,36,0,0],"gold":21,"neow_bonus":"THREE_ENEMY_KILL","is_daily":false,"chose_seed":false,"campfire_upgraded":2,"win_rate":0.0,"timestamp":1607731938,"path_taken":["M","?","$","M","?","E","?","$","T","R","E","M","M","?","R","BOSS","BOSS","M","M","$","?","$","E"],"items_purchased_type":["Card","Relic","Potion"],"build_version":"2020-11-30","purchased_purges":3,"victory":false,"max_hp_per_floor":[66,66,66,66,66,66,66,66,66,66,66,66,68,68,68,68,68,70,72,72,72,72,72,72],"relic_stats":{"Singing Bowl":6,"counters":[11,44],"Pen Nib":[11],"Black Star":0,"Smiling Mask":125,"Question Card":6,"obtain_stats":[{"Lantern":9,"NeowsBlessing":0,"Singing Bowl":5,"Pen Nib":2,"Black Star":17,"Membership Card":22,"Smiling Mask":6,"Question Card":11,"Ring of the Snake":0},{"Lantern":4,"NeowsBlessing":0,"Singing Bowl":2,"Pen Nib":1,"Black Star":8,"Membership Card":10,"Smiling Mask":3,"Question Card":5,"Ring of the Snake":0},{"Lantern":6,"NeowsBlessing":0,"Singing Bowl":2,"Pen Nib":1,"Black Star":32,"Membership Card":40,"Smiling Mask":3,"Question Card":10,"Ring of the Snake":0}],"Ring of the Snake":[22]},"card_choices":[{"not_picked":["Riddle With Holes","Poisoned Stab","Blur"],"picked":"SKIP","floor":1.0},{"not_picked":["Flechettes","Bane"],"picked":"Blade Dance","floor":4.0},{"not_picked":["Catalyst","Setup"],"picked":"Backflip","floor":6.0},{"not_picked":["PiercingWail","Predator"],"picked":"Concentrate","floor":7.0},{"not_picked":["Bouncing Flask","Prepared"],"picked":"Footwork","floor":11.0},{"not_picked":["Outmaneuver","Burst","Cloak And Dagger"],"picked":"Blade Dance","floor":12.0},{"not_picked":["Flying Knee","Slice","PiercingWail","Blade Dance"],"picked":"Singing Bowl","floor":13.0},{"not_picked":["Tools of the Trade","Storm of Steel","Night Terror"],"picked":"Corpse Explosion","floor":16.0},{"not_picked":["Dagger Spray","Crippling Poison","Underhanded Strike","Cloak And Dagger"],"picked":"Singing Bowl","floor":18.0},{"not_picked":["All Out Attack","Caltrops","Underhanded Strike","Outmaneuver"],"picked":"Singing Bowl","floor":19.0}],"player_experience":783755,"relics_obtained":[{"floor":5.0,"key":"Singing Bowl"},{"floor":6.0,"key":"Smiling Mask"},{"floor":9.0,"key":"Lantern"},{"floor":11.0,"key":"Question Card"}],"event_choices":[{"damage_healed":0.0,"max_hp_gain":0.0,"max_hp_loss":0.0,"gold_gain":0.0,"event_name":"Scrap Ooze","player_choice":"Success","floor":2.0,"gold_loss":0.0,"damage_taken":11.0,"relics_obtained":["Pen Nib"]},{"damage_healed":0.0,"max_hp_gain":0.0,"max_hp_loss":0.0,"gold_gain":75.0,"event_name":"World of Goop","player_choice":"Gather Gold","floor":14.0,"gold_loss":0.0,"damage_taken":11.0},{"damage_healed":0,"gold_gain":0,"player_choice":"Ignored","damage_taken":0,"max_hp_gain":0,"max_hp_loss":0,"event_name":"The Mausoleum","floor":21,"gold_loss":0}],"is_beta":false,"boss_relics":[{"not_picked":["Ring of the Serpent","Astrolabe"],"picked":"Black Star"}],"items_purged_floors":[3,8,20],"is_endless":false,"potions_floor_spawned":[1,12,13,18],"killed_by":"Book of Stabbing","ascension_level":20}}