{"host":"elnvswdbusdewy2q","time":1607812148,"event":{"mods":["2.2 Compatiblity","BaseMod","CapriCore","Colored Map","Hermit","Koishi","Lobotomy","Marisa£¨Ùöéë¡¡Øª×âÞÞ£©","Minty Spire (QoL Compilation)","Rare Cards Sparkle","StSLib","Td1madao Mod","The Bug Knight","The Cursed","The Dragon Tamer","The Gatherer","The Hierophant","The Immortal","The Poker Player","The Runesmith","WarShipGirlsR/??á´Ò³R mod"],"gold_per_floor":[115,75,75,94,94,127,127,147,147,147,177,177,352,352,352,352,352],"floor_reached":16,"playtime":843,"items_purged":[],"score":131,"play_id":"3bd984d8-9072-4213-bb81-b74c3eb0e9a9","local_time":"20201213072908","is_ascension_mode":false,"metric_token":1373,"campfire_choices":[{"floor":7,"key":"REST"},{"data":"Gatherer:HeartToFruit","floor":10,"key":"SMITH"},{"data":"Gatherer:Overflowing","floor":12,"key":"SMITH"},{"floor":15,"key":"REST"}],"circlet_count":0,"master_deck":["Gatherer:Strike_Gatherer","Gatherer:Strike_Gatherer","Gatherer:Strike_Gatherer","Gatherer:Strike_Gatherer","Gatherer:Strike_Gatherer","Gatherer:Defend_Gatherer","Gatherer:Defend_Gatherer","Gatherer:Defend_Gatherer","Gatherer:Defend_Gatherer","Gatherer:Defend_Gatherer","Gatherer:Centralize","Gatherer:FlowerWhip","Gatherer:CarefulStrike","Gatherer:TreeGrowth","Gatherer:FeelingFine","Gatherer:Overflowing+1","Gatherer:TacticalStrike+1","Gatherer:HeartToFruit+1","Gatherer:Herbalism","Gatherer:VenomBarrier","Doubt"],"relics":["Gatherer:AlchemyBag","Strawberry","InkBottle","Singing Bowl","Pear"],"acts_visited":["Exordium"],"potions_floor_usage":[11,16],"damage_taken":[{"damage":5,"enemies":"2 Louse","floor":1,"turns":4},{"damage":0,"enemies":"Small Slimes","floor":4,"turns":4},{"damage":44,"enemies":"Lagavulin","floor":6,"turns":9},{"damage":0,"enemies":"Jaw Worm","floor":8,"turns":1},{"damage":30,"enemies":"HollowMod:MossKnight","floor":11,"turns":11},{"damage":71,"enemies":"Hexaghost","floor":16,"turns":15}],"seed_played":"-4131791042691420814","potions_obtained":[{"floor":8,"key":"Energy Potion"},{"floor":11,"key":"Block Potion"}],"is_trial":false,"path_per_floor":["M","?","?","M","$","E","R","M","T","R","E","R","?","?","R","B"],"character_chosen":"THE_GATHERER","items_purchased":[],"campfire_rested":2,"item_purchase_floors":[],"current_hp_per_floor":[74,74,74,74,74,30,53,56,56,56,40,40,40,40,68,0,0,0],"gold":352,"neow_bonus":"RANDOM_COMMON_RELIC","is_daily":false,"chose_seed":false,"campfire_upgraded":2,"win_rate":0.0,"timestamp":1607812148,"path_taken":["M","?","?","M","?","E","R","?","T","R","E","R","?","?","R","BOSS"],"items_purchased_type":[],"build_version":"2020-11-30","purchased_purges":0,"victory":false,"max_hp_per_floor":[79,79,79,79,79,79,79,82,82,82,96,96,96,96,96,96,96,96],"card_choices":[{"not_picked":["Gatherer:EnergyBasket","Gatherer:FlowerShield"],"picked":"Gatherer:CarefulStrike","floor":1},{"not_picked":[],"picked":"Gatherer:TreeGrowth","floor":2},{"not_picked":[],"picked":"Gatherer:FeelingFine","floor":2},{"not_picked":[],"picked":"Gatherer:Overflowing","floor":2},{"not_picked":["Gatherer:Convert","Gatherer:Snatch"],"picked":"Gatherer:TacticalStrike","floor":4},{"not_picked":["Gatherer:RecoveryHerb","Gatherer:CarefulStrike"],"picked":"Gatherer:HeartToFruit","floor":6},{"not_picked":["Gatherer:UpgradeBag","Gatherer:DrugPower"],"picked":"Gatherer:Herbalism","floor":8},{"not_picked":["Gatherer:Snatch","Gatherer:CarefulStrike"],"picked":"Gatherer:VenomBarrier","floor":11}],"player_experience":504029,"relics_obtained":[{"floor":6,"key":"InkBottle"},{"floor":9,"key":"Singing Bowl"},{"floor":11,"key":"Pear"}],"event_choices":[{"damage_healed":0,"gold_gain":0,"player_choice":"Leave","damage_taken":0,"max_hp_gain":0,"max_hp_loss":0,"event_name":"The Cleric","floor":3,"gold_loss":0},{"damage_healed":0,"gold_gain":175,"player_choice":"AGREE","damage_taken":0,"max_hp_gain":0,"max_hp_loss":0,"event_name":"Liars Game","floor":13,"gold_loss":0,"cards_obtained":["Doubt"]},{"damage_healed":0,"gold_gain":0,"player_choice":"Upgraded","damage_taken":0,"max_hp_gain":0,"max_hp_loss":0,"event_name":"Upgrade Shrine","floor":14,"gold_loss":0,"cards_upgraded":["Gatherer:TacticalStrike"]}],"is_beta":false,"boss_relics":[],"items_purged_floors":[],"is_endless":false,"potions_floor_spawned":[8,11],"killed_by":"Hexaghost","ascension_level":0}}