{"host":"oqyakm3e5m4kt4l3","time":1607736592,"event":{"mods":["2.2 Compatiblity","AchievementEnabler","BaseMod","Better Altar","Better Match","Better Note","Better Sensory Stone","Better Skull","Better Third Choice","BetterRewards","Colored Map","Colored Powertips","Minty Spire (QoL Compilation)","Permanent Neow","Quick Restart","Rare Cards Sparkle","Shop Mod","StSLib","Synergy Search"],"gold_per_floor":[119,137,37,37,50,50,80,100,125,125,140,172,182,107,107,186,186,203,216,216,228,240,240,240],"floor_reached":23,"playtime":1478,"items_purged":["Strike_R","Strike_R"],"score":561,"play_id":"09d3607a-dc10-4efa-934c-a33d0606d279","local_time":"20201211202952","is_ascension_mode":true,"campfire_choices":[{"data":"Feel No Pain","floor":6.0,"key":"SMITH"},{"data":"Shrug It Off","floor":10.0,"key":"SMITH"},{"data":"Armaments","floor":15.0,"key":"SMITH"}],"circlet_count":0,"master_deck":["AscendersBane","Strike_R","Strike_R","Defend_R+1","Defend_R","Defend_R","Bash","Feel No Pain+1","Sever Soul+1","Warcry","Clash","Clash","Shockwave+1","Spot Weakness","Shrug It Off+1","Armaments+1","Havoc","Fiend Fire+1","Enlightenment+1","Impervious","Feel No Pain+1","Feel No Pain+1","Hemokinesis+1","Disarm","Headbutt","Warcry"],"relics":["Burning Blood","Incense Burner","Charon\u0027s Ashes","Toy Ornithopter","Strawberry","War Paint","Astrolabe"],"acts_visited":["Exordium","TheCity"],"potions_floor_usage":[23,23],"damage_taken":[{"damage":0.0,"enemies":"2 Louse","floor":1.0,"turns":2.0},{"damage":0.0,"enemies":"Cultist","floor":2.0,"turns":3.0},{"damage":1.0,"enemies":"Jaw Worm","floor":5.0,"turns":3.0},{"damage":19.0,"enemies":"3 Sentries","floor":7.0,"turns":6.0},{"damage":0.0,"enemies":"Large Slime","floor":8.0,"turns":4.0},{"damage":5.0,"enemies":"Blue Slaver","floor":11.0,"turns":3.0},{"damage":0.0,"enemies":"Gremlin Nob","floor":12.0,"turns":4.0},{"damage":25.0,"enemies":"Exordium Thugs","floor":13.0,"turns":5.0},{"damage":15.0,"enemies":"Slime Boss","floor":16.0,"turns":8.0},{"damage":22.0,"enemies":"Shell Parasite","floor":18.0,"turns":4.0},{"damage":0.0,"enemies":"Spheric Guardian","floor":19.0,"turns":6.0},{"damage":15.0,"enemies":"Centurion and Healer","floor":21.0,"turns":7.0},{"damage":19.0,"enemies":"Shelled Parasite and Fungi","floor":22.0,"turns":6.0},{"damage":66,"enemies":"Gremlin Leader","floor":23,"turns":4}],"seed_played":"-747449107767855382","potions_obtained":[{"floor":2.0,"key":"Dexterity Potion"},{"floor":7.0,"key":"CultistPotion"},{"floor":11.0,"key":"ColorlessPotion"},{"floor":13.0,"key":"AttackPotion"},{"floor":18.0,"key":"SkillPotion"},{"floor":19.0,"key":"Dexterity Potion"},{"floor":21.0,"key":"AttackPotion"}],"is_trial":false,"path_per_floor":["M","M","$","?","M","R","E","M","T","R","M","E","M","?","R","B",null,"M","M","?","M","M","E"],"character_chosen":"IRONCLAD","items_purchased":["Incense Burner","Feel No Pain","Sever Soul","Warcry"],"campfire_rested":0,"item_purchase_floors":[0,0,0,0],"current_hp_per_floor":[32,38,38,38,43,43,30,36,43,43,44,60,41,41,41,32,70,59,65,65,56,43,0,0],"gold":240,"neow_bonus":"","is_daily":false,"chose_seed":false,"campfire_upgraded":3,"win_rate":0.0,"timestamp":1607736592,"path_taken":["M","M","$","?","?","R","E","M","T","R","M","E","M","?","R","BOSS","M","M","?","M","M","E"],"items_purchased_type":["Relic","Card","Card","Card"],"build_version":"2020-11-30","purchased_purges":2,"victory":false,"max_hp_per_floor":[75,75,75,75,75,75,75,75,82,82,82,82,82,82,82,82,82,82,82,82,82,82,82,82],"card_choices":[{"not_picked":["Pommel Strike","Sword Boomerang"],"picked":"Clash","floor":1.0},{"not_picked":["Cleave","Thunderclap"],"picked":"Shockwave","floor":2.0},{"not_picked":["Pummel","Rupture"],"picked":"Shockwave","floor":5.0},{"not_picked":["Cleave","Rage"],"picked":"Spot Weakness","floor":7.0},{"not_picked":["Pommel Strike","Clothesline"],"picked":"Shrug It Off","floor":8.0},{"not_picked":["Clothesline","Shrug It Off"],"picked":"Armaments","floor":11.0},{"not_picked":["Body Slam","Reckless Charge","Hemokinesis"],"picked":"SKIP","floor":12.0},{"not_picked":["Juggernaut","Headbutt"],"picked":"Havoc","floor":13.0},{"not_picked":["Reaper+1","Exhume+1"],"picked":"Fiend Fire+1","floor":14.0},{"not_picked":["Good Instincts+1","Blind+1"],"picked":"Enlightenment+1","floor":14.0},{"not_picked":["Berserk","Limit Break"],"picked":"Impervious","floor":16.0},{"not_picked":["Cleave","Heavy Blade"],"picked":"Disarm","floor":18.0},{"not_picked":["Rage","Heavy Blade+1"],"picked":"Headbutt","floor":19.0},{"not_picked":["Heavy Blade","Perfected Strike","Uppercut"],"picked":"SKIP","floor":21.0},{"not_picked":["Whirlwind","Anger"],"picked":"Warcry","floor":22.0}],"player_experience":490076,"relics_obtained":[{"floor":7.0,"key":"Toy Ornithopter"},{"floor":9.0,"key":"Strawberry"},{"floor":12.0,"key":"War Paint"}],"event_choices":[{"damage_healed":0.0,"max_hp_gain":0.0,"max_hp_loss":0.0,"gold_gain":0.0,"event_name":"Upgrade Shrine","player_choice":"Upgraded","floor":4.0,"gold_loss":0.0,"damage_taken":0.0,"cards_upgraded":["Sever Soul"]},{"damage_healed":0.0,"max_hp_gain":0.0,"max_hp_loss":0.0,"gold_gain":0.0,"event_name":"betterMatch:BetterMatch","player_choice":"2","floor":14.0,"gold_loss":0.0,"damage_taken":0.0,"cards_obtained":["betterMatch:RareCard","betterMatch:ColorlessUncommonCard"]},{"damage_healed":0.0,"max_hp_gain":0.0,"max_hp_loss":0.0,"gold_gain":0.0,"event_name":"Ghosts","player_choice":"Ignored","floor":20.0,"gold_loss":0.0,"damage_taken":0.0}],"is_beta":false,"boss_relics":[{"not_picked":["SlaversCollar","Sozu"],"picked":"Astrolabe"}],"items_purged_floors":[0,3],"is_endless":false,"potions_floor_spawned":[2,7,11,13,18,19,21],"killed_by":"Gremlin Leader","ascension_level":14}}