{"host":"6ko66ogg91i6g7xq","time":1607773355,"event":{"mods":["AchievementEnabler","Act Like it!","BaseMod","Colored Map","Colored Powertips","Downfall","Hermit","Minty Spire (QoL Compilation)","Quick Restart","Relic Stats","StSLib","The Jungle","everything is the same but u backflip on backflip"],"gold_per_floor":[116,116,116,116,127,159,136,166,193,211,211,211,211,58,58,154,154,165,264,112,127,137,137,165,165,216,225,269,269,304,321,321,435,435,453,453,141,159,176,220,220,250,250,284,84,84,102,140,140,140,140,140,140,176,176],"floor_reached":56,"playtime":2718,"items_purged":["Writhe"],"score":1428,"play_id":"efbcf21c-fc54-4467-b2fc-f055407a5798","local_time":"20201212064235","is_ascension_mode":true,"campfire_choices":[{"floor":11,"key":"RECALL"},{"data":"Noxious Fumes","floor":15,"key":"SMITH"},{"data":"Terror","floor":23,"key":"SMITH"},{"data":"Venomology","floor":25,"key":"SMITH"},{"data":"Accuracy","floor":29,"key":"SMITH"},{"data":"Venomology","floor":32,"key":"SMITH"},{"data":"Blur","floor":41,"key":"SMITH"},{"data":"Master of Strategy","floor":46,"key":"SMITH"},{"floor":49,"key":"REST"},{"data":"Cloak And Dagger","floor":52,"key":"SMITH"}],"circlet_count":0,"master_deck":["Strike_G","Strike_G","Strike_G","Strike_G","Defend_G","Defend_G","Defend_G","Defend_G","Defend_G","Survivor","Neutralize","Terror+1","Slice","Cloak And Dagger+1","Noxious Fumes+1","Venomology+1","Bane+1","Accuracy+1","Backflip+1","Blur+1","Cloak And Dagger","Venomology+1","Doppelganger+1","Master of Strategy+1","Violence","Slice","Blade Dance+1","Madness","Madness","Blade Dance+1","Venomology"],"relics":["Ring of the Snake","NeowsBlessing","Pen Nib","CultistMask","Vajra","Lantern","Bronze Scales","SacredBark","Happy Flower","Juzu Bracelet","CeramicFish","White Beast Statue","Question Card","Matryoshka","SlaversCollar","Thread and Needle","Shuriken","Oddly Smooth Stone","Smiling Mask","Molten Egg 2","Mercury Hourglass","Nunchaku","Boot","Calipers"],"acts_visited":["Exordium","TheCity","TheBeyond","TheEnding"],"potions_floor_usage":[8,18,21,22,24,24,24,24,28,28,28,30,30,31,33,33,33,33,33,33,35,35,39,39,39,40,40,40,42,42,44,44,44,48,48,48,50,50,50,54,54,55,55,55,55,55],"damage_taken":[{"damage":0,"enemies":"2 Louse","floor":1,"turns":1},{"damage":0,"enemies":"Jaw Worm","floor":5,"turns":1},{"damage":0,"enemies":"3 Sentries","floor":6,"turns":2},{"damage":9,"enemies":"Lagavulin","floor":8,"turns":5},{"damage":0,"enemies":"Cultist","floor":10,"turns":2},{"damage":28,"enemies":"Slime Boss","floor":16,"turns":8},{"damage":0,"enemies":"Shell Parasite","floor":18,"turns":4},{"damage":2,"enemies":"Spheric Guardian","floor":21,"turns":4},{"damage":15,"enemies":"Centurion and Healer","floor":22,"turns":5},{"damage":0,"enemies":"Gremlin Leader","floor":24,"turns":4},{"damage":8,"enemies":"Slavers","floor":28,"turns":4},{"damage":17,"enemies":"Book of Stabbing","floor":30,"turns":4},{"damage":4,"enemies":"Snake Plant","floor":31,"turns":4},{"damage":20,"enemies":"Champ","floor":33,"turns":10},{"damage":0,"enemies":"Orb Walker","floor":35,"turns":3},{"damage":3,"enemies":"3 Shapes","floor":39,"turns":5},{"damage":0,"enemies":"Giant Head","floor":40,"turns":5},{"damage":10,"enemies":"Reptomancer","floor":42,"turns":4},{"damage":0,"enemies":"Giant Head","floor":44,"turns":5},{"damage":2,"enemies":"Reptomancer","floor":48,"turns":3},{"damage":37,"enemies":"Time Eater","floor":50,"turns":9},{"damage":17,"enemies":"Shield and Spear","floor":54,"turns":5},{"damage":79,"enemies":"The Heart","floor":55,"turns":7}],"seed_played":"-3754507433579316624","potions_obtained":[{"floor":1,"key":"Block Potion"},{"floor":5,"key":"EssenceOfSteel"},{"floor":6,"key":"Slimebound:ThreeZeroPotion"},{"floor":8,"key":"Regen Potion"},{"floor":28,"key":"Weak Potion"},{"floor":30,"key":"BlessingOfTheForge"},{"floor":31,"key":"GhostInAJar"},{"floor":33,"key":"AttackPotion"},{"floor":35,"key":"BlessingOfTheForge"},{"floor":39,"key":"Fire Potion"},{"floor":40,"key":"Strength Potion"},{"floor":42,"key":"Strength Potion"},{"floor":44,"key":"AttackPotion"},{"floor":48,"key":"AttackPotion"},{"floor":54,"key":"Fire Potion"}],"is_trial":false,"path_per_floor":["M","?","?","?","M","E","$","E","T","M","R","?","$","$","R","B",null,"M","?","$","M","M","R","E","R","T","?","E","R","E","M","R","B",null,"M","?","$","?","M","E","R","E","T","E","$","R","?","E","R","B",null,"R","$","E","B",null],"character_chosen":"THE_SILENT","items_purchased":["Cloak And Dagger","Bronze Scales","Happy Flower","Thread and Needle","Nunchaku"],"campfire_rested":1,"item_purchase_floors":[7,14,20,37,45],"current_hp_per_floor":[70,70,58,58,58,58,58,49,49,49,49,49,49,49,49,21,70,70,70,70,68,53,53,70,70,70,70,62,62,45,41,41,21,70,70,70,70,60,57,57,57,47,47,47,47,47,38,36,57,20,70,70,70,53,16],"gold":176,"neow_bonus":"THREE_ENEMY_KILL","is_daily":false,"chose_seed":false,"campfire_upgraded":8,"win_rate":0.0,"timestamp":1607773355,"path_taken":["M","?","?","?","?","E","$","E","T","M","R","?","?","$","R","BOSS","M","?","$","M","M","R","E","R","T","?","E","R","E","M","R","BOSS","M","?","?","?","M","E","R","E","T","E","$","R","?","E","R","BOSS","R","$","E","BOSS"],"items_purchased_type":["Card","Relic","Relic","Relic","Relic"],"build_version":"2020-11-30","purchased_purges":1,"victory":true,"max_hp_per_floor":[70,70,70,70,70,70,70,70,70,70,70,70,70,70,70,70,70,70,70,70,70,70,70,70,70,70,70,70,70,70,70,70,70,70,70,70,70,70,70,70,70,70,70,70,70,70,70,70,70,70,70,70,70,70,70],"relic_stats":{"Happy Flower":[27],"counters":[23,104],"CeramicFish":108,"Pen Nib":[29],"Juzu Bracelet":0,"Question Card":13,"Smiling Mask":25,"Boot":[4],"Mercury Hourglass":[81],"Nunchaku":[9],"Shuriken":[32],"Bronze Scales":[298],"obtain_stats":[{"Lantern":8,"Calipers":54,"NeowsBlessing":0,"Happy Flower":20,"SacredBark":17,"CeramicFish":26,"Vajra":6,"Oddly Smooth Stone":42,"Thread and Needle":37,"Pen Nib":3,"Juzu Bracelet":24,"Question Card":28,"Smiling Mask":43,"Boot":48,"White Beast Statue":27,"Mercury Hourglass":44,"SlaversCollar":34,"Nunchaku":45,"Matryoshka":30,"Shuriken":40,"Bronze Scales":14,"Molten Egg 2":43,"CultistMask":4,"Ring of the Snake":0},{"Lantern":4,"Calipers":22,"NeowsBlessing":0,"Happy Flower":7,"SacredBark":6,"CeramicFish":10,"Vajra":3,"Oddly Smooth Stone":18,"Thread and Needle":15,"Pen Nib":1,"Juzu Bracelet":10,"Question Card":11,"Smiling Mask":18,"Boot":20,"White Beast Statue":10,"Mercury Hourglass":19,"SlaversCollar":14,"Nunchaku":19,"Matryoshka":12,"Shuriken":17,"Bronze Scales":5,"Molten Egg 2":18,"CultistMask":1,"Ring of the Snake":0},{"Lantern":9,"Calipers":97,"NeowsBlessing":0,"Happy Flower":23,"SacredBark":19,"CeramicFish":36,"Vajra":4,"Oddly Smooth Stone":75,"Thread and Needle":61,"Pen Nib":1,"Juzu Bracelet":36,"Question Card":40,"Smiling Mask":75,"Boot":83,"White Beast Statue":36,"Mercury Hourglass":80,"SlaversCollar":58,"Nunchaku":80,"Matryoshka":44,"Shuriken":71,"Bronze Scales":11,"Molten Egg 2":75,"CultistMask":1,"Ring of the Snake":0}],"Ring of the Snake":[46]},"card_choices":[{"not_picked":["Flying Knee","Eviscerate"],"picked":"Terror","floor":1},{"not_picked":["Backflip","Dagger Throw","Setup"],"picked":"SKIP","floor":5},{"not_picked":["Outmaneuver","Caltrops"],"picked":"Slice","floor":6},{"not_picked":["PiercingWail","Masterful Stab"],"picked":"Noxious Fumes","floor":8},{"not_picked":["Sucker Punch","Night Terror","Eviscerate"],"picked":"SKIP","floor":10},{"not_picked":["Adrenaline","Grand Finale"],"picked":"Venomology","floor":16},{"not_picked":["Crippling Poison","Poisoned Stab"],"picked":"Bane+1","floor":18},{"not_picked":["Outmaneuver","Deflect"],"picked":"Accuracy","floor":21},{"not_picked":["Prepared+1","Deflect+1"],"picked":"Backflip+1","floor":22},{"not_picked":["Setup","Riddle With Holes+1"],"picked":"Blur","floor":24},{"not_picked":["Deflect","Sucker Punch+1"],"picked":"Cloak And Dagger","floor":28},{"not_picked":["Eviscerate+1","Deflect","Reflex+1"],"picked":"Venomology","floor":30},{"not_picked":["Flying Knee","Dodge and Roll","Deadly Poison","Underhanded Strike"],"picked":"SKIP","floor":31},{"not_picked":["Unload","Wraith Form v2","Malaise"],"picked":"Doppelganger","floor":33},{"not_picked":["Dagger Spray+1","Setup+1","Blade Dance","Quick Slash"],"picked":"SKIP","floor":35},{"not_picked":["expansioncontent:TimeRipple","Purity","expansioncontent:PolyBeam"],"picked":"Master of Strategy","floor":38},{"not_picked":["expansioncontent:Chronoboost","Magnetism","expansioncontent:DecasProtection"],"picked":"Violence","floor":38},{"not_picked":["Setup+1","PiercingWail","Poisoned Stab+1","Flying Knee+1"],"picked":"SKIP","floor":39},{"not_picked":["Quick Slash","Riddle With Holes+1","Setup+1"],"picked":"Slice","floor":40},{"not_picked":["Malaise","Bouncing Flask+1","Calculated Gamble+1","Heel Hook+1"],"picked":"SKIP","floor":42},{"not_picked":["Setup","Slice+1","Expertise"],"picked":"Blade Dance+1","floor":44},{"not_picked":["Escape Plan","Expertise","Acrobatics+1"],"picked":"Blade Dance+1","floor":48},{"not_picked":["Sucker Punch+1","Underhanded Strike+1","Concentrate+1"],"picked":"Venomology","floor":54}],"player_experience":257347,"relics_obtained":[{"floor":6,"key":"Vajra"},{"floor":8,"key":"Lantern"},{"floor":24,"key":"Juzu Bracelet"},{"floor":26,"key":"CeramicFish"},{"floor":28,"key":"Question Card"},{"floor":30,"key":"Matryoshka"},{"floor":40,"key":"Shuriken"},{"floor":42,"key":"Oddly Smooth Stone"},{"floor":43,"key":"Smiling Mask"},{"floor":43,"key":"Molten Egg 2"},{"floor":44,"key":"Mercury Hourglass"},{"floor":48,"key":"Boot"},{"floor":54,"key":"Calipers"}],"event_choices":[{"damage_healed":0,"gold_gain":0,"player_choice":"Ignored","damage_taken":0,"max_hp_gain":0,"max_hp_loss":0,"event_name":"Golden Wing","floor":2,"gold_loss":0},{"damage_healed":0,"gold_gain":0,"player_choice":"Success","damage_taken":12,"relics_obtained":["Pen Nib"],"max_hp_gain":0,"max_hp_loss":0,"event_name":"Scrap Ooze","floor":3,"gold_loss":0},{"damage_healed":0,"gold_gain":0,"player_choice":"Trade","damage_taken":0,"relics_obtained":["CultistMask"],"max_hp_gain":0,"max_hp_loss":0,"event_name":"FaceTrader","floor":4,"gold_loss":0},{"cards_removed":["Strike_G"],"damage_healed":0,"gold_gain":0,"player_choice":"Purged","damage_taken":0,"max_hp_gain":0,"max_hp_loss":0,"event_name":"Purifier","floor":12,"gold_loss":0},{"damage_healed":0,"gold_gain":99,"player_choice":"Stole From Cult","damage_taken":0,"max_hp_gain":0,"max_hp_loss":0,"event_name":"Nest","floor":19,"gold_loss":0},{"damage_healed":0,"gold_gain":0,"player_choice":"Opened","damage_taken":0,"relics_obtained":["White Beast Statue"],"max_hp_gain":0,"max_hp_loss":0,"event_name":"The Mausoleum","floor":27,"gold_loss":0,"cards_obtained":["Writhe"]},{"damage_healed":0,"gold_gain":0,"player_choice":"Forge","damage_taken":0,"max_hp_gain":0,"max_hp_loss":0,"event_name":"Accursed Blacksmith","floor":36,"gold_loss":0,"cards_upgraded":["Doppelganger"]},{"damage_healed":0,"gold_gain":0,"player_choice":"Memory 3","damage_taken":10,"max_hp_gain":0,"max_hp_loss":0,"event_name":"SensoryStone","floor":38,"gold_loss":0},{"damage_healed":0,"gold_gain":0,"player_choice":"Embrace Madness","damage_taken":9,"max_hp_gain":0,"max_hp_loss":0,"event_name":"Winding Halls","floor":47,"gold_loss":0,"cards_obtained":["Madness","Madness"]}],"is_beta":false,"boss_relics":[{"not_picked":["Empty Cage","Runic Pyramid"],"picked":"SacredBark"},{"not_picked":["Fusion Hammer","Cursed Key"],"picked":"SlaversCollar"}],"items_purged_floors":[45],"is_endless":false,"potions_floor_spawned":[1,5,6,8,18,21,28,30,31,33,35,39,40,42,44,48,54],"ascension_level":1}}