{"host":"y76clbnovzmw9ubx","time":1607812236,"event":{"mods":["AchievementEnabler","BaseMod","Minty Spire (QoL Compilation)","Permanent Neow","Relic Stats"],"gold_per_floor":[117,136,149,149,165,193,193,223,249,284,284,302,302,321,321,416,416,435,455,370,385,210,210,210],"floor_reached":23,"playtime":2142,"items_purged":["Decay"],"score":333,"play_id":"e5f2ca55-11e1-473b-8e4e-d41c402ea1cf","local_time":"20201212173036","is_ascension_mode":true,"campfire_choices":[{"data":"Adaptation","floor":7,"key":"SMITH"},{"floor":11,"key":"REST"},{"data":"Conclude","floor":15,"key":"SMITH"}],"circlet_count":0,"master_deck":["Strike_P","Strike_P","Strike_P+1","Strike_P","Defend_P","Defend_P","Defend_P","Defend_P","Eruption","Vigilance","DeusExMachina","Wallop","Protect","Wallop+1","Adaptation+1","Conclude+1","EmptyBody","Wallop","Omniscience","EmptyFist","CutThroughFate+1","TalkToTheHand","Crescendo"],"relics":["PureWater","Bottled Tornado","Boot","Whetstone","Anchor","Philosopher\u0027s Stone","Question Card"],"acts_visited":["Exordium","TheCity"],"potions_floor_usage":[8,18,19,23],"damage_taken":[{"damage":5,"enemies":"2 Louse","floor":1,"turns":3},{"damage":0,"enemies":"Cultist","floor":2,"turns":4},{"damage":0,"enemies":"Small Slimes","floor":3,"turns":2},{"damage":9,"enemies":"Exordium Wildlife","floor":5,"turns":6},{"damage":11,"enemies":"Gremlin Nob","floor":6,"turns":4},{"damage":32,"enemies":"Lagavulin","floor":8,"turns":7},{"damage":0,"enemies":"3 Sentries","floor":10,"turns":3},{"damage":0,"enemies":"Blue Slaver","floor":12,"turns":3},{"damage":0,"enemies":"3 Louse","floor":14,"turns":2},{"damage":7,"enemies":"The Guardian","floor":16,"turns":13},{"damage":4,"enemies":"2 Thieves","floor":18,"turns":5},{"damage":5,"enemies":"3 Byrds","floor":19,"turns":4},{"damage":9,"enemies":"3 Cultists","floor":21,"turns":4},{"damage":49,"enemies":"Slavers","floor":23,"turns":5}],"seed_played":"8254713222236743342","potions_obtained":[{"floor":1,"key":"PowerPotion"},{"floor":2,"key":"SpeedPotion"},{"floor":10,"key":"Energy Potion"},{"floor":12,"key":"Fire Potion"},{"floor":19,"key":"Ancient Potion"}],"is_trial":false,"path_per_floor":["M","M","M","?","M","E","R","E","T","E","R","M","?","M","R","B",null,"M","M","?","M","$","E"],"character_chosen":"WATCHER","items_purchased":["TalkToTheHand","Crescendo"],"campfire_rested":1,"item_purchase_floors":[22,22],"current_hp_per_floor":[60,60,60,60,51,40,40,8,8,8,29,29,29,29,29,22,60,56,51,51,42,42,0,0],"gold":210,"neow_bonus":"ONE_RANDOM_RARE_CARD","is_daily":false,"chose_seed":false,"campfire_upgraded":2,"win_rate":0.0,"timestamp":1607812236,"path_taken":["M","M","M","?","M","E","R","E","T","E","R","M","?","?","R","BOSS","M","M","?","M","$","E"],"items_purchased_type":["Card","Card"],"build_version":"2020-11-30","purchased_purges":1,"victory":false,"max_hp_per_floor":[72,72,72,72,72,72,72,72,72,72,72,72,72,72,72,72,72,72,72,72,72,72,72,72],"relic_stats":{"counters":[14,65],"Whetstone":["Wallop","Strike_P"],"Boot":[15],"Question Card":1,"obtain_stats":[{"Anchor":10,"Philosopher\u0027s Stone":17,"Whetstone":9,"PureWater":0,"Bottled Tornado":6,"Boot":8,"Question Card":20},{"Anchor":7,"Philosopher\u0027s Stone":10,"Whetstone":6,"PureWater":0,"Bottled Tornado":5,"Boot":6,"Question Card":12},{"Anchor":29,"Philosopher\u0027s Stone":47,"Whetstone":26,"PureWater":0,"Bottled Tornado":19,"Boot":26,"Question Card":56}]},"card_choices":[{"not_picked":["DeceiveReality","Swivel"],"picked":"Wallop","floor":1},{"not_picked":["FlurryOfBlows","BowlingBash"],"picked":"Protect","floor":2},{"not_picked":["ClearTheMind","Fasting2"],"picked":"Wallop","floor":3},{"not_picked":["ThirdEye","Swivel"],"picked":"Adaptation","floor":5},{"not_picked":["CarveReality","Prostrate","WheelKick"],"picked":"SKIP","floor":6},{"not_picked":["Wireheading","CutThroughFate"],"picked":"Conclude","floor":8},{"not_picked":["PathToVictory","Prostrate","Collect"],"picked":"SKIP","floor":10},{"not_picked":["BowlingBash","JustLucky"],"picked":"EmptyBody","floor":12},{"not_picked":["Fasting2","CutThroughFate"],"picked":"Wallop","floor":14},{"not_picked":["DeusExMachina","Brilliance"],"picked":"Omniscience","floor":16},{"not_picked":["InnerPeace","EmptyBody+1"],"picked":"EmptyFist","floor":18},{"not_picked":["Protect","JustLucky","FollowUp"],"picked":"SKIP","floor":19},{"not_picked":["JustLucky+1","Halt","SashWhip"],"picked":"CutThroughFate+1","floor":21}],"player_experience":2828898,"relics_obtained":[{"floor":6,"key":"Bottled Tornado"},{"floor":8,"key":"Boot"},{"floor":9,"key":"Whetstone"},{"floor":10,"key":"Anchor"}],"event_choices":[{"damage_healed":0,"gold_gain":0,"player_choice":"Ignored","damage_taken":0,"max_hp_gain":0,"max_hp_loss":0,"event_name":"Liars Game","floor":4,"gold_loss":0},{"damage_healed":0,"gold_gain":0,"player_choice":"Cursed","damage_taken":0,"max_hp_gain":0,"max_hp_loss":0,"event_name":"Wheel of Change","floor":13,"gold_loss":0,"cards_obtained":["Decay"]},{"damage_healed":0,"gold_gain":0,"player_choice":"Obtained Relic","damage_taken":0,"relics_obtained":["Question Card"],"max_hp_gain":0,"max_hp_loss":0,"event_name":"Addict","floor":20,"gold_loss":85}],"is_beta":false,"boss_relics":[{"not_picked":["Runic Dome","Busted Crown"],"picked":"Philosopher\u0027s Stone"}],"items_purged_floors":[22],"is_endless":false,"potions_floor_spawned":[1,2,10,12,19],"killed_by":"Slavers","ascension_level":8}}