{"host":"0tiuc76yumknr6qf","time":1607734354,"event":{"mods":["BaseMod","Minty Spire (QoL Compilation)","StSLib"],"gold_per_floor":[116,135,153,228,247,247,272,272,272,272,300,300,167,188,188,279,279,300,96,115,115,15,15,15],"floor_reached":23,"playtime":5166,"items_purged":["Strike_B","Strike_B"],"score":498,"play_id":"08e19ba4-5467-4e5a-972f-8673b08bdee5","local_time":"20201211185234","is_ascension_mode":true,"campfire_choices":[{"data":"Go for the Eyes","floor":6.0,"key":"SMITH"},{"floor":8.0,"key":"REST"},{"floor":15.0,"key":"REST"}],"circlet_count":0,"master_deck":["AscendersBane","Strike_B","Strike_B","Defend_B","Defend_B","Defend_B","Defend_B","Zap","Dualcast","Finesse","Compile Driver","Go for the Eyes+1","Core Surge","Conserve Battery","Hello World+1","Machine Learning+1","Coolheaded+1","Reinforced Body","Echo Form+1","Ball Lightning+1","Capacitor+1","Auto Shields"],"relics":["Cracked Core","Frozen Egg 2","White Beast Statue","Singing Bowl","Golden Idol","Busted Crown","ClockworkSouvenir"],"acts_visited":["Exordium","TheCity"],"potions_floor_usage":[23,23],"damage_taken":[{"damage":0.0,"enemies":"2 Louse","floor":1.0,"turns":2.0},{"damage":1.0,"enemies":"Small Slimes","floor":2.0,"turns":3.0},{"damage":5.0,"enemies":"Jaw Worm","floor":3.0,"turns":4.0},{"damage":9.0,"enemies":"3 Louse","floor":5.0,"turns":3.0},{"damage":19.0,"enemies":"Lagavulin","floor":7.0,"turns":8.0},{"damage":14.0,"enemies":"3 Sentries","floor":11.0,"turns":8.0},{"damage":25.0,"enemies":"Exordium Thugs","floor":14.0,"turns":4.0},{"damage":0.0,"enemies":"The Guardian","floor":16.0,"turns":12.0},{"damage":8.0,"enemies":"Spheric Guardian","floor":18.0,"turns":4.0},{"damage":7.0,"enemies":"Chosen","floor":20.0,"turns":4.0},{"damage":46,"enemies":"Slavers","floor":23,"turns":6}],"seed_played":"7556781721590938947","potions_obtained":[{"floor":1.0,"key":"FocusPotion"},{"floor":11.0,"key":"PotionOfCapacity"},{"floor":14.0,"key":"Explosive Potion"},{"floor":16.0,"key":"LiquidBronze"},{"floor":18.0,"key":"Explosive Potion"},{"floor":20.0,"key":"Block Potion"}],"is_trial":false,"path_per_floor":["M","M","M","?","M","R","E","R","T","?","E","?","$","M","R","B",null,"M","$","M","?","$","E"],"character_chosen":"DEFECT","items_purchased":["Coolheaded","Capacitor+1","ClockworkSouvenir"],"campfire_rested":2,"item_purchase_floors":[13,19,19],"current_hp_per_floor":[64,63,58,47,38,38,19,40,40,40,26,26,26,1,20,20,53,45,45,38,38,38,0,0],"gold":15,"neow_bonus":"RANDOM_COLORLESS","is_daily":false,"chose_seed":false,"campfire_upgraded":1,"win_rate":0.0,"timestamp":1607734354,"path_taken":["M","M","M","?","M","R","E","R","T","?","E","?","$","M","R","BOSS","M","$","M","?","?","E"],"items_purchased_type":["Card","Card","Relic"],"build_version":"2020-11-30","purchased_purges":2,"victory":false,"max_hp_per_floor":[71,71,71,71,71,71,71,71,71,71,71,64,64,64,64,64,64,64,64,64,64,64,64,64],"card_choices":[{"not_picked":["Jack Of All Trades","Swift Strike"],"picked":"Finesse","floor":0.0},{"not_picked":["Redo","Leap"],"picked":"Compile Driver","floor":1.0},{"not_picked":["Rebound","Melter"],"picked":"Go for the Eyes","floor":2.0},{"not_picked":["Steam","Redo"],"picked":"Core Surge","floor":3.0},{"not_picked":["Stack","Streamline"],"picked":"Conserve Battery","floor":5.0},{"not_picked":["Streamline","FTL"],"picked":"Hello World+1","floor":7.0},{"not_picked":["Hologram","Skim"],"picked":"Machine Learning+1","floor":11.0},{"not_picked":["Hologram","Sweeping Beam"],"picked":"Reinforced Body","floor":14.0},{"not_picked":["Amplify","Seek"],"picked":"Echo Form+1","floor":16.0},{"not_picked":[],"picked":"Ball Lightning+1","floor":18.0},{"not_picked":[],"picked":"Auto Shields","floor":20.0}],"player_experience":1788171,"relics_obtained":[{"floor":7.0,"key":"Frozen Egg 2"},{"floor":9.0,"key":"White Beast Statue"},{"floor":11.0,"key":"Singing Bowl"}],"event_choices":[{"damage_healed":0.0,"max_hp_gain":0.0,"max_hp_loss":0.0,"gold_gain":75.0,"event_name":"World of Goop","player_choice":"Gather Gold","floor":4.0,"gold_loss":0.0,"damage_taken":11.0},{"damage_healed":0.0,"max_hp_gain":0.0,"max_hp_loss":0.0,"gold_gain":0.0,"event_name":"Scrap Ooze","player_choice":"Fled","floor":10.0,"gold_loss":0.0,"damage_taken":0.0},{"damage_healed":0.0,"max_hp_gain":0.0,"max_hp_loss":7.0,"gold_gain":0.0,"event_name":"Golden Idol","player_choice":"Lose Max HP","floor":12.0,"gold_loss":0.0,"damage_taken":0.0,"relics_obtained":["Golden Idol"]},{"damage_healed":0.0,"max_hp_gain":0.0,"max_hp_loss":0.0,"gold_gain":0.0,"event_name":"Accursed Blacksmith","player_choice":"Forge","floor":21.0,"gold_loss":0.0,"damage_taken":0.0,"cards_upgraded":["Coolheaded"]}],"is_beta":false,"boss_relics":[{"not_picked":["Nuclear Battery","Fusion Hammer"],"picked":"Busted Crown"}],"items_purged_floors":[13,22],"is_endless":false,"potions_floor_spawned":[1,11,14,16,18,20],"killed_by":"Slavers","ascension_level":20}}