{"host":"0cnf9zf1gia27zti","time":1607787164,"event":{"mods":["BaseMod","BetterRewards","Card Forge","Colored Map","Colored Powertips","Conspire","Downfall","Minty Spire (QoL Compilation)","Quick Restart","Replay The Spire","Shade Mod","Spicy Shops","StSLib"],"gold_per_floor":[116,116,130,144,94,94,121,16,16,35,52,63,13,13,13,111,111,124,0,15,15,25,51,13,13,13,13,26,26,26,26,36,36,36,141,141,161,41,41,59,10,36,36,36,36,82,123,25,25,67,67,87],"floor_reached":53,"playtime":7654,"items_purged":["Strike_G","Strike_G"],"score":1113,"play_id":"1a2a2ce4-3ccc-4ad1-a649-8f52328a6919","local_time":"20201212153244","is_ascension_mode":true,"campfire_choices":[{"data":"Noxious Fumes","floor":6,"key":"SMITH"},{"floor":25,"key":"REST"},{"floor":27,"key":"REST"},{"data":"Phantasmal Killer","floor":34,"key":"SMITH"},{"data":"Burst","floor":43,"key":"SMITH"},{"floor":49,"key":"REST"},{"floor":51,"key":"REST"}],"circlet_count":0,"master_deck":["AscendersBane","Survivor","Neutralize","conspire:DoublingDagger","Choke","Noxious Fumes+1","Sucker Punch","Noxious Fumes","Catalyst","Blade Dance+1","Adrenaline+1","Skewer+1","Cloak And Dagger","Terror","PiercingWail","Phantasmal Killer+1","Backflip","conspire:DoublingDagger","Choke","Backflip+1","Footwork","PiercingWail","Envenom","Burst+1","Choke","Riddle With Holes","Expertise","Flying Knee","Deadly Poison","Draining Mist","All Out Attack","Phantasmal Killer","Crippling Poison+1","Replay:SS_hec_2","Blade Dance","Cloak And Dagger+1","Footwork+1","Accuracy","Skewer+1"],"relics":["Ring of the Snake","Hammer of Thor","Seething Fire","Anvil of the Gods","Membership Card","Lee\u0027s Waffle","CaptainsWheel","Question Card","Anchor","Mummified Hand","War Paint","Boot","SlaversCollar","Bottled Tornado","MealTicket","The Specimen","Pandora\u0027s Box","HornCleat","Replay:Bandana","CeramicFish","ReplayTheSpireMod:Lightbulb","Blue Doll"],"acts_visited":["Exordium","TheCity","TheBeyond"],"potions_floor_usage":[7,12,12,20,23,32,42,42,50],"damage_taken":[{"damage":0,"enemies":"Jaw Worm","floor":1,"turns":3},{"damage":3,"enemies":"Small Slimes","floor":3,"turns":4},{"damage":0,"enemies":"2 Louse","floor":4,"turns":2},{"damage":15,"enemies":"3 Sentries","floor":7,"turns":4},{"damage":3,"enemies":"Blue Slaver","floor":10,"turns":2},{"damage":0,"enemies":"Exordium Thugs","floor":11,"turns":4},{"damage":0,"enemies":"Gremlin Gang","floor":12,"turns":2},{"damage":34,"enemies":"Fading Forest","floor":16,"turns":11},{"damage":0,"enemies":"Spheric Guardian","floor":18,"turns":4},{"damage":12,"enemies":"3 Byrds","floor":20,"turns":4},{"damage":18,"enemies":"Cultist and Chosen","floor":22,"turns":5},{"damage":38,"enemies":"Gremlin Leader","floor":23,"turns":5},{"damage":14,"enemies":"Snake Plant","floor":28,"turns":3},{"damage":47,"enemies":"Snecko","floor":32,"turns":8},{"damage":9,"enemies":"Collector","floor":35,"turns":7},{"damage":14,"enemies":"Orb Walker","floor":37,"turns":4},{"damage":0,"enemies":"3 Shapes","floor":40,"turns":4},{"damage":10,"enemies":"Giant Head","floor":42,"turns":7},{"damage":20,"enemies":"conspire:MimicChest","floor":46,"turns":6},{"damage":49,"enemies":"Transient","floor":47,"turns":5},{"damage":0,"enemies":"Jaw Worm Horde","floor":50,"turns":4},{"damage":35,"enemies":"Donu and Deca","floor":52,"turns":7}],"seed_played":"-1914388883823243428","potions_obtained":[{"floor":1,"key":"ColorlessPotion"},{"floor":7,"key":"SteroidPotion"},{"floor":11,"key":"SteroidPotion"},{"floor":16,"key":"Weak Potion"},{"floor":22,"key":"Strength Potion"},{"floor":28,"key":"Regen Potion"},{"floor":37,"key":"Guardian:BlockOnCardUsePotion"},{"floor":40,"key":"Energy Potion"},{"floor":46,"key":"SpeedPotion"}],"is_trial":false,"path_per_floor":["M","?","M","M","?","R","E","$","T","M","M","M","$","?","R_BF","B",null,"M","$","M","?","M","E","$","R","T","R","M","?","PTL","PTL","M","?","R","B",null,"M","$","?","M","$","E","R","$","T","?","M","$","R","M","R","B",null],"character_chosen":"THE_SILENT","items_purchased":["conspire:DoublingDagger","Choke","Membership Card","Lee\u0027s Waffle","CaptainsWheel","Noxious Fumes","Question Card","Anchor","Skewer","Bottled Tornado","Footwork","HornCleat","Replay:SS_hec_2","Accuracy","Blue Doll"],"campfire_rested":4,"item_purchase_floors":[0,0,0,0,0,0,0,0,8,19,24,38,41,48,48],"current_hp_per_floor":[77,82,79,79,79,79,64,64,64,61,61,61,61,61,82,48,74,74,74,62,62,44,6,21,45,45,69,55,55,55,55,23,82,82,73,80,66,81,81,81,82,72,72,82,82,62,13,28,52,52,76,41],"gold":87,"neow_bonus":"","is_daily":false,"chose_seed":false,"campfire_upgraded":3,"win_rate":0.0,"timestamp":1607787164,"path_taken":["M","?","M","M","?","R","E","$","T","M","M","M","$","?","R_BF","BOSS","M","$","M","?","M","E","?","R","T","R","?","?","PTL","PTL","M","?","R","BOSS","M","?","?","?","$","E","R","?","T","?","M","$","R","M","R","BOSS"],"items_purchased_type":["Card","Card","Relic","Relic","Relic","Card","Relic","Relic","Card","Relic","Card","Relic","Card","Card","Relic"],"build_version":"2020-11-30","purchased_purges":2,"victory":true,"max_hp_per_floor":[77,82,82,82,82,82,82,82,82,82,82,82,82,82,82,82,82,82,82,82,82,82,82,82,82,82,82,82,82,82,82,82,82,82,82,82,82,82,82,82,82,82,82,82,82,82,82,82,82,82,82,82],"card_choices":[{"not_picked":["PiercingWail","Prepared","ReplayTheSpireMod:Scrap Shanks"],"picked":"Noxious Fumes","floor":1},{"not_picked":["ReplayTheSpireMod:The Works","Bouncing Flask","Hidden Blade"],"picked":"Catalyst","floor":3},{"not_picked":["Prepared","Backflip","Poisoned Stab"],"picked":"Blade Dance","floor":4},{"not_picked":["Dagger Throw","Acrobatics","Replay:Poison Smokescreen"],"picked":"Adrenaline","floor":7},{"not_picked":["Quick Slash","Poisoned Stab","Setup"],"picked":"Cloak And Dagger","floor":10},{"not_picked":["ReplayTheSpireMod:The Works","Outmaneuver","ReplayTheSpireMod:Shiv Toss"],"picked":"Terror","floor":11},{"not_picked":["Toxin Wave","Riddle With Holes","Heel Hook"],"picked":"PiercingWail","floor":12},{"not_picked":["Adrenaline","Bullet Time","ReplayTheSpireMod:Necrosis"],"picked":"Phantasmal Killer","floor":16},{"not_picked":["Eviscerate","Poisoned Stab","Flying Knee+1"],"picked":"Backflip","floor":18},{"not_picked":["Acrobatics","Slice","Hidden Blade"],"picked":"conspire:DoublingDagger","floor":20},{"not_picked":["Flying Knee","Quick Slash","Dodge and Roll"],"picked":"Choke","floor":22},{"not_picked":["Expertise","Calculated Gamble+1","Choke+1"],"picked":"Backflip+1","floor":23},{"not_picked":["Quick Slash","Setup","Poisoned Stab"],"picked":"PiercingWail","floor":28},{"not_picked":["Poisoned Stab","conspire:DoublingDagger","Backflip"],"picked":"Envenom","floor":32},{"not_picked":["Malaise","Doppelganger","A Thousand Cuts"],"picked":"Burst","floor":35},{"not_picked":["Hidden Blade","Flying Knee","ReplayTheSpireMod:Tripwire","Reflex"],"picked":"SKIP","floor":37},{"not_picked":["Hidden Blade+1","Dagger Throw+1","Bane"],"picked":"Crippling Poison+1","floor":40},{"not_picked":["Flying Knee+1","Bullet Time","Concentrate"],"picked":"Blade Dance","floor":42},{"not_picked":["Dodge and Roll","Fluid Movement","Replay:Poison Smokescreen"],"picked":"Cloak And Dagger+1","floor":46},{"not_picked":["Dash+1","Well Laid Plans","Eviscerate"],"picked":"Footwork+1","floor":47},{"not_picked":["Quick Slash+1","Underhanded Strike","Dagger Throw"],"picked":"Skewer+1","floor":50}],"player_experience":1931279,"relics_obtained":[{"floor":7,"key":"War Paint"},{"floor":9,"key":"Boot"},{"floor":23,"key":"MealTicket"},{"floor":26,"key":"The Specimen"},{"floor":42,"key":"Replay:Bandana"},{"floor":45,"key":"CeramicFish"},{"floor":46,"key":"ReplayTheSpireMod:Lightbulb"}],"event_choices":[{"damage_healed":0,"gold_gain":0,"player_choice":"Donut","damage_taken":0,"max_hp_gain":5,"max_hp_loss":0,"event_name":"Big Fish","floor":2,"gold_loss":0},{"cards_removed":["Strike_G"],"damage_healed":0,"gold_gain":0,"player_choice":"Card Removal","damage_taken":0,"max_hp_gain":0,"max_hp_loss":0,"event_name":"The Cleric","floor":5,"gold_loss":50},{"damage_healed":0,"gold_gain":0,"player_choice":"Disagree","damage_taken":0,"max_hp_gain":0,"max_hp_loss":0,"event_name":"conspire:LoneGhost","floor":14,"gold_loss":0},{"damage_healed":0,"gold_gain":0,"player_choice":"Forge","damage_taken":0,"max_hp_gain":0,"max_hp_loss":0,"event_name":"Accursed Blacksmith","floor":21,"gold_loss":0,"cards_upgraded":["Skewer"]},{"damage_healed":59,"gold_gain":0,"player_choice":"Full Heal","damage_taken":0,"max_hp_gain":0,"max_hp_loss":0,"event_name":"Wheel of Change","floor":33,"gold_loss":0},{"damage_healed":0,"gold_gain":0,"player_choice":"1 cards matched","damage_taken":0,"max_hp_gain":0,"max_hp_loss":0,"event_name":"Match and Keep!","floor":39,"gold_loss":0,"cards_obtained":["Phantasmal Killer"]}],"is_beta":false,"boss_relics":[{"not_picked":["Snecko Eye","Calling Bell"],"picked":"SlaversCollar"},{"not_picked":["conspire:RunicOctahedron","conspire:SeveredTorchhead"],"picked":"Pandora\u0027s Box"}],"items_purged_floors":[0,13],"is_endless":false,"potions_floor_spawned":[1,7,11,16,22,28,37,40,46],"ascension_level":12}}