{"host":"avjwtc49fhlk6kym","time":1607791718,"event":{"mods":["AchievementEnabler","BaseMod","Better Match","Better Note","Better Third Choice","Colored Map","Colored Powertips","Displayed Cursed Tome","Highlight Path","Minty Spire (QoL Compilation)","Permanent Neow","Quick Restart","StSLib"],"gold_per_floor":[119,131,86,86,86,86,112,112,112,112,129,154,154,64,64,161,161,161,161,174,191,204,204,204],"floor_reached":23,"playtime":720,"items_purged":[],"score":219,"play_id":"5960f25a-cd15-48cd-8653-08e06e5922a2","local_time":"20201212114838","is_ascension_mode":true,"campfire_choices":[{"data":"Eruption","floor":6.0,"key":"SMITH"},{"floor":8.0,"key":"REST"},{"data":"ConjureBlade","floor":10.0,"key":"SMITH"},{"data":"PathToVictory","floor":13.0,"key":"SMITH"},{"data":"CrushJoints","floor":15.0,"key":"SMITH"}],"circlet_count":0,"master_deck":["Strike_P","Strike_P","Strike_P","Defend_P","Defend_P","Eruption+1","Vigilance","Apotheosis+1","ClearTheMind","LikeWater","PathToVictory+1","ConjureBlade+1","Conclude","Evaluate","CrushJoints+1","Wireheading+1","Establishment+1","Consecrate","WaveOfTheHand","BattleHymn+1","CrushJoints","PathToVictory"],"relics":["PureWater","Frozen Egg 2","Darkstone Periapt","Torii","Black Star"],"acts_visited":["Exordium","TheCity"],"potions_floor_usage":[18,21,22,23],"damage_taken":[{"damage":2.0,"enemies":"Jaw Worm","floor":1.0,"turns":3.0},{"damage":0.0,"enemies":"Cultist","floor":2.0,"turns":3.0},{"damage":12.0,"enemies":"Gremlin Nob","floor":7.0,"turns":4.0},{"damage":0.0,"enemies":"Small Slimes","floor":11.0,"turns":1.0},{"damage":11.0,"enemies":"3 Sentries","floor":12.0,"turns":6.0},{"damage":11.0,"enemies":"Hexaghost","floor":16.0,"turns":10.0},{"damage":0,"enemies":"3 Byrds","floor":18,"turns":1},{"damage":18,"enemies":"Chosen","floor":20,"turns":5},{"damage":0,"enemies":"Snake Plant","floor":21,"turns":2},{"damage":18,"enemies":"Chosen and Byrds","floor":22,"turns":4},{"damage":38,"enemies":"Slavers","floor":23,"turns":1}],"seed_played":"8160766725723659231","potions_obtained":[{"floor":7.0,"key":"SmokeBomb"},{"floor":11.0,"key":"Weak Potion"},{"floor":16.0,"key":"Strength Potion"},{"floor":20,"key":"Ambrosia"},{"floor":21,"key":"SteroidPotion"}],"is_trial":false,"path_per_floor":["M","M","$","?","?","R","E","R","T","R","M","E","R","$","R","B",null,"M","?","M","M","M","E"],"character_chosen":"WATCHER","items_purchased":["PathToVictory","CrushJoints","Wireheading+1"],"campfire_rested":1,"item_purchase_floors":[3,14,14],"current_hp_per_floor":[49,49,49,49,49,49,37,58,58,58,58,47,47,47,47,36,72,72,72,54,54,36,0,0],"gold":204,"neow_bonus":"RANDOM_COLORLESS_2","is_daily":false,"chose_seed":false,"campfire_upgraded":4,"win_rate":0.0,"timestamp":1607791718,"path_taken":["M","M","$","?","?","R","E","R","T","R","?","E","R","?","R","BOSS","M","?","M","M","M","E"],"items_purchased_type":["Card","Card","Card"],"build_version":"2020-11-30","purchased_purges":0,"victory":false,"max_hp_per_floor":[72,72,72,72,72,72,72,72,72,72,72,72,72,72,72,72,72,72,72,72,72,72,72,72],"card_choices":[{"not_picked":["HandOfGreed","Magnetism"],"picked":"Apotheosis","floor":0.0},{"not_picked":["SashWhip","Prostrate"],"picked":"ClearTheMind","floor":1.0},{"not_picked":["ReachHeaven","Perseverance"],"picked":"LikeWater","floor":2.0},{"not_picked":["Crescendo","Fasting2+1","SashWhip"],"picked":"SKIP","floor":7.0},{"not_picked":["InnerPeace","CutThroughFate"],"picked":"Conclude","floor":11.0},{"not_picked":["EmptyFist","Fasting2+1"],"picked":"Evaluate","floor":12.0},{"not_picked":["ConjureBlade","Omniscience"],"picked":"Establishment+1","floor":16.0},{"not_picked":["Crescendo","JustLucky"],"picked":"BattleHymn+1","floor":20},{"not_picked":["BowlingBash","Halt+1"],"picked":"CrushJoints","floor":21},{"not_picked":["Protect","CrushJoints"],"picked":"PathToVictory","floor":22}],"player_experience":492090,"relics_obtained":[{"floor":7.0,"key":"Frozen Egg 2"},{"floor":9.0,"key":"Darkstone Periapt"},{"floor":12.0,"key":"Torii"}],"event_choices":[{"damage_healed":0.0,"max_hp_gain":0.0,"max_hp_loss":0.0,"gold_gain":0.0,"event_name":"Living Wall","player_choice":"Grow","floor":4.0,"gold_loss":0.0,"damage_taken":0.0,"cards_upgraded":["Apotheosis"]},{"damage_healed":0.0,"max_hp_gain":0.0,"max_hp_loss":0.0,"gold_gain":0.0,"cards_transformed":["Defend_P"],"event_name":"Transmorgrifier","player_choice":"Transformed","floor":5.0,"gold_loss":0.0,"damage_taken":0.0,"cards_obtained":["ConjureBlade"]},{"damage_healed":0,"gold_gain":0,"cards_transformed":["Strike_P","Defend_P"],"player_choice":"Became Test Subject","damage_taken":0,"max_hp_gain":0,"max_hp_loss":0,"event_name":"Drug Dealer","floor":19,"gold_loss":0,"cards_obtained":["Consecrate","WaveOfTheHand"]}],"is_beta":false,"boss_relics":[{"not_picked":["Velvet Choker","Astrolabe"],"picked":"Black Star"}],"items_purged_floors":[],"is_endless":false,"potions_floor_spawned":[7,11,16,18,20,21],"killed_by":"Slavers","ascension_level":2}}