{"host":"agga6lej02o7kt08","time":1607804969,"event":{"mods":["Arknights The Spire","Aspiration","BaseMod","Better Third Choice","CapriCore","Colored Map","Colored Powertips","Hermit","Hubris","Infinite Spire","Koishi","Marisa£¨Ùöéë¡¡Øª×âÞÞ£©","Minty Spire (QoL Compilation)","Reimu£¨ÚÏ???£©","Replay The Spire","Spicy Shops","StSLib","The Immortal","¡¼?Úª?ø«¡½REMEMod"],"gold_per_floor":[109,109,109,125,200,200,225,263,263,292,306,332,332,363,363,363,363],"floor_reached":16,"playtime":491,"items_purged":[],"score":132,"play_id":"1595dd25-3e24-4a1d-8382-48e208ab7ab1","local_time":"20201213052929","is_ascension_mode":true,"campfire_choices":[{"data":"Bash","floor":6,"key":"SMITH"},{"data":"Shrug It Off","floor":13,"key":"SMITH"},{"floor":15,"key":"REST"}],"circlet_count":0,"master_deck":["Strike_R","Strike_R+1","Strike_R","Strike_R","Strike_R","Defend_R","Defend_R","Defend_R","Defend_R","Bash+1","hermit:RoundhouseKick","Shrug It Off+1"],"relics":["Burning Blood","REME_ComplimentaryCards","aspiration:Nostalgia","Koishi:ImaginaryFriend","Gremlin Food","Replay:Mystery Machine","Letter Opener","MealTicket","Onion Ring","Gambling Chip"],"acts_visited":["Exordium"],"potions_floor_usage":[7,10,12,12,14,14,16],"damage_taken":[{"damage":6,"enemies":"Cultist","floor":1,"turns":3},{"damage":1,"enemies":"Jaw Worm","floor":4,"turns":3},{"damage":20,"enemies":"Gremlin Nob","floor":7,"turns":4},{"damage":3,"enemies":"Replay:BlueRogue","floor":10,"turns":6},{"damage":15,"enemies":"infinitespire:Voidling","floor":11,"turns":6},{"damage":11,"enemies":"Gremlin Nob","floor":12,"turns":3},{"damage":21,"enemies":"Lagavulin","floor":14,"turns":8},{"damage":42,"enemies":"Fading Forest","floor":16,"turns":8}],"seed_played":"-8035586822124808741","potions_obtained":[{"floor":1,"key":"DistilledChaos"},{"floor":7,"key":"Strength Potion"},{"floor":8,"key":"ColorlessPotion"},{"floor":11,"key":"Fire Potion"},{"floor":12,"key":"EntropicBrew"}],"is_trial":false,"path_per_floor":["M","?","?","M","?","R","E","?","T","E","M","E","R","E","R","B"],"character_chosen":"IRONCLAD","items_purchased":[],"campfire_rested":1,"item_purchase_floors":[],"current_hp_per_floor":[80,85,85,85,74,74,60,26,26,29,27,22,22,7,32,0,0],"gold":363,"neow_bonus":"NOSTALGIA","is_daily":false,"chose_seed":false,"campfire_upgraded":2,"win_rate":0.0,"timestamp":1607804969,"path_taken":["M","?","?","?","?","R","E","?","T","E","M","E","R","E","R","BOSS"],"items_purchased_type":[],"build_version":"2020-11-30","purchased_purges":0,"victory":false,"max_hp_per_floor":[80,85,85,85,85,85,85,85,85,85,85,85,85,85,85,85,85],"card_choices":[{"not_picked":["Thunderclap","Replay:Undeath\u0027s Touch","Run Through"],"picked":"SKIP","floor":1},{"not_picked":["Headbutt","Searing Blow","Flex"],"picked":"SKIP","floor":4},{"not_picked":["ReplayTheSpireMod:Stacked","Body Slam","Wild Strike"],"picked":"SKIP","floor":7},{"not_picked":["ReplayTheSpireMod:Limb From Limb","hubris:ReadiedAction"],"picked":"Shrug It Off","floor":8},{"not_picked":["Run Through","Headbutt","hubris:CleavingFinish"],"picked":"SKIP","floor":10},{"not_picked":["Sword Boomerang","Fire Breathing","ReplayTheSpireMod:LeadingStrike"],"picked":"SKIP","floor":11},{"not_picked":["Armaments","Sword Boomerang","Heavy Blade"],"picked":"SKIP","floor":12},{"not_picked":["hubris:ReadiedAction","REME_SingleHolding","Flex"],"picked":"SKIP","floor":14},{"not_picked":["hubris:ReadiedAction","REME_SingleHolding","Flex"],"picked":"SKIP","floor":14}],"player_experience":1403692,"relics_obtained":[{"floor":7,"key":"Gremlin Food"},{"floor":8,"key":"Replay:Mystery Machine"},{"floor":9,"key":"Letter Opener"},{"floor":10,"key":"MealTicket"},{"floor":12,"key":"Onion Ring"},{"floor":14,"key":"Gambling Chip"}],"event_choices":[{"damage_healed":0,"gold_gain":0,"player_choice":"Donut","damage_taken":0,"max_hp_gain":5,"max_hp_loss":0,"event_name":"Big Fish","floor":2,"gold_loss":0},{"damage_healed":0,"gold_gain":0,"player_choice":"Ignored","damage_taken":0,"max_hp_gain":0,"max_hp_loss":0,"event_name":"NoteForYourself","floor":3,"gold_loss":0},{"damage_healed":0,"gold_gain":75,"player_choice":"Gold","damage_taken":11,"max_hp_gain":0,"max_hp_loss":0,"event_name":"betterThird:BetterGoop","floor":5,"gold_loss":0}],"is_beta":false,"boss_relics":[],"items_purged_floors":[],"is_endless":false,"potions_floor_spawned":[1,7,11,12],"killed_by":"Fading Forest","ascension_level":1}}