{"host":"78hrz0ylpj9lzvi8","time":1607790414,"event":{"mods":["BaseMod","Bestiary","Minty Spire (QoL Compilation)","Quick Restart","Random Character Button","Relic Stats","StSLib"],"gold_per_floor":[109,34,34,52,72,72,89,121,147,180,194,194,204,222,222,301,301,320,86,96,130,180,180,214,214,295,308,327,344,378,93,93,171,171,189,205,205,34,53,86,96,129,153,170,14,14,29,40,40,40,40,40,40,40,71,71,71],"floor_reached":56,"playtime":7114,"items_purged":["Clumsy"],"score":1926,"play_id":"a67defb8-b859-4896-8f04-faa6771cf92b","local_time":"20201212132654","is_ascension_mode":true,"campfire_choices":[{"data":"Eruption","floor":6.0,"key":"SMITH"},{"floor":12.0,"key":"REST"},{"data":"SashWhip","floor":15.0,"key":"SMITH"},{"data":"Apotheosis","floor":23.0,"key":"SMITH"},{"data":"Scrawl","floor":25.0,"key":"SMITH"},{"floor":32,"key":"REST"},{"floor":46,"key":"REST"},{"floor":49,"key":"RECALL"},{"data":"Vault","floor":53,"key":"SMITH"}],"circlet_count":0,"master_deck":["AscendersBane","Eruption+1","Vigilance","Conclude","EmptyFist","CarveReality","ThirdEye","FlyingSleeves","SashWhip+1","Protect","SpiritShield","WaveOfTheHand","SashWhip","Halt","Scrawl+1","BattleHymn","Wireheading","Perseverance","CutThroughFate","Apotheosis+1","Perseverance","Vengeance","Vault+1","LikeWater","Indignation+1","MentalFortress","EmptyFist+1"],"relics":["PureWater","TungstenRod","Anchor","Strawberry","Boot","Pandora\u0027s Box","Red Mask","Gremlin Horn","Pen Nib","Eternal Feather","SlaversCollar","Lantern","Oddly Smooth Stone","Pear","Damaru","Blood Vial"],"acts_visited":["Exordium","TheCity","TheBeyond","TheEnding"],"potions_floor_usage":[30,33,33,40,44,48,50,51],"damage_taken":[{"damage":2.0,"enemies":"2 Louse","floor":1.0,"turns":3.0},{"damage":3.0,"enemies":"Small Slimes","floor":4.0,"turns":4.0},{"damage":0.0,"enemies":"Jaw Worm","floor":5.0,"turns":2.0},{"damage":13.0,"enemies":"Exordium Thugs","floor":7.0,"turns":3.0},{"damage":23.0,"enemies":"3 Sentries","floor":8.0,"turns":3.0},{"damage":11.0,"enemies":"Lagavulin","floor":10.0,"turns":3.0},{"damage":0.0,"enemies":"Lots of Slimes","floor":11.0,"turns":2.0},{"damage":1.0,"enemies":"Gremlin Gang","floor":13.0,"turns":4.0},{"damage":0.0,"enemies":"Large Slime","floor":14.0,"turns":4.0},{"damage":23.0,"enemies":"The Guardian","floor":16.0,"turns":11.0},{"damage":3.0,"enemies":"2 Thieves","floor":18.0,"turns":4.0},{"damage":17.0,"enemies":"Spheric Guardian","floor":20.0,"turns":7.0},{"damage":1.0,"enemies":"Masked Bandits","floor":21.0,"turns":3.0},{"damage":43.0,"enemies":"Gremlin Leader","floor":24.0,"turns":8.0},{"damage":3.0,"enemies":"Cultist and Chosen","floor":27.0,"turns":8.0},{"damage":1.0,"enemies":"Chosen and Byrds","floor":28.0,"turns":7.0},{"damage":12.0,"enemies":"Snake Plant","floor":29.0,"turns":5.0},{"damage":0,"enemies":"Book of Stabbing","floor":30,"turns":4},{"damage":33,"enemies":"Collector","floor":33,"turns":17},{"damage":1,"enemies":"3 Darklings","floor":35,"turns":4},{"damage":0,"enemies":"3 Shapes","floor":36,"turns":7},{"damage":34,"enemies":"Spire Growth","floor":39,"turns":11},{"damage":28,"enemies":"Reptomancer","floor":40,"turns":8},{"damage":0,"enemies":"Sphere and 2 Shapes","floor":41,"turns":5},{"damage":2,"enemies":"Nemesis","floor":42,"turns":7},{"damage":9,"enemies":"Writhing Mass","floor":44,"turns":10},{"damage":0,"enemies":"4 Shapes","floor":47,"turns":5},{"damage":22,"enemies":"Transient","floor":48,"turns":7},{"damage":21,"enemies":"Donu and Deca","floor":50,"turns":11},{"damage":20,"enemies":"Awakened One","floor":51,"turns":13},{"damage":34,"enemies":"Shield and Spear","floor":55,"turns":6},{"damage":69,"enemies":"The Heart","floor":56,"turns":4}],"seed_played":"-3209508014077071684","potions_obtained":[{"floor":5.0,"key":"FearPotion"},{"floor":10.0,"key":"PowerPotion"},{"floor":13.0,"key":"Strength Potion"},{"floor":18.0,"key":"Swift Potion"},{"floor":21.0,"key":"FairyPotion"},{"floor":27.0,"key":"Dexterity Potion"},{"floor":28.0,"key":"BottledMiracle"},{"floor":30,"key":"SpeedPotion"},{"floor":33,"key":"StancePotion"},{"floor":36,"key":"DuplicationPotion"},{"floor":42,"key":"SkillPotion"},{"floor":48,"key":"BottledMiracle"}],"is_trial":false,"path_per_floor":["M","$","?","M","M","R","M","E","T","E","M","R","M","M","R","B",null,"M","$","M","?","?","R","E","R","T","M","M","M","E","$","R","B",null,"M","M","?","$","M","E","M","E","T","M","$","R","M","M","R","B","B",null,"R","$","E","B"],"character_chosen":"WATCHER","items_purchased":["Apotheosis","AttackPotion","Eternal Feather","Lantern","MentalFortress","DuplicationPotion"],"campfire_rested":3,"item_purchase_floors":[19,19,31,38,45,45],"current_hp_per_floor":[59,59,53,50,50,50,37,14,21,10,10,32,31,31,31,8,58,55,55,38,37,37,37,22,22,22,19,18,6,6,6,40,7,58,57,57,75,75,41,13,13,21,21,12,12,52,52,30,45,24,4,65,80,80,46,0,0],"gold":71,"neow_bonus":"ONE_RARE_RELIC","is_daily":false,"chose_seed":false,"campfire_upgraded":5,"win_rate":0.0,"timestamp":1607790414,"path_taken":["M","$","?","M","M","R","M","E","T","E","M","R","M","M","R","BOSS","M","$","M","?","?","R","E","R","T","M","M","M","E","$","R","BOSS","M","M","?","$","M","E","M","E","T","M","$","R","M","M","R","BOSS","BOSS","R","$","E","BOSS"],"items_purchased_type":["Card","Potion","Relic","Relic","Card","Potion"],"build_version":"2020-11-30","purchased_purges":1,"victory":false,"max_hp_per_floor":[68,68,68,68,68,68,68,68,75,75,75,75,75,75,75,75,75,75,75,75,75,75,75,75,75,75,75,75,75,75,75,75,75,75,75,75,75,75,75,75,75,85,85,85,85,85,85,85,85,85,85,85,85,85,85,85,85],"relic_stats":{"Blood Vial":2,"Gremlin Horn":[24,26],"counters":[32,200],"Pandora\u0027s Box":["WaveOfTheHand","SashWhip","Halt","Scrawl","BattleHymn","Wireheading","Perseverance"],"Eternal Feather":57,"Pen Nib":[19],"Boot":[52],"obtain_stats":[{"Lantern":38,"Pear":42,"Gremlin Horn":24,"Oddly Smooth Stone":40,"Damaru":43,"Eternal Feather":31,"Pen Nib":30,"Boot":10,"Blood Vial":55,"SlaversCollar":34,"Anchor":8,"Strawberry":9,"Pandora\u0027s Box":17,"Red Mask":21,"PureWater":0,"TungstenRod":0},{"Lantern":21,"Pear":25,"Gremlin Horn":14,"Oddly Smooth Stone":23,"Damaru":25,"Eternal Feather":18,"Pen Nib":18,"Boot":6,"Blood Vial":31,"SlaversCollar":19,"Anchor":5,"Strawberry":5,"Pandora\u0027s Box":10,"Red Mask":13,"PureWater":0,"TungstenRod":0},{"Lantern":113,"Pear":144,"Gremlin Horn":61,"Oddly Smooth Stone":132,"Damaru":144,"Eternal Feather":85,"Pen Nib":85,"Boot":18,"Blood Vial":196,"SlaversCollar":102,"Anchor":15,"Strawberry":15,"Pandora\u0027s Box":39,"Red Mask":53,"PureWater":0,"TungstenRod":0}],"TungstenRod":80},"card_choices":[{"not_picked":["ThirdEye","PathToVictory","Fasting2"],"picked":"SKIP","floor":1.0},{"not_picked":["Adaptation","EmptyBody"],"picked":"Conclude","floor":4.0},{"not_picked":["Prostrate","ThirdEye","Swivel"],"picked":"SKIP","floor":5.0},{"not_picked":["Sanctity","Evaluate"],"picked":"EmptyFist","floor":7.0},{"not_picked":["ClearTheMind","CrushJoints"],"picked":"CarveReality","floor":8.0},{"not_picked":["WaveOfTheHand","Devotion"],"picked":"ThirdEye","floor":10.0},{"not_picked":["Crescendo","CrushJoints"],"picked":"FlyingSleeves","floor":11.0},{"not_picked":["Judgement","CrushJoints"],"picked":"SashWhip","floor":13.0},{"not_picked":["ThirdEye","EmptyBody"],"picked":"Protect","floor":14.0},{"not_picked":["LessonLearned","Blasphemy"],"picked":"SpiritShield","floor":16.0},{"not_picked":["Conclude","Swivel"],"picked":"CutThroughFate","floor":18.0},{"not_picked":["Halt","Prostrate","CutThroughFate"],"picked":"SKIP","floor":20.0},{"not_picked":["PathToVictory","Crescendo"],"picked":"Perseverance","floor":21.0},{"not_picked":["Pray","Devotion","CutThroughFate"],"picked":"SKIP","floor":24.0},{"not_picked":["Protect","SignatureMove"],"picked":"Vengeance","floor":27.0},{"not_picked":["CarveReality","Collect","EmptyFist"],"picked":"SKIP","floor":28.0},{"not_picked":["Protect","FlurryOfBlows","Crescendo"],"picked":"SKIP","floor":29.0},{"not_picked":["Evaluate","FlurryOfBlows","EmptyBody"],"picked":"SKIP","floor":30},{"not_picked":["Ragnarok","Brilliance"],"picked":"Vault","floor":33},{"not_picked":["EmptyFist","Crescendo+1","BowlingBash"],"picked":"SKIP","floor":35},{"not_picked":["EmptyBody","Study","ClearTheMind"],"picked":"SKIP","floor":36},{"not_picked":["Sanctity","PathToVictory"],"picked":"LikeWater","floor":39},{"not_picked":["ThirdEye+1","Brilliance"],"picked":"Indignation+1","floor":40},{"not_picked":["Conclude","SignatureMove","Evaluate"],"picked":"SKIP","floor":41},{"not_picked":["SashWhip+1","Sanctity","FlurryOfBlows"],"picked":"SKIP","floor":42},{"not_picked":["Halt","CutThroughFate","Prostrate+1"],"picked":"SKIP","floor":44},{"not_picked":["Weave","BowlingBash","Collect"],"picked":"SKIP","floor":47},{"not_picked":["EmptyFist","CrushJoints","Alpha"],"picked":"SKIP","floor":48},{"not_picked":["ForeignInfluence","InnerPeace+1"],"picked":"EmptyFist+1","floor":55}],"player_experience":927562,"relics_obtained":[{"floor":8.0,"key":"Anchor"},{"floor":9.0,"key":"Strawberry"},{"floor":10.0,"key":"Boot"},{"floor":21.0,"key":"Red Mask"},{"floor":24.0,"key":"Gremlin Horn"},{"floor":30,"key":"Pen Nib"},{"floor":40,"key":"Oddly Smooth Stone"},{"floor":42,"key":"Pear"},{"floor":43,"key":"Damaru"},{"floor":55,"key":"Blood Vial"}],"event_choices":[{"cards_removed":["Defend_P"],"damage_healed":0.0,"max_hp_gain":0.0,"max_hp_loss":0.0,"gold_gain":0.0,"event_name":"Golden Wing","player_choice":"Card Removal","floor":3.0,"gold_loss":0.0,"damage_taken":7.0},{"damage_healed":0.0,"max_hp_gain":0.0,"max_hp_loss":0.0,"gold_gain":0.0,"event_name":"Masked Bandits","player_choice":"Fought Bandits","floor":21.0,"gold_loss":0.0,"damage_taken":0.0},{"damage_healed":0.0,"max_hp_gain":0.0,"max_hp_loss":0.0,"gold_gain":50.0,"event_name":"Golden Shrine","player_choice":"Pray","floor":22.0,"gold_loss":0.0,"damage_taken":0.0},{"damage_healed":18,"gold_gain":0,"player_choice":"Full Heal","damage_taken":0,"max_hp_gain":0,"max_hp_loss":0,"event_name":"Wheel of Change","floor":37,"gold_loss":0}],"is_beta":false,"boss_relics":[{"not_picked":["Sozu","Fusion Hammer"],"picked":"Pandora\u0027s Box"},{"not_picked":["Runic Dome","Tiny House"],"picked":"SlaversCollar"}],"items_purged_floors":[2],"is_endless":false,"potions_floor_spawned":[5,10,13,14,18,21,27,28,30,33,36,39,42,48],"killed_by":"The Heart","ascension_level":20}}