{"host":"k6qwgpygxbgz06bg","time":1607774472,"event":{"mods":["BaseMod","Beaked The Cultist","Better Third Choice","BetterRewards","Colored Map","Friendly Minions","Marisa????????","Minty Spire (QoL Compilation)","Replay The Spire","StSLib","The Administrix","The Bug Knight","The Cursed","The Gatherer","The Mystic","The Witch"],"gold_per_floor":[109,109,109,127,138,138,27,27,50,50,50,60,90,190,190,292,292,305,36,36,36,36,36,36],"floor_reached":23,"playtime":703,"items_purged":["Strike_B"],"score":185,"play_id":"8b91d2f8-04c1-4318-9fa8-c8fa7f438ce0","local_time":"20201212130112","is_ascension_mode":false,"campfire_choices":[{"data":"Beam Cell","floor":6,"key":"SMITH"},{"data":"Zap","floor":8,"key":"SMITH"},{"data":"Dualcast","floor":10,"key":"SMITH"},{"data":"Static Discharge","floor":15,"key":"SMITH"}],"circlet_count":0,"master_deck":["Strike_B+1","Strike_B+1","Defend_B","Defend_B","Defend_B","Zap+1","Dualcast+1","Cold Snap","Gash","Beam Cell+1","Creative AI+1","Static Discharge+1","Fission","Amplify","ReplaySort","Capacitor","ReplayTheSpireMod:GoodbyeWorld","Redo"],"relics":["Sozu","Blood Vial","Anchor","Coffee Dripper","Happy Flower"],"acts_visited":["Exordium","TheCity"],"potions_floor_usage":[],"damage_taken":[{"damage":1,"enemies":"Jaw Worm","floor":1,"turns":3},{"damage":0,"enemies":"Small Slimes","floor":4,"turns":3},{"damage":0,"enemies":"Cultist","floor":5,"turns":3},{"damage":10,"enemies":"Looter","floor":12,"turns":4},{"damage":24,"enemies":"3 Sentries","floor":13,"turns":6},{"damage":12,"enemies":"Fading Forest","floor":16,"turns":11},{"damage":22,"enemies":"3 Byrds","floor":18,"turns":5},{"damage":60,"enemies":"Slavers","floor":23,"turns":4}],"seed_played":"-4057841538361517286","potions_obtained":[],"is_trial":false,"path_per_floor":["M","?","?","M","M","R","$","R","T","R","?","M","E","?","R","B",null,"M","$","$","?","?","E"],"character_chosen":"DEFECT","items_purchased":["Creative AI+1","Capacitor","Happy Flower"],"campfire_rested":0,"item_purchase_floors":[7,19,19],"current_hp_per_floor":[74,59,59,59,59,59,59,59,59,59,52,44,22,22,22,22,75,53,53,53,53,53,0,0],"gold":36,"neow_bonus":"BOSS_RELIC","is_daily":false,"chose_seed":false,"campfire_upgraded":4,"win_rate":0.0,"timestamp":1607774472,"path_taken":["M","?","?","M","M","R","$","R","T","R","?","?","E","?","R","BOSS","M","?","$","?","?","E"],"items_purchased_type":["Card","Card","Relic"],"build_version":"2020-11-30","purchased_purges":1,"victory":false,"max_hp_per_floor":[75,75,75,75,75,75,75,75,75,75,75,75,75,75,75,75,75,75,75,75,75,75,75,75],"card_choices":[{"not_picked":["Turbo","Beam Cell"],"picked":"Cold Snap","floor":1},{"not_picked":["Hologram","Panic Button"],"picked":"Gash","floor":4},{"not_picked":["Redo","Consume"],"picked":"Beam Cell","floor":5},{"not_picked":["Cold Snap","Glacier"],"picked":"Static Discharge","floor":12},{"not_picked":["Redo","Streamline"],"picked":"Fission","floor":13},{"not_picked":["Fission","Machine Learning"],"picked":"Amplify","floor":16},{"not_picked":["Barrage","Gash"],"picked":"ReplaySort","floor":18}],"player_experience":159184,"relics_obtained":[{"floor":13,"key":"Anchor"}],"event_choices":[{"damage_healed":74,"gold_gain":0,"player_choice":"Upgrade","damage_taken":15,"max_hp_gain":0,"max_hp_loss":75,"event_name":"betterThird:BetterShining","floor":2,"gold_loss":0,"cards_upgraded":["Strike_B","Strike_B"]},{"damage_healed":0,"gold_gain":0,"player_choice":"Ignored","damage_taken":109,"max_hp_gain":0,"max_hp_loss":0,"event_name":"betterThird:BetterSerpent","floor":3,"gold_loss":0},{"damage_healed":0,"gold_gain":0,"player_choice":"Relic ","damage_taken":7,"max_hp_gain":0,"max_hp_loss":0,"event_name":"betterThird:BetterScrap","floor":11,"gold_loss":0,"cards_obtained":["Grand Finale"]},{"damage_healed":0,"gold_gain":100,"player_choice":"Pray","damage_taken":0,"max_hp_gain":0,"max_hp_loss":0,"event_name":"Golden Shrine","floor":14,"gold_loss":0},{"damage_healed":0,"gold_gain":0,"cards_transformed":["Strike_B","Defend_B"],"player_choice":"Became Test Subject","damage_taken":0,"max_hp_gain":0,"max_hp_loss":0,"event_name":"Drug Dealer","floor":22,"gold_loss":0,"cards_obtained":["ReplayTheSpireMod:GoodbyeWorld","Redo"]}],"is_beta":false,"boss_relics":[{"not_picked":["Abe\u0027s Treasure","Painkiller Herb"],"picked":"Coffee Dripper"}],"items_purged_floors":[19],"is_endless":false,"potions_floor_spawned":[4,5,18],"killed_by":"Slavers","ascension_level":0}}