{"host":"bbjnqymry46jz0fa","time":1607750593,"event":{"mods":["BaseMod","DeckTracker","Minty Spire (QoL Compilation)","Quick Restart","StSLib","SuperFastMode"],"gold_per_floor":[109,34,34,47,66,66,81,81,104,133,149,175,175,193,193,193,193],"floor_reached":16,"playtime":378,"items_purged":["Strike_G"],"score":224,"play_id":"be4cb7fb-4917-45fb-8716-f6b7a8040f2e","local_time":"20201212142313","is_ascension_mode":true,"campfire_choices":[{"data":"Skewer","floor":6,"key":"SMITH"},{"data":"Neutralize","floor":15,"key":"SMITH"}],"circlet_count":0,"master_deck":["AscendersBane","Strike_G","Strike_G","Strike_G","Strike_G","Defend_G","Defend_G","Defend_G","Defend_G","Survivor","Neutralize+1","Skewer+1","All Out Attack","Blade Dance","Noxious Fumes"],"relics":["Ring of the Snake","PreservedInsect","Ancient Tea Set","Bird Faced Urn","Vajra"],"acts_visited":["Exordium"],"potions_floor_usage":[7,10,10],"damage_taken":[{"damage":4,"enemies":"Jaw Worm","floor":1,"turns":5},{"damage":0,"enemies":"Cultist","floor":4,"turns":4},{"damage":0,"enemies":"2 Louse","floor":5,"turns":2},{"damage":2,"enemies":"Exordium Wildlife","floor":7,"turns":4},{"damage":10,"enemies":"Lagavulin","floor":10,"turns":3},{"damage":23,"enemies":"Gremlin Gang","floor":11,"turns":5},{"damage":15,"enemies":"3 Sentries","floor":12,"turns":7},{"damage":0,"enemies":"Blue Slaver","floor":14,"turns":2},{"damage":8,"enemies":"Hexaghost","floor":16,"turns":9}],"seed_played":"5388732820848558648","potions_obtained":[{"floor":3,"key":"Fruit Juice"},{"floor":3,"key":"FearPotion"},{"floor":7,"key":"Energy Potion"},{"floor":14,"key":"Weak Potion"}],"is_trial":false,"path_per_floor":["M","$","?","M","M","R","M","?","T","E","M","E","?","M","R","B"],"character_chosen":"THE_SILENT","items_purchased":[],"campfire_rested":0,"item_purchase_floors":[],"current_hp_per_floor":[55,55,55,55,55,55,58,63,63,53,30,15,4,4,4,0,0],"gold":193,"neow_bonus":"REMOVE_CARD","is_daily":false,"chose_seed":false,"campfire_upgraded":2,"win_rate":0.0,"timestamp":1607750593,"path_taken":["M","$","?","?","?","R","M","?","T","E","M","E","?","M","R","BOSS"],"items_purchased_type":[],"build_version":"2020-11-30","purchased_purges":1,"victory":false,"max_hp_per_floor":[66,66,66,66,66,66,71,76,76,76,76,76,76,76,76,76,76],"card_choices":[{"not_picked":["Underhanded Strike","Terror"],"picked":"Skewer","floor":1},{"not_picked":["Endless Agony","Prepared"],"picked":"All Out Attack","floor":4},{"not_picked":["Deadly Poison","Heel Hook","Bane"],"picked":"SKIP","floor":5},{"not_picked":["Sucker Punch","Cloak And Dagger","Deflect"],"picked":"SKIP","floor":7},{"not_picked":["Sucker Punch","Cloak And Dagger","Deflect"],"picked":"SKIP","floor":7},{"not_picked":["Sucker Punch","Calculated Gamble","Expertise"],"picked":"SKIP","floor":10},{"not_picked":["All Out Attack","Slice","Infinite Blades"],"picked":"SKIP","floor":11},{"not_picked":["Expertise","Storm of Steel"],"picked":"Blade Dance","floor":12},{"not_picked":["Flying Knee","Prepared"],"picked":"Noxious Fumes","floor":14}],"player_experience":704654,"relics_obtained":[{"floor":9,"key":"PreservedInsect"},{"floor":10,"key":"Ancient Tea Set"},{"floor":12,"key":"Bird Faced Urn"}],"event_choices":[{"damage_healed":0,"gold_gain":0,"player_choice":"Got Potions","damage_taken":0,"max_hp_gain":0,"max_hp_loss":0,"event_name":"Lab","floor":3,"gold_loss":0},{"damage_healed":0,"gold_gain":0,"player_choice":"Donut","damage_taken":0,"max_hp_gain":5,"max_hp_loss":0,"event_name":"Big Fish","floor":8,"gold_loss":0},{"damage_healed":0,"gold_gain":0,"player_choice":"Success","damage_taken":11,"relics_obtained":["Vajra"],"max_hp_gain":0,"max_hp_loss":0,"event_name":"Scrap Ooze","floor":13,"gold_loss":0}],"is_beta":false,"boss_relics":[],"items_purged_floors":[2],"is_endless":false,"potions_floor_spawned":[7,14],"killed_by":"Hexaghost","ascension_level":20}}