{"host":"e87rn453naquue3h","time":1607793155,"event":{"mods":["AchievementEnabler","BaseMod","Minty Spire (QoL Compilation)","Relic Stats","StSLib"],"gold_per_floor":[215,215,20,39,56,82,82,108,108,139,139,151,168,179,179,280,280,293,5,5,5,5,5,33,33,33,53,53,53,53,53],"floor_reached":30,"playtime":1434,"items_purged":[],"score":451,"play_id":"0a07fe92-4e6d-4013-8195-8758b66dcc55","local_time":"20201212121235","is_ascension_mode":true,"campfire_choices":[{"floor":7,"key":"REST"},{"floor":11,"key":"REST"},{"floor":15,"key":"REST"},{"data":"Fasting2","floor":23,"key":"SMITH"},{"floor":29,"key":"REST"}],"circlet_count":0,"master_deck":["AscendersBane","Strike_P","Strike_P","Strike_P","Strike_P","Defend_P","Defend_P","Defend_P","Defend_P","Eruption","Vigilance","FollowUp","WindmillStrike","Halt","Ragnarok","Crescendo","ClearTheMind","Fasting2+1","MasterReality","WreathOfFlame","Halt","WheelKick","Omniscience","Ragnarok","Meditate","BattleHymn"],"relics":["HolyWater","Mango","Vajra","Mummified Hand","MealTicket","Shuriken","Centennial Puzzle","Orrery","MutagenicStrength","Damaru","StoneCalendar","Tiny Chest"],"acts_visited":["Exordium","TheCity"],"potions_floor_usage":[6,8,13,16,24],"damage_taken":[{"damage":2,"enemies":"2 Louse","floor":1,"turns":2},{"damage":4,"enemies":"Cultist","floor":4,"turns":6},{"damage":2,"enemies":"Small Slimes","floor":5,"turns":3},{"damage":20,"enemies":"Gremlin Nob","floor":6,"turns":3},{"damage":32,"enemies":"Lagavulin","floor":8,"turns":3},{"damage":32,"enemies":"Gremlin Nob","floor":10,"turns":3},{"damage":1,"enemies":"Exordium Wildlife","floor":12,"turns":3},{"damage":1,"enemies":"Looter","floor":13,"turns":2},{"damage":23,"enemies":"Lots of Slimes","floor":14,"turns":4},{"damage":27,"enemies":"Slime Boss","floor":16,"turns":4},{"damage":1,"enemies":"Shell Parasite","floor":18,"turns":2},{"damage":55,"enemies":"Book of Stabbing","floor":24,"turns":5},{"damage":10,"enemies":"3 Byrds","floor":27,"turns":4},{"damage":46,"enemies":"Slavers","floor":30,"turns":2}],"seed_played":"6934397093239655625","potions_obtained":[{"floor":4,"key":"Block Potion"},{"floor":10,"key":"FearPotion"},{"floor":12,"key":"FearPotion"},{"floor":16,"key":"PowerPotion"},{"floor":18,"key":"SpeedPotion"},{"floor":27,"key":"GamblersBrew"}],"is_trial":false,"path_per_floor":["M","?","$","M","M","E","R","E","T","E","R","M","M","M","R","B",null,"M","$","?","$","?","R","E","$","T","M","T","R","E"],"character_chosen":"WATCHER","items_purchased":["Vajra","PowerPotion","Orrery","Ragnarok"],"campfire_rested":4,"item_purchase_floors":[3,3,19,19],"current_hp_per_floor":[63,77,77,73,71,51,76,44,44,12,37,36,35,12,37,10,67,66,81,81,86,69,69,14,29,29,19,19,46,0,0],"gold":53,"neow_bonus":"HUNDRED_GOLD","is_daily":false,"chose_seed":false,"campfire_upgraded":1,"win_rate":0.0,"timestamp":1607793155,"path_taken":["M","?","$","M","M","E","R","E","T","E","R","?","M","M","R","BOSS","M","?","?","?","?","R","E","$","T","M","?","R","E"],"items_purchased_type":["Relic","Potion","Relic","Card"],"build_version":"2020-11-30","purchased_purges":0,"victory":false,"max_hp_per_floor":[72,86,86,86,86,86,86,86,86,86,86,86,86,86,86,86,86,86,86,86,86,91,91,91,91,91,91,91,91,91,91],"relic_stats":{"Centennial Puzzle":[24],"counters":[14,46],"Mummified Hand":[14],"Shuriken":[6],"MealTicket":35,"StoneCalendar":[0],"Tiny Chest":0,"obtain_stats":[{"Vajra":3,"Damaru":24,"Mango":2,"StoneCalendar":26,"Centennial Puzzle":10,"Mummified Hand":6,"Shuriken":9,"MutagenicStrength":20,"HolyWater":17,"Orrery":19,"MealTicket":8,"Tiny Chest":28,"PureWater":0},{"Vajra":1,"Damaru":12,"Mango":1,"StoneCalendar":12,"Centennial Puzzle":6,"Mummified Hand":4,"Shuriken":5,"MutagenicStrength":11,"HolyWater":10,"Orrery":11,"MealTicket":5,"Tiny Chest":13,"PureWater":0},{"Vajra":2,"Damaru":40,"Mango":2,"StoneCalendar":40,"Centennial Puzzle":20,"Mummified Hand":14,"Shuriken":17,"MutagenicStrength":35,"HolyWater":33,"Orrery":35,"MealTicket":17,"Tiny Chest":44,"PureWater":0}]},"card_choices":[{"not_picked":["JustLucky","ForeignInfluence"],"picked":"InnerPeace","floor":1},{"not_picked":["ThirdEye","Worship"],"picked":"FollowUp","floor":4},{"not_picked":["Crescendo","SignatureMove"],"picked":"WindmillStrike","floor":5},{"not_picked":["FearNoEvil","Consecrate","FlyingSleeves"],"picked":"SKIP","floor":6},{"not_picked":["FlurryOfBlows","ClearTheMind"],"picked":"Halt","floor":8},{"not_picked":["Indignation","SashWhip"],"picked":"Ragnarok","floor":10},{"not_picked":["CrushJoints","EmptyFist"],"picked":"Crescendo","floor":12},{"not_picked":["EmptyBody","BowlingBash"],"picked":"ClearTheMind","floor":13},{"not_picked":["EmptyFist","ClearTheMind"],"picked":"Fasting2","floor":14},{"not_picked":["Alpha","LessonLearned"],"picked":"MasterReality","floor":16},{"not_picked":["SashWhip","ClearTheMind"],"picked":"WreathOfFlame","floor":18},{"not_picked":["Consecrate","Prostrate"],"picked":"Halt","floor":19},{"not_picked":["BowlingBash","Omniscience"],"picked":"WheelKick","floor":19},{"not_picked":["Swivel","JustLucky"],"picked":"Omniscience","floor":19},{"not_picked":["EmptyBody","ClearTheMind"],"picked":"Meditate","floor":24},{"not_picked":["Swivel","SashWhip"],"picked":"BattleHymn","floor":27}],"player_experience":2255526,"relics_obtained":[{"floor":6,"key":"Mummified Hand"},{"floor":8,"key":"MealTicket"},{"floor":9,"key":"Shuriken"},{"floor":10,"key":"Centennial Puzzle"},{"floor":24,"key":"Damaru"},{"floor":26,"key":"StoneCalendar"},{"floor":28,"key":"Tiny Chest"}],"event_choices":[{"cards_removed":["InnerPeace"],"damage_healed":0,"gold_gain":0,"player_choice":"Gave Card","damage_taken":0,"relics_obtained":["Mango"],"max_hp_gain":0,"max_hp_loss":0,"event_name":"WeMeetAgain","floor":2,"gold_loss":0},{"damage_healed":0,"gold_gain":0,"player_choice":"Inject Mutagens","damage_taken":0,"relics_obtained":["MutagenicStrength"],"max_hp_gain":0,"max_hp_loss":0,"event_name":"Drug Dealer","floor":20,"gold_loss":0},{"damage_healed":0,"gold_gain":0,"player_choice":"Shed Blood","damage_taken":22,"max_hp_gain":5,"max_hp_loss":0,"event_name":"Forgotten Altar","floor":22,"gold_loss":0}],"is_beta":false,"boss_relics":[{"not_picked":["VioletLotus","Cursed Key"],"picked":"HolyWater"}],"items_purged_floors":[],"is_endless":false,"potions_floor_spawned":[4,10,12,16,18,27],"killed_by":"Slavers","ascension_level":12}}