{"host":"0azimyi6n3ugndj4","time":1607764875,"event":{"mods":["BaseMod","Bestiary","Conspire","Curses Come First","Defuse TimeMaze Blight","Hyrulean Relics","Infinite Spire","Minty Spire (QoL Compilation)","Relic Stats","Replay The Spire","StSLib","SuperFastMode","Uncapped","¡¼?Úª?ø«¡½REMEMod"],"gold_per_floor":[99,138,198,198,231,312,312,399,399,474,23,23,98,98,98,323,323,368,54,102,273,312,396,396,501,575,500,539,596,144,222,222,438,438,474,534,534,567,567,645,645,738,738,738,738],"floor_reached":44,"playtime":887,"items_purged":["Pain"],"score":1754,"play_id":"80f213e4-0052-47f5-9841-1f693e320799","local_time":"20201212182115","daily_mods":["Draft","Hoarder","Insanity","Chimera","Specialized","Vintage","ControlledChaos","Allstar","Diverse","Colorless Cards","Heirloom","Time Dilation","Flight","Binary","Elite Swarm","Lethality","Midas","Night Terrors","Binary"],"is_ascension_mode":true,"campfire_choices":[{"floor":7,"key":"REST"},{"floor":15,"key":"REST"},{"floor":24,"key":"REST"},{"data":"Pain","floor":41,"key":"PURGE"}],"circlet_count":0,"master_deck":["Demon Form","Wraith Form v2","Echo Form","DevaForm","AscendersBane","Survivor","Zap","Eruption","Strike_R","Strike_G","Strike_B","Defend_R","Defend_G","Defend_P","Slice","Dagger Spray","Skewer","ReplayTheSpireMod:Limb From Limb","Rebound","EmptyFist","Gash","Shrug It Off","Headbutt","Prepared","Turbo","Barrage","Go for the Eyes","ReplayTheSpireMod:Muscle Training","Clothesline","Flex","Dagger Spray","Poisoned Stab","Protect","Body Slam","Sanctity","ThirdEye","Stack","Cleave","conspire:PoisonWeapons","conspire:ExplosiveBarrier","Bane","Bane","Steam","Coolheaded","Defy Death","Wild Strike","Hemokinesis","ThirdEye","CrushJoints","True Grit","Dagger Spray","Compile Driver","Pommel Strike","REME_Compress","Beam Cell","All Out Attack","Rupture","Replay:BluntJabs","Hidden Blade","Flying Knee","Rupture","PiercingWail","BasicCrystalCard","REME_CopyPotion","REME_CopyPotion","REME_CopyPotion","REME_CopyPotion","REME_CopyPotion","REME_CopyPotion","REME_CopyPotion","REME_CopyPotion","REME_CopyPotion","REME_CopyPotion","REME_CopyPotion","REME_CopyPotion","REME_CopyPotion","REME_CopyPotion","REME_CopyPotion","Evaluate","Evaluate","Evaluate","ReplayTheSpireMod:System Scan","ReplayTheSpireMod:System Scan","ReplayTheSpireMod:System Scan","Dark Shackles","Dark Shackles","Dark Shackles","REME_TwoStrings","REME_TwoStrings","REME_TwoStrings","Quick Slash","Quick Slash","Quick Slash","Fire Breathing","Fire Breathing","Fire Breathing","conspire:DoublingDagger","conspire:DoublingDagger","conspire:DoublingDagger","Bane","Bane","Bane","Aggregate","Aggregate","Aggregate","Impatience","Impatience","Impatience","Beam Cell","Beam Cell","Beam Cell","Deflect","Deflect","Deflect","Catalyst","Catalyst","Catalyst","Poisoned Stab","Poisoned Stab","Poisoned Stab","Sword Boomerang","Sword Boomerang","Sword Boomerang","Eruption","Eruption","Eruption","Searing Blow+1","Searing Blow+1","Searing Blow+1","Madness","Madness","Madness","Madness","Madness","Madness","Amnesia","Amnesia","Amnesia"],"relics":["Frozen Eye","Busted Crown","REME_ComplimentaryCards","Lizard Tail","Replay:M_SmolderingBlood","conspire:DecoderRing","Thread and Needle","StrikeDummy","zeldaRelics:CourageTriforce","zeldaRelics:WisdomTriforce","Sling","Molten Egg 2","Prayer Wheel","Runic Cube","infinitespire:EmpoweringShard","Toy Ornithopter","REME_CardOfGreed","Lantern","conspire:Dentures","Anchor","zeldaRelics:PowerTriforce","Centennial Puzzle","Replay:Rubber Ducky","InkBottle","Nunchaku","Replay:Multitool","conspire:RoyalGoblet","REME_HandOfSuture","Prayer Wheel","ReplayTheSpireMod:Lightbulb","Cursed Key","Red Skull","Garlic","ReplayTheSpireMod:TigerMarble","Prayer Wheel","zeldaRelics:Navi","infinitespire:Beetle Shell","Prayer Wheel","Prayer Wheel"],"acts_visited":["Exordium","TheCity","TheBeyond"],"potions_floor_usage":[22,22,44,44],"damage_taken":[{"damage":2,"enemies":"Small Slimes","floor":2,"turns":2},{"damage":0,"enemies":"Cultist","floor":3,"turns":2},{"damage":0,"enemies":"Jaw Worm","floor":5,"turns":2},{"damage":29,"enemies":"3 Sentries","floor":6,"turns":6},{"damage":33,"enemies":"Replay:BlueRogue","floor":8,"turns":4},{"damage":0,"enemies":"Gremlin Nob","floor":10,"turns":2},{"damage":2,"enemies":"3 Sentries","floor":13,"turns":2},{"damage":55,"enemies":"The Guardian","floor":16,"turns":7},{"damage":24,"enemies":"conspire:FuzzyDice","floor":18,"turns":3},{"damage":32,"enemies":"Chosen","floor":20,"turns":8},{"damage":6,"enemies":"Centurion and Healer","floor":22,"turns":4},{"damage":10,"enemies":"conspire:SneckoGhost","floor":23,"turns":2},{"damage":12,"enemies":"conspire:Head Lice","floor":25,"turns":3},{"damage":2,"enemies":"Chosen and Byrds","floor":28,"turns":2},{"damage":4,"enemies":"Snake Plant","floor":29,"turns":2},{"damage":13,"enemies":"Nightmare","floor":31,"turns":4},{"damage":6,"enemies":"Automaton","floor":33,"turns":4},{"damage":3,"enemies":"3 Darklings","floor":35,"turns":2},{"damage":0,"enemies":"Orb Walker","floor":36,"turns":1},{"damage":1,"enemies":"Spire Growth","floor":38,"turns":1},{"damage":11,"enemies":"Reptomancer","floor":40,"turns":2},{"damage":0,"enemies":"Nemesis","floor":42,"turns":3},{"damage":0,"enemies":"infinitespire:Three Voidlings","floor":44,"turns":1},{"damage":43,"enemies":"Nightmare_Alpha","floor":44,"turns":4}],"seed_played":"539061552117616308","potions_obtained":[{"floor":5,"key":"Swift Potion"},{"floor":8,"key":"PowerPotion"},{"floor":20,"key":"Languid Potion"},{"floor":23,"key":"SkillPotion"},{"floor":25,"key":"Elixir"},{"floor":29,"key":"Energy Potion"}],"is_trial":true,"path_per_floor":["?","M","M","WH","M","E","R","E","T","E","$","$","E","T","R","B",null,"M","$","M","?","M","E","R","E","T","?","M","M","$","NM","R","B",null,"M","M","AVR","M","?","E","R","E","T","?"],"character_chosen":"IRONCLAD","items_purchased":["Sling","Molten Egg 2","Toy Ornithopter","REME_CardOfGreed","InkBottle","Nunchaku"],"campfire_rested":3,"item_purchase_floors":[11,11,19,19,30,30],"current_hp_per_floor":[68,66,66,73,73,44,77,44,44,44,44,44,42,42,72,17,58,34,34,2,2,6,36,67,55,55,55,53,49,49,36,36,30,58,55,55,55,54,42,31,31,31,31,0,0],"gold":738,"neow_bonus":"TEN_PERCENT_HP_BONUS","is_daily":false,"chose_seed":false,"campfire_upgraded":0,"win_rate":0.0,"timestamp":1607764875,"path_taken":["?","M","?","WH","M","E","R","E","T","E","$","$","E","?","R","BOSS","M","?","?","?","?","E","R","E","T","?","M","M","$","NM","R","BOSS","M","M","AVR","M","?","E","R","E","T","?"],"items_purchased_type":["Relic","Relic","Relic","Relic","Relic","Relic"],"build_version":"2020-11-30","purchased_purges":1,"victory":false,"max_hp_per_floor":[75,75,75,82,82,82,77,77,77,77,77,77,77,77,72,72,72,72,72,72,72,72,72,67,67,67,67,67,67,67,67,67,67,67,67,67,67,67,67,67,67,67,67,67,67],"relic_stats":{"Lizard Tail":36,"Centennial Puzzle":[16],"Nunchaku":[8],"Busted Crown":36,"counters":[24,73],"Prayer Wheel":0,"Cursed Key":1,"obtain_stats":[{"Lantern":20,"conspire:RoyalGoblet":34,"Replay:Multitool":31,"Sling":11,"Cursed Key":37,"Burning Blood":0,"zeldaRelics:WisdomTriforce":14,"Replay:Rubber Ducky":29,"Frozen Eye":0,"Lizard Tail":0,"Centennial Puzzle":28,"Nunchaku":30,"Replay:M_SmolderingBlood":1,"conspire:DecoderRing":2,"zeldaRelics:Navi":42,"Prayer Wheel":16,"zeldaRelics:CouragePiece":6,"zeldaRelics:PowerPiece":23,"InkBottle":30,"Red Skull":37,"Runic Cube":17,"conspire:Dentures":21,"zeldaRelics:WisdomPiece":10,"Thread and Needle":3,"infinitespire:Beetle Shell":43,"zeldaRelics:PowerTriforce":26,"zeldaRelics:CourageTriforce":9,"Anchor":22,"Busted Crown":0,"Molten Egg 2":11,"REME_HandOfSuture":35,"infinitespire:EmpoweringShard":18,"Garlic":38,"ReplayTheSpireMod:TigerMarble":40,"REME_CardOfGreed":19,"StrikeDummy":5,"ReplayTheSpireMod:Lightbulb":36,"Toy Ornithopter":19,"REME_ComplimentaryCards":0},{"Lantern":10,"conspire:RoyalGoblet":17,"Replay:Multitool":16,"Sling":6,"Cursed Key":19,"Burning Blood":0,"zeldaRelics:WisdomTriforce":7,"Replay:Rubber Ducky":15,"Frozen Eye":0,"Lizard Tail":0,"Centennial Puzzle":14,"Nunchaku":15,"Replay:M_SmolderingBlood":0,"conspire:DecoderRing":1,"zeldaRelics:Navi":22,"Prayer Wheel":8,"zeldaRelics:CouragePiece":4,"zeldaRelics:PowerPiece":12,"InkBottle":15,"Red Skull":19,"Runic Cube":8,"conspire:Dentures":10,"zeldaRelics:WisdomPiece":6,"Thread and Needle":2,"infinitespire:Beetle Shell":22,"zeldaRelics:PowerTriforce":13,"zeldaRelics:CourageTriforce":5,"Anchor":11,"Busted Crown":0,"Molten Egg 2":6,"REME_HandOfSuture":18,"infinitespire:EmpoweringShard":9,"Garlic":20,"ReplayTheSpireMod:TigerMarble":21,"REME_CardOfGreed":9,"StrikeDummy":3,"ReplayTheSpireMod:Lightbulb":19,"Toy Ornithopter":9,"REME_ComplimentaryCards":0},{"Lantern":38,"conspire:RoyalGoblet":59,"Replay:Multitool":55,"Sling":18,"Cursed Key":62,"Burning Blood":0,"zeldaRelics:WisdomTriforce":20,"Replay:Rubber Ducky":51,"Frozen Eye":0,"Lizard Tail":0,"Centennial Puzzle":49,"Nunchaku":51,"Replay:M_SmolderingBlood":0,"conspire:DecoderRing":2,"zeldaRelics:Navi":68,"Prayer Wheel":22,"zeldaRelics:CouragePiece":12,"zeldaRelics:PowerPiece":44,"InkBottle":51,"Red Skull":62,"Runic Cube":27,"conspire:Dentures":38,"zeldaRelics:WisdomPiece":18,"Thread and Needle":4,"infinitespire:Beetle Shell":68,"zeldaRelics:PowerTriforce":47,"zeldaRelics:CourageTriforce":16,"Anchor":42,"Busted Crown":0,"Molten Egg 2":18,"REME_HandOfSuture":61,"infinitespire:EmpoweringShard":30,"Garlic":63,"ReplayTheSpireMod:TigerMarble":65,"REME_CardOfGreed":30,"StrikeDummy":6,"ReplayTheSpireMod:Lightbulb":62,"Toy Ornithopter":30,"REME_ComplimentaryCards":0}],"Toy Ornithopter":20,"InkBottle":[17],"Runic Cube":[51]},"card_choices":[{"not_picked":["Deadly Poison","Replay:BasicMightCard"],"picked":"Evaluate","floor":0},{"not_picked":["Rebound","ReplayTheSpireMod:Strike From Hell"],"picked":"ReplayTheSpireMod:System Scan","floor":0},{"not_picked":["Recycle","Cold Snap"],"picked":"Dark Shackles","floor":0},{"not_picked":["Outmaneuver","Twin Strike"],"picked":"REME_TwoStrings","floor":0},{"not_picked":["Clash","Run Through"],"picked":"Quick Slash","floor":0},{"not_picked":["Run Through","Sever Soul"],"picked":"Fire Breathing","floor":0},{"not_picked":["CrushJoints","Panic Button"],"picked":"conspire:DoublingDagger","floor":0},{"not_picked":["ThirdEye","SignatureMove"],"picked":"Bane","floor":0},{"not_picked":["Reprogram","Good Instincts"],"picked":"Aggregate","floor":0},{"not_picked":["REME_TheoryOfElimination","Halt"],"picked":"Impatience","floor":0},{"not_picked":["Sucker Punch","Cloak And Dagger"],"picked":"Beam Cell","floor":0},{"not_picked":["Ball Lightning","Stack"],"picked":"Deflect","floor":0},{"not_picked":["Consecrate","Protect"],"picked":"Catalyst","floor":0},{"not_picked":["FlyingSleeves","Ball Lightning"],"picked":"Poisoned Stab","floor":0},{"not_picked":["CutThroughFate","Gash"],"picked":"Sword Boomerang","floor":0}],"player_experience":1438189,"relics_obtained":[{"floor":2,"key":"conspire:DecoderRing"},{"floor":3,"key":"Thread and Needle"},{"floor":5,"key":"StrikeDummy"},{"floor":6,"key":"zeldaRelics:CouragePiece"},{"floor":8,"key":"zeldaRelics:CouragePiece"},{"floor":9,"key":"zeldaRelics:CouragePiece"},{"floor":10,"key":"zeldaRelics:WisdomPiece"},{"floor":13,"key":"zeldaRelics:WisdomPiece"},{"floor":14,"key":"zeldaRelics:WisdomPiece"},{"floor":18,"key":"infinitespire:EmpoweringShard"},{"floor":20,"key":"Lantern"},{"floor":21,"key":"conspire:Dentures"},{"floor":22,"key":"Anchor"},{"floor":23,"key":"zeldaRelics:PowerPiece"},{"floor":25,"key":"zeldaRelics:PowerPiece"},{"floor":26,"key":"zeldaRelics:PowerPiece"},{"floor":28,"key":"Centennial Puzzle"},{"floor":29,"key":"Replay:Rubber Ducky"},{"floor":31,"key":"Replay:Multitool"},{"floor":35,"key":"REME_HandOfSuture"},{"floor":36,"key":"ReplayTheSpireMod:Lightbulb"},{"floor":38,"key":"Garlic"},{"floor":40,"key":"ReplayTheSpireMod:TigerMarble"},{"floor":42,"key":"zeldaRelics:Navi"},{"floor":43,"key":"infinitespire:Beetle Shell"}],"event_choices":[{"cards_removed":["Pain"],"damage_healed":0,"gold_gain":0,"player_choice":"Gave Gold","damage_taken":0,"max_hp_gain":0,"max_hp_loss":0,"event_name":"Beggar","floor":27,"gold_loss":75},{"damage_healed":0,"gold_gain":0,"player_choice":"Embrace Madness","damage_taken":12,"max_hp_gain":0,"max_hp_loss":0,"event_name":"Winding Halls","floor":39,"gold_loss":0,"cards_obtained":["Madness","Madness"]}],"is_beta":false,"boss_relics":[{"not_picked":["Ring of Chaos","SlaversCollar"],"picked":"Runic Cube"},{"not_picked":["REME_LowDesire","infinitespire:Burning Sword"],"picked":"conspire:RoyalGoblet"}],"items_purged_floors":[37],"is_endless":true,"potions_floor_spawned":[5,8,20,23,25,29,31,36,38,44],"killed_by":"Nightmare_Alpha","ascension_level":20}}