{"host":"ok3pmhc1fiz31noj","time":1607791800,"event":{"mods":["AchievementEnabler","BaseMod","Colored Map","Minty Spire (QoL Compilation)","Quick Restart","Replay The Spire","StSLib"],"gold_per_floor":[114,114,114,39,62,62,75,90,138,66,84,84,84,105,105,228,228,243,266,466,481,406,406,406,406],"floor_reached":24,"playtime":572,"items_purged":["Regret"],"score":188,"play_id":"e59038e1-4cc0-4184-903e-dafde43b6714","local_time":"20201213005000","is_ascension_mode":false,"campfire_choices":[{"data":"Infinite Blades","floor":6,"key":"SMITH"},{"data":"Infinite Blades","floor":12,"key":"SMITH"},{"floor":15,"key":"REST"},{"data":"Accuracy","floor":23,"key":"SMITH"}],"circlet_count":0,"master_deck":["Strike_G","Strike_G","Strike_G","Defend_G","Defend_G","Defend_G","Survivor","Neutralize","Infinite Blades+1","Blade Dance","Accuracy+1","Infinite Blades+1","Choke","Blade Dance"],"relics":["Empty Cage","Golden Idol","Vajra","Art of War","Busted Crown"],"acts_visited":["Exordium","TheCity"],"potions_floor_usage":[14,16,16,19,21],"damage_taken":[{"damage":0,"enemies":"Small Slimes","floor":1,"turns":3},{"damage":2,"enemies":"Jaw Worm","floor":5,"turns":3},{"damage":3,"enemies":"2 Louse","floor":7,"turns":2},{"damage":13,"enemies":"Lots of Slimes","floor":8,"turns":4},{"damage":0,"enemies":"Exordium Wildlife","floor":11,"turns":2},{"damage":9,"enemies":"Blue Slaver","floor":14,"turns":3},{"damage":4,"enemies":"Hexaghost","floor":16,"turns":5},{"damage":17,"enemies":"Shell Parasite","floor":18,"turns":4},{"damage":0,"enemies":"Spheric Guardian","floor":19,"turns":3},{"damage":6,"enemies":"Snake Plant","floor":21,"turns":4},{"damage":42,"enemies":"Slavers","floor":24,"turns":3}],"seed_played":"-6753224402930428671","potions_obtained":[{"floor":1,"key":"Adrenaline Potion"},{"floor":11,"key":"Weak Potion"},{"floor":14,"key":"Weak Potion"},{"floor":16,"key":"ColorlessPotion"},{"floor":19,"key":"FearPotion"}],"is_trial":false,"path_per_floor":["M","?","?","$","M","R","M","M","T","$","M","R","?","M","R","B",null,"M","M","?","M","?","R","E"],"character_chosen":"THE_SILENT","items_purchased":["Infinite Blades"],"campfire_rested":1,"item_purchase_floors":[10],"current_hp_per_floor":[70,65,65,65,63,63,60,47,47,47,47,47,47,38,57,53,65,48,48,48,42,42,42,0,0],"gold":406,"neow_bonus":"BOSS_RELIC","is_daily":false,"chose_seed":false,"campfire_upgraded":3,"win_rate":0.0,"timestamp":1607791800,"path_taken":["M","?","?","?","M","R","M","M","T","$","M","R","?","M","R","BOSS","M","M","?","?","?","R","E"],"items_purchased_type":["Card"],"build_version":"2020-11-30","purchased_purges":1,"victory":false,"max_hp_per_floor":[70,65,65,65,65,65,65,65,65,65,65,65,65,65,65,65,65,65,65,65,65,65,65,65,65],"card_choices":[{"not_picked":["Backflip","Acrobatics"],"picked":"Infinite Blades","floor":1},{"not_picked":["Prepared","Flying Knee"],"picked":"Blade Dance","floor":5},{"not_picked":["Glass Knife","Poisoned Stab","PiercingWail"],"picked":"SKIP","floor":7},{"not_picked":["Backstab","Slice"],"picked":"Accuracy","floor":8},{"not_picked":["Leg Sweep","Predator"],"picked":"Choke","floor":11},{"not_picked":["Poisoned Stab","Outmaneuver"],"picked":"Blade Dance","floor":14},{"not_picked":["Sucker Punch"],"picked":"SKIP","floor":18},{"not_picked":["Dagger Throw"],"picked":"SKIP","floor":19},{"not_picked":["Tactician"],"picked":"SKIP","floor":21}],"player_experience":179852,"relics_obtained":[{"floor":9,"key":"Art of War"}],"event_choices":[{"damage_healed":0,"gold_gain":0,"player_choice":"Lose Max HP","damage_taken":0,"relics_obtained":["Golden Idol"],"max_hp_gain":0,"max_hp_loss":5,"event_name":"Golden Idol","floor":2,"gold_loss":0},{"damage_healed":0,"gold_gain":0,"player_choice":"Box","damage_taken":0,"relics_obtained":["Vajra"],"max_hp_gain":0,"max_hp_loss":0,"event_name":"Big Fish","floor":3,"gold_loss":0,"cards_obtained":["Regret"]},{"damage_healed":0,"gold_gain":250,"player_choice":"Bet on Owner","damage_taken":0,"max_hp_gain":0,"max_hp_loss":0,"event_name":"The Joust","floor":20,"gold_loss":50},{"cards_removed":["Strike_G"],"damage_healed":0,"gold_gain":0,"player_choice":"Gave Gold","damage_taken":0,"max_hp_gain":0,"max_hp_loss":0,"event_name":"Beggar","floor":22,"gold_loss":75}],"is_beta":false,"boss_relics":[{"not_picked":["Ectoplasm","SacredBark"],"picked":"Busted Crown"}],"items_purged_floors":[4],"is_endless":false,"potions_floor_spawned":[1,11,14,16,19],"killed_by":"Slavers","ascension_level":0}}