{"host":"daa8jqyg4gqfaysm","time":1607784777,"event":{"mods":["BaseMod","Colored Powertips","Minty Spire (QoL Compilation)","StSLib"],"gold_per_floor":[109,109,134,150,150,150,186,186,186,186,186,186,211,211,211,304,304,325,325,9,9,33,33,33,46,46,46,46,46,81,100,100,196,196,221,221,554,604,617,617,635,664,715,715,725,53,53,72,72,72,72,72,2,35,35,35],"floor_reached":55,"playtime":5652,"items_purged":["Strike_B","Strike_B"],"score":1207,"play_id":"5e9e3951-c319-4d24-a332-f84990421421","local_time":"20201212225257","is_ascension_mode":true,"campfire_choices":[{"data":"Rip and Tear","floor":6,"key":"SMITH"},{"data":"Doom and Gloom","floor":8,"key":"SMITH"},{"floor":11,"key":"REST"},{"data":"Sweeping Beam","floor":15,"key":"SMITH"},{"floor":23,"key":"REST"},{"floor":27,"key":"REST"},{"floor":29,"key":"REST"},{"data":"Buffer","floor":32,"key":"SMITH"},{"floor":40,"key":"RECALL"},{"floor":44,"key":"REST"},{"floor":47,"key":"REST"},{"data":"Static Discharge","floor":49,"key":"SMITH"},{"floor":52,"key":"REST"}],"circlet_count":0,"master_deck":["AscendersBane","Strike_B+1","Defend_B","Defend_B","Defend_B","Defend_B+1","Zap+1","Dualcast","Sweeping Beam+1","Rip and Tear+1","Hologram","Doom and Gloom+1","Redo+1","Biased Cognition","Coolheaded+1","Cold Snap","Leap+1","PanicButton+1","Compile Driver","Buffer+1","Aggregate+1","Self Repair","Steam+1","Electrodynamics","Turbo+1","Hologram+1","Steam Power+1","Static Discharge+1","Chaos+1","Double Energy+1"],"relics":["Inserter","Ice Cream","Toxic Egg 2","Art of War","Runic Pyramid","Happy Flower","Anchor","Busted Crown","Bag of Marbles","Frozen Eye","Mango","Mercury Hourglass"],"acts_visited":["Exordium","TheCity","TheBeyond","TheEnding"],"potions_floor_usage":[7,16,22,30,30,45,48,50,55],"damage_taken":[{"damage":9,"enemies":"Jaw Worm","floor":1,"turns":4},{"damage":2,"enemies":"Small Slimes","floor":3,"turns":5},{"damage":1,"enemies":"2 Louse","floor":4,"turns":2},{"damage":22,"enemies":"3 Sentries","floor":7,"turns":5},{"damage":0,"enemies":"Large Slime","floor":13,"turns":3},{"damage":15,"enemies":"Slime Boss","floor":16,"turns":9},{"damage":33,"enemies":"2 Thieves","floor":18,"turns":3},{"damage":0,"enemies":"Chosen","floor":22,"turns":6},{"damage":3,"enemies":"Centurion and Healer","floor":25,"turns":9},{"damage":25,"enemies":"Gremlin Leader","floor":30,"turns":9},{"damage":0,"enemies":"Snecko","floor":31,"turns":6},{"damage":25,"enemies":"Collector","floor":33,"turns":12},{"damage":0,"enemies":"Orb Walker","floor":35,"turns":3},{"damage":0,"enemies":"3 Shapes","floor":39,"turns":4},{"damage":17,"enemies":"Jaw Worm Horde","floor":41,"turns":5},{"damage":22,"enemies":"Nemesis","floor":42,"turns":7},{"damage":22,"enemies":"Writhing Mass","floor":45,"turns":9},{"damage":0,"enemies":"Sphere and 2 Shapes","floor":48,"turns":4},{"damage":55,"enemies":"Awakened One","floor":50,"turns":17},{"damage":30,"enemies":"Shield and Spear","floor":54,"turns":7},{"damage":82,"enemies":"The Heart","floor":55,"turns":8}],"seed_played":"-4288070088312348870","potions_obtained":[{"floor":3,"key":"LiquidMemories"},{"floor":4,"key":"DuplicationPotion"},{"floor":18,"key":"Swift Potion"},{"floor":25,"key":"Explosive Potion"},{"floor":35,"key":"FearPotion"},{"floor":45,"key":"AttackPotion"}],"is_trial":false,"path_per_floor":["M","?","M","M","?","R","E","R","T","?","R","?","M","T","R","B",null,"M","?","$","?","M","R","$","M","T","R","$","R","E","M","R","B",null,"M","?","?","?","M","R","M","E","T","R","M","$","R","M","R","B",null,"R","$","E","B"],"character_chosen":"DEFECT","items_purchased":["Cold Snap","Leap+1","DuplicationPotion","PanicButton+1","Frozen Eye","EntropicBrew","Mango","Static Discharge","Chaos+1"],"campfire_rested":7,"item_purchase_floors":[20,20,20,20,46,46,46,46,53],"current_hp_per_floor":[55,55,53,52,52,52,30,30,30,11,30,23,23,23,23,8,50,17,8,8,8,8,27,27,24,24,43,43,62,44,51,51,33,56,56,56,56,56,61,61,51,36,36,54,39,53,75,75,75,27,63,75,75,52,0,0],"gold":35,"neow_bonus":"BOSS_RELIC","is_daily":false,"chose_seed":false,"campfire_upgraded":5,"win_rate":0.0,"timestamp":1607784777,"path_taken":["M","?","M","M","?","R","E","R","T","?","R","?","M","?","R","BOSS","M","?","$","?","?","R","?","?","T","R","?","R","E","M","R","BOSS","M","?","?","?","?","R","M","E","T","R","M","$","R","M","R","BOSS","R","$","E","BOSS"],"items_purchased_type":["Card","Card","Potion","Card","Relic","Potion","Relic","Card","Card"],"build_version":"2020-11-30","purchased_purges":2,"victory":false,"max_hp_per_floor":[71,64,64,64,64,64,64,64,64,64,64,64,64,64,64,64,64,64,64,64,64,64,64,64,64,64,64,64,64,64,64,64,64,64,64,61,61,61,61,61,61,61,61,61,61,75,75,75,75,75,75,75,75,75,75,75],"card_choices":[{"not_picked":["Steam","Reprogram"],"picked":"Sweeping Beam","floor":1},{"not_picked":["Hologram","Beam Cell"],"picked":"Rip and Tear","floor":3},{"not_picked":["Stack","Go for the Eyes"],"picked":"Hologram","floor":4},{"not_picked":["Hologram","Machine Learning"],"picked":"Doom and Gloom","floor":7},{"not_picked":["Storm","Streamline"],"picked":"Redo+1","floor":13},{"not_picked":["Buffer","Core Surge"],"picked":"Biased Cognition","floor":16},{"not_picked":["Steam Power+1","Hologram+1"],"picked":"Coolheaded+1","floor":18},{"not_picked":["Coolheaded+1","Steam+1"],"picked":"Aggregate+1","floor":22},{"not_picked":["Sweeping Beam","Stack+1"],"picked":"Self Repair","floor":25},{"not_picked":["Compile Driver","Genetic Algorithm+1"],"picked":"Steam+1","floor":30},{"not_picked":["Hello World","Self Repair","Cold Snap"],"picked":"SKIP","floor":31},{"not_picked":["Machine Learning","Core Surge"],"picked":"Electrodynamics","floor":33},{"not_picked":[],"picked":"Turbo+1","floor":35},{"not_picked":["Go for the Eyes+1"],"picked":"SKIP","floor":39},{"not_picked":[],"picked":"Hologram+1","floor":41},{"not_picked":[],"picked":"Steam Power+1","floor":42},{"not_picked":["Redo+1"],"picked":"SKIP","floor":45},{"not_picked":["Streamline"],"picked":"SKIP","floor":48},{"not_picked":[],"picked":"Double Energy+1","floor":54}],"player_experience":663845,"relics_obtained":[{"floor":7,"key":"Ice Cream"},{"floor":9,"key":"Toxic Egg 2"},{"floor":14,"key":"Art of War"},{"floor":26,"key":"Happy Flower"},{"floor":30,"key":"Anchor"},{"floor":42,"key":"Bag of Marbles"},{"floor":54,"key":"Mercury Hourglass"}],"event_choices":[{"damage_healed":0,"gold_gain":0,"player_choice":"Lose Max HP","damage_taken":0,"relics_obtained":["Golden Idol"],"max_hp_gain":0,"max_hp_loss":7,"event_name":"Golden Idol","floor":2,"gold_loss":0},{"damage_healed":0,"gold_gain":0,"player_choice":"Grow","damage_taken":0,"max_hp_gain":0,"max_hp_loss":0,"event_name":"Living Wall","floor":5,"gold_loss":0,"cards_upgraded":["Zap"]},{"damage_healed":0,"gold_gain":0,"player_choice":"Entered Light","damage_taken":19,"max_hp_gain":0,"max_hp_loss":0,"event_name":"Shining Light","floor":10,"gold_loss":0,"cards_upgraded":["Strike_B","Defend_B"]},{"cards_removed":["Strike_B"],"damage_healed":0,"gold_gain":0,"player_choice":"Card Removal","damage_taken":7,"max_hp_gain":0,"max_hp_loss":0,"event_name":"Golden Wing","floor":12,"gold_loss":0},{"damage_healed":0,"gold_gain":0,"player_choice":"Stopped","damage_taken":9,"max_hp_gain":0,"max_hp_loss":0,"event_name":"Cursed Tome","floor":19,"gold_loss":0},{"damage_healed":0,"gold_gain":0,"player_choice":"2 cards matched","damage_taken":0,"max_hp_gain":0,"max_hp_loss":0,"event_name":"Match and Keep!","floor":21,"gold_loss":0,"cards_obtained":["Compile Driver","Buffer"]},{"damage_healed":0,"gold_gain":0,"player_choice":"Max HP","damage_taken":0,"max_hp_gain":0,"max_hp_loss":3,"event_name":"Winding Halls","floor":36,"gold_loss":0},{"damage_healed":0,"gold_gain":333,"player_choice":"Gave Idol","damage_taken":0,"max_hp_gain":0,"max_hp_loss":0,"event_name":"The Moai Head","floor":37,"relics_lost":["Golden Idol"],"gold_loss":0},{"damage_healed":0,"gold_gain":50,"player_choice":"Pray","damage_taken":0,"max_hp_gain":0,"max_hp_loss":0,"event_name":"Golden Shrine","floor":38,"gold_loss":0}],"is_beta":false,"boss_relics":[{"not_picked":["Black Star","SacredBark"],"picked":"Runic Pyramid"},{"not_picked":["Velvet Choker","Snecko Eye"],"picked":"Busted Crown"}],"items_purged_floors":[20,46],"is_endless":false,"potions_floor_spawned":[3,4,18,25,35,45,54],"killed_by":"The Heart","ascension_level":15}}