{"host":"wvaiab5ya9pyia0u","time":1607798688,"event":{"mods":["2.2 Compatiblity","Aspiration","Bard","BaseMod","Bestiary","BetterRewards","Challenge The Spire","Colored Powertips","Conspire","Custom Start","DeckTracker","Hermit","Highlight Path","Hubris","Humility","Infinite Spire","Mimic Mod","Minty Spire (QoL Compilation)","Practice Mode","Quick Restart","Rare Cards Sparkle","Replay The Spire","Reworked Bosses","SacredBarkPlus","Shop Mod","Spicy Shops","StSLib","The Blue Laboratory","The Construct","The Cursed","The Disciple","The Factory","The Hierophant","The Jungle","The Mystic","The Runesmith","The Servant 0.9.4","TheBandit","Thieving Mod","Wandering Minibosses","everything is the same but u backflip on backflip","slay the spire mod where everything is the same but ironclad has a cowboy hat"],"gold_per_floor":[110,137,164,164,164,164,187,235,270,304,368,377,377,377,377,483,483,520,37,75,114,114,114,114],"floor_reached":23,"playtime":3163,"items_purged":[],"score":201,"play_id":"20d82efe-8f55-42a0-9d86-e34b82d01432","local_time":"20201212194448","is_ascension_mode":false,"campfire_choices":[{"data":"infinitespire:Collect","floor":6.0,"key":"SMITH"},{"data":"Stagnate","floor":13,"key":"SMITH"},{"floor":15,"key":"REST"}],"circlet_count":0,"master_deck":["Allegretto","Ritenuto+1","Rallentando+1","Strike_Br","Strike_Br","Strike_Br","Strike_Br","Defend_Br","Defend_Br","Defend_Br","Defend_Br","SecondHand","PatternShift","LockedMawBank","ReapSow","infinitespire:Collect+1","ExoVibe","LockedTurtyl","Allegretto","Stagnate+1","LockedMawBank+1","OracleForm","HandsUpB+1","Echonomics","LockedBlood","LockedBlood","LockedPlans","Analog"],"relics":["Chronometer","White Beast Statue","CeramicFish","InkBottle","Scales?","HangingClock","Iron Hammer","hubris:Towel"],"acts_visited":["Exordium","Exordium"],"potions_floor_usage":[8,11,16,16,21,23],"damage_taken":[{"damage":0.0,"enemies":"Small Slimes","floor":1.0,"turns":3.0},{"damage":0.0,"enemies":"2 Louse","floor":2.0,"turns":6.0},{"damage":2.0,"enemies":"conspire:RoseBush","floor":3.0,"turns":4.0},{"damage":0,"enemies":"3 Louse","floor":7,"turns":5},{"damage":10,"enemies":"Lagavulin","floor":8,"turns":7},{"damage":5,"enemies":"Large Slime","floor":9,"turns":12},{"damage":0,"enemies":"Large Slime","floor":10,"turns":4},{"damage":1,"enemies":"Replay:BlueRogue","floor":11,"turns":7},{"damage":36,"enemies":"Hexaghost","floor":16,"turns":17},{"damage":0,"enemies":"theJungle:MUSHROOMGANG","floor":18,"turns":5},{"damage":2,"enemies":"theJungle:GiantWrat","floor":20,"turns":6},{"damage":32,"enemies":"theJungle:2_Flameangoes","floor":21,"turns":8},{"damage":68,"enemies":"Nightmare","floor":23,"turns":8}],"seed_played":"-4067492408747881660","potions_obtained":[{"floor":1.0,"key":"blueLaboratory:FruitPunch"},{"floor":3.0,"key":"blueLaboratory:Moonshine"},{"floor":9,"key":"blueLaboratory:StoneskinPotion"},{"floor":10,"key":"Toxic Potion"},{"floor":11,"key":"Elixir"},{"floor":16,"key":"blueLaboratory:PyrophylliteBrew"},{"floor":18,"key":"WardPotion"},{"floor":21,"key":"blueLaboratory:BottleOfVodka"}],"is_trial":false,"path_per_floor":["M","M","M","?","?","R","M","E","MIM","M","E","?","R","?","R","B",null,"M","$","M","M","?","NM"],"character_chosen":"CHRONO_CLASS","items_purchased":["Echonomics","Iron Hammer","LockedBlood"],"campfire_rested":1,"item_purchase_floors":[19,19,19],"current_hp_per_floor":[71,71,69,52,52,52,52,44,39,39,38,38,38,38,59,23,73,73,73,73,53,53,0,0],"gold":114,"neow_bonus":"TEN_PERCENT_HP_BONUS","is_daily":false,"chose_seed":false,"campfire_upgraded":2,"win_rate":0.0,"timestamp":1607798688,"path_taken":["M","M","M","?","?","R","M","E","MIM","M","E","?","R","?","R","BOSS","M","$","M","M","?","NM"],"items_purchased_type":["Card","Relic","Card"],"build_version":"2020-11-30","purchased_purges":0,"victory":false,"max_hp_per_floor":[71,71,71,71,71,71,71,73,73,73,73,73,73,73,73,73,73,73,73,73,73,73,73,73],"card_choices":[{"not_picked":["Backlash","HandsUpB"],"picked":"LockedMawBank","floor":1.0},{"not_picked":["PrimeTime","Parity"],"picked":"ReapSow","floor":2.0},{"not_picked":["ShortSighted","WindUp"],"picked":"BeatsPerMinute","floor":3.0},{"not_picked":["infinitespire:Gouge","hubris:Fate"],"picked":"infinitespire:Collect","floor":4.0},{"not_picked":["LockedAnchor","BlueShift"],"picked":"ExoVibe","floor":7},{"not_picked":["LockedMedicine","BlueShift"],"picked":"LockedTurtyl","floor":8},{"not_picked":["BlueShift","ReapSow"],"picked":"Tempo","floor":10},{"not_picked":["LockedAnchor","WatchCommand"],"picked":"Stagnate","floor":11},{"not_picked":["Fragmentalize","LockedBell"],"picked":"OracleForm","floor":16},{"not_picked":["LockedTurtyl","TiringSlam+1"],"picked":"HandsUpB+1","floor":18},{"not_picked":["HandsUpC","LockedTurtyl"],"picked":"LockedPlans","floor":20},{"not_picked":["AlternateTimeline","EscortCommand"],"picked":"Analog","floor":21}],"player_experience":164782,"relics_obtained":[{"floor":8,"key":"White Beast Statue"},{"floor":9,"key":"CeramicFish"},{"floor":11,"key":"InkBottle"}],"event_choices":[{"damage_healed":0.0,"max_hp_gain":0.0,"max_hp_loss":0.0,"gold_gain":0.0,"event_name":"conspire:Investor","player_choice":"Leave","floor":5.0,"gold_loss":0.0,"damage_taken":0.0}],"is_beta":false,"boss_relics":[{"not_picked":["aspiration:MobileForge","hubris:TerracottaHorce"],"picked":"HangingClock"}],"items_purged_floors":[],"is_endless":false,"potions_floor_spawned":[1,3,9,10,11,16,18,20,21],"killed_by":"Nightmare","ascension_level":0}}