{"host":"3c27c697js19kaoo","time":1607778567,"event":{"mods":["BaseMod","Dota2Spire","Minty Spire (QoL Compilation)","Quick Restart","Remilia£®¿Ÿ√◊¿Ú—«£©","Replay The Spire","StSLib","The Cursed","The Gatherer","The Servant 0.9.4","°æ“≈ŒÔø®≈∆°øREMEMod"],"gold_per_floor":[113,113,128,145,165,199,199,199,199,199,280,280,280],"floor_reached":12,"playtime":413,"items_purged":[],"score":90,"play_id":"470201e4-98d0-4d49-98f4-f47dae1df521","local_time":"20201212210927","is_ascension_mode":true,"campfire_choices":[{"data":"Decay","floor":8,"key":"PURGE"}],"circlet_count":0,"master_deck":["Strike_S","Strike_S","Strike_S","Strike_S","Defend_S","Defend_S","Defend_S","Defend_S","KidneyShot","Exchange","MasterReality","Unruled","Dilation","Moondial","BottledTime"],"relics":["Uniform","REME_ComplimentaryCards","Lantern","Peace Pipe","Toxic Egg 2"],"acts_visited":["Exordium"],"potions_floor_usage":[6],"damage_taken":[{"damage":5,"enemies":"2 Louse","floor":1,"turns":3},{"damage":2,"enemies":"Cultist","floor":3,"turns":5},{"damage":0,"enemies":"Jaw Worm","floor":4,"turns":4},{"damage":0,"enemies":"Exordium Wildlife","floor":5,"turns":2},{"damage":26,"enemies":"3 Sentries","floor":6,"turns":9},{"damage":37,"enemies":"Gremlin Nob","floor":12,"turns":4}],"seed_played":"1142163462501835440","potions_obtained":[{"floor":5,"key":"Fire Potion"},{"floor":6,"key":"Elixir"}],"is_trial":false,"path_per_floor":["M","?","M","M","M","E","?","R","PTL","PTL","T","E"],"character_chosen":"THE_SERVANT","items_purchased":[],"campfire_rested":0,"item_purchase_floors":[],"current_hp_per_floor":[60,60,58,58,58,32,32,32,32,32,32,0,0],"gold":280,"neow_bonus":"RANDOM_COMMON_RELIC","is_daily":false,"chose_seed":false,"campfire_upgraded":0,"win_rate":0.0,"timestamp":1607778567,"path_taken":["M","?","?","M","?","E","?","R","PTL","PTL","T","E"],"items_purchased_type":[],"build_version":"2020-11-30","purchased_purges":0,"victory":false,"max_hp_per_floor":[65,65,65,65,65,65,65,65,65,65,65,65,65],"card_choices":[{"not_picked":["FanOfKnives","Potential","WasteNot"],"picked":"SKIP","floor":1},{"not_picked":["Revamp","Rewind","Potential"],"picked":"SKIP","floor":3},{"not_picked":["BottledTime","FastForward"],"picked":"Moondial","floor":4},{"not_picked":["Ricochet","WasteNot","DoubleEdge"],"picked":"SKIP","floor":5},{"not_picked":["Deny","Desolation"],"picked":"BottledTime","floor":6}],"player_experience":108626,"relics_obtained":[{"floor":6,"key":"Peace Pipe"},{"floor":11,"key":"Toxic Egg 2"}],"event_choices":[{"damage_healed":0,"gold_gain":0,"player_choice":"2 cards matched","damage_taken":0,"max_hp_gain":0,"max_hp_loss":0,"event_name":"Match and Keep!","floor":2,"gold_loss":0,"cards_obtained":["Unruled","Dilation"]},{"damage_healed":0,"gold_gain":0,"player_choice":"Cursed","damage_taken":0,"max_hp_gain":0,"max_hp_loss":0,"event_name":"Wheel of Change","floor":7,"gold_loss":0,"cards_obtained":["Decay"]}],"is_beta":false,"boss_relics":[],"items_purged_floors":[],"is_endless":false,"potions_floor_spawned":[5,6],"killed_by":"Gremlin Nob","ascension_level":3}}