{"host":"cjhtzh7tp54jdfyv","time":1607735903,"event":{"mods":["BaseMod","Minty Spire (QoL Compilation)"],"gold_per_floor":[111,126,136,136,146,172,172,190,190,245,263,0,32,32,32,32,32],"floor_reached":16,"playtime":3858,"items_purged":[],"score":224,"play_id":"00073507-3a37-4517-949d-739c5fbef3ed","local_time":"20201211201823","is_ascension_mode":true,"campfire_choices":[{"floor":7,"key":"REST"},{"data":"Capacitor","floor":15,"key":"SMITH"}],"circlet_count":0,"master_deck":["AscendersBane","Strike_B","Strike_B","Strike_B","Strike_B","Defend_B","Defend_B","Defend_B","Defend_B","Zap","Dualcast","Compile Driver+1","Cold Snap+1","Barrage","Machine Learning","Biased Cognition","Ball Lightning","Capacitor+1","Sweeping Beam","Coolheaded"],"relics":["Cracked Core","Whetstone","Lee\u0027s Waffle","Blue Candle","Golden Idol"],"acts_visited":["Exordium"],"potions_floor_usage":[6,8,11,16,16],"damage_taken":[{"damage":15,"enemies":"Small Slimes","floor":1,"turns":4},{"damage":7,"enemies":"Jaw Worm","floor":2,"turns":3},{"damage":1,"enemies":"2 Louse","floor":3,"turns":3},{"damage":9,"enemies":"Exordium Thugs","floor":5,"turns":4},{"damage":32,"enemies":"Gremlin Nob","floor":6,"turns":4},{"damage":13,"enemies":"Lots of Slimes","floor":8,"turns":3},{"damage":4,"enemies":"3 Louse","floor":11,"turns":3},{"damage":19,"enemies":"Lagavulin","floor":13,"turns":6},{"damage":37,"enemies":"Hexaghost","floor":16,"turns":9}],"seed_played":"7160819949048139835","potions_obtained":[{"floor":2,"key":"FocusPotion"},{"floor":3,"key":"Fire Potion"},{"floor":6,"key":"Fire Potion"},{"floor":11,"key":"Block Potion"},{"floor":13,"key":"Strength Potion"}],"is_trial":false,"path_per_floor":["M","M","M","?","M","E","R","M","T","?","M","$","E","?","R","B"],"character_chosen":"DEFECT","items_purchased":["Lee\u0027s Waffle","Capacitor","Sweeping Beam"],"campfire_rested":1,"item_purchase_floors":[12,12,12],"current_hp_per_floor":[56,49,48,48,39,7,30,17,17,17,13,85,66,37,37,0,0],"gold":32,"neow_bonus":"TEN_PERCENT_HP_BONUS","is_daily":false,"chose_seed":false,"campfire_upgraded":1,"win_rate":0.0,"timestamp":1607735903,"path_taken":["M","M","M","?","M","E","R","M","T","?","M","$","E","?","R","BOSS"],"items_purchased_type":["Relic","Card","Card"],"build_version":"2020-11-30","purchased_purges":0,"victory":false,"max_hp_per_floor":[78,78,78,78,78,78,78,78,78,78,78,85,85,85,85,85,85],"card_choices":[{"not_picked":["Go for the Eyes","Melter"],"picked":"Compile Driver","floor":1},{"not_picked":["Self Repair","BootSequence"],"picked":"Cold Snap","floor":2},{"not_picked":["Leap","Compile Driver"],"picked":"Barrage","floor":3},{"not_picked":["Melter","Coolheaded"],"picked":"Machine Learning","floor":5},{"not_picked":["Force Field","Leap"],"picked":"Biased Cognition","floor":6},{"not_picked":["Streamline","Hologram"],"picked":"Ball Lightning","floor":8},{"not_picked":["FTL","Rebound","Stack"],"picked":"SKIP","floor":11},{"not_picked":["FTL","Rebound","Stack"],"picked":"SKIP","floor":11},{"not_picked":["Chaos","Meteor Strike"],"picked":"Coolheaded","floor":13}],"player_experience":4151878,"relics_obtained":[{"floor":6,"key":"Whetstone"},{"floor":13,"key":"Blue Candle"}],"event_choices":[{"damage_healed":0,"gold_gain":0,"player_choice":"Ignored","damage_taken":0,"max_hp_gain":0,"max_hp_loss":0,"event_name":"Liars Game","floor":4,"gold_loss":0},{"damage_healed":0,"gold_gain":55,"player_choice":"Gained Gold","damage_taken":0,"max_hp_gain":0,"max_hp_loss":0,"event_name":"Golden Wing","floor":10,"gold_loss":0},{"damage_healed":0,"gold_gain":0,"player_choice":"Take Damage","damage_taken":29,"relics_obtained":["Golden Idol"],"max_hp_gain":0,"max_hp_loss":0,"event_name":"Golden Idol","floor":14,"gold_loss":0}],"is_beta":false,"boss_relics":[],"items_purged_floors":[],"is_endless":false,"potions_floor_spawned":[2,3,6,11,13],"killed_by":"Hexaghost","ascension_level":20}}