{"host":"s3g5dmvfnpdztvul","time":1607731858,"event":{"mods":["AchievementEnabler","AlwaysNeverKeys","Aspiration","BaseMod","Better Altar","Better Match","Better Note","Better Sensory Stone","Better Vampires","BetterRewards","CatGirl Mod","Challenge The Spire","Colored Map","Colored Powertips","Colorless Booster Pack","Conspire","Curses Come First","DeckTracker","Displayed Cursed Tome","Downfall","Energized Spire","Fiend Mod","Friendly Minions","GifTheSpireLib","Hubris","Hyrulean Relics","Infinite Spire","Ironclad Rager","Jedi Mod","Marisa????????","Marked Mod","Mimic Mod","Minty Spire (QoL Compilation)","Permanent Neow","Quick Restart","Railgun Mod","Random Character Button","Rare Cards Sparkle","Replay The Spire","SCP261 Mod","Shade Mod","Small Relic Pack","Spicy Shops","Spikes Relics","StSLib","Stuff the Spire","The Alterego","The Blue Laboratory","The Clintock","The Cursed","The Factory","The Jungle","The Necromancer","TheSwordswoman","Trackpad","Unceasing Turn Reminder","Virulent Crown","Waifu the Spire","Wandering Minibosses","vexMod"],"gold_per_floor":[116,116,126,426,426,453,453,453,453,464,495,506,25,35,35,140,140,152,9,27,39,55,89,89,89,89],"floor_reached":25,"playtime":1782,"items_purged":[],"score":256,"play_id":"b1e7c645-b060-4306-acdc-88c14f9021e9","local_time":"20201211191058","is_ascension_mode":true,"campfire_choices":[{"floor":7,"key":"REST"},{"floor":15,"key":"REST"}],"circlet_count":0,"master_deck":["alterego_mod:Strike","alterego_mod:Strike","alterego_mod:Strike","alterego_mod:Defend","alterego_mod:Defend","alterego_mod:Defend","alterego_mod:Impale","alterego_mod:BigMeatyClaws","alterego_mod:BrynhildrsRune+1","alterego_mod:Swimsuit","alterego_mod:BiFurious","alterego_mod:SakuraFive","alterego_mod:Cycle","alterego_mod:Pet","alterego_mod:ClassAdvantage","alterego_mod:Undulate","alterego_mod:Lift","alterego_mod:SideboobHour","alterego_mod:IdEs","alterego_mod:PresenceConcealment","alterego_mod:MaintainEyeContact","alterego_mod:TrashNCrash","alterego_mod:ChallengeComplete","alterego_mod:Cooking","alterego_mod:Maid+1","alterego_mod:DeftHands","alterego_mod:SakuraPetals","alterego_mod:Jiggle","alterego_mod:Birthday","alterego_mod:DiscoLights+1","alterego_mod:Schoolgirl","alterego_mod:Birthday","alterego_mod:MaintainEyeContact","alterego_mod:Bloomers"],"relics":["alterego_mod:MasochisticConstitution","aspiration:Nostalgia","Sizzling Blood","Old Coin","trackpad:IceCube","Regal Pillow","Replay:Rubber Ducky","Snack Pack","Bronze Scales","HandDrill","energizedSpire:StickyHand","Vajra","StuffTheSpire:Barrel","Black Blood"],"acts_visited":["Exordium","TheCity"],"potions_floor_usage":[11,16,16,21,23,23],"damage_taken":[{"damage":14,"enemies":"Jaw Worm","floor":1,"turns":3},{"damage":27,"enemies":"infinitespire:Voidling","floor":3,"turns":4},{"damage":30,"enemies":"Gremlin Nob","floor":6,"turns":4},{"damage":12,"enemies":"2 Louse","floor":10,"turns":3},{"damage":37,"enemies":"Lagavulin","floor":11,"turns":4},{"damage":0,"enemies":"2 Fungi Beasts","floor":12,"turns":3},{"damage":9,"enemies":"Blue Slaver","floor":14,"turns":5},{"damage":39,"enemies":"Hexaghost","floor":16,"turns":9},{"damage":27,"enemies":"Chosen","floor":18,"turns":6},{"damage":17,"enemies":"3 Byrds","floor":20,"turns":7},{"damage":1,"enemies":"conspire:HollyBat","floor":21,"turns":8},{"damage":37,"enemies":"Centurion and Healer","floor":22,"turns":7},{"damage":72,"enemies":"Slavers","floor":23,"turns":7},{"damage":51,"enemies":"Shelled Parasite and Fungi","floor":25,"turns":2}],"seed_played":"8080398080439620222","potions_obtained":[{"floor":6,"key":"blueLaboratory:BottleOfRum"},{"floor":12,"key":"Languid Potion"},{"floor":16,"key":"jedi:hoardpotion"},{"floor":20,"key":"SkillPotion"},{"floor":21,"key":"Languid Potion"},{"floor":22,"key":"sneckomod:MuddlingPotion"}],"is_trial":false,"path_per_floor":["M","?","M","?","?","E","R","?","T","M","E","M","$","M","R","B",null,"M","$","M","M","M","E","?","M"],"character_chosen":"The_Alterego","items_purchased":["Snack Pack","Bronze Scales","HandDrill","Vajra"],"campfire_rested":2,"item_purchase_floors":[13,13,13,19],"current_hp_per_floor":[65,65,43,40,62,37,60,54,54,47,22,26,26,31,70,36,81,59,59,83,84,64,21,21,0,0],"gold":89,"neow_bonus":"NOSTALGIA","is_daily":false,"chose_seed":false,"campfire_upgraded":0,"win_rate":0.0,"timestamp":1607731858,"path_taken":["M","?","?","?","?","E","R","?","T","M","E","M","$","M","R","BOSS","M","$","M","M","M","E","?","?"],"items_purchased_type":["Relic","Relic","Relic","Relic"],"build_version":"2020-11-30","purchased_purges":0,"victory":false,"max_hp_per_floor":[75,75,76,76,76,77,77,77,77,78,79,79,79,80,80,81,81,82,82,83,84,85,86,65,65,65],"card_choices":[{"not_picked":["alterego_mod:RocketPunch","alterego_mod:BreastValley"],"picked":"alterego_mod:Swimsuit","floor":1},{"not_picked":["alterego_mod:GachaTicket","alterego_mod:PurpleHair"],"picked":"alterego_mod:BiFurious","floor":3},{"not_picked":["alterego_mod:BiFurious","alterego_mod:Belts"],"picked":"alterego_mod:SakuraFive","floor":6},{"not_picked":["alterego_mod:DustData","alterego_mod:PerceptionDisorder"],"picked":"alterego_mod:Cycle","floor":10},{"not_picked":["alterego_mod:Rip","alterego_mod:Support"],"picked":"alterego_mod:Pet","floor":11},{"not_picked":["alterego_mod:Mirror","alterego_mod:Punishment"],"picked":"alterego_mod:ClassAdvantage","floor":12},{"not_picked":["alterego_mod:Support","alterego_mod:PerceptionDisorder"],"picked":"alterego_mod:Undulate","floor":14},{"not_picked":["alterego_mod:PresenceConcealment","alterego_mod:TrashNCrash"],"picked":"alterego_mod:MaintainEyeContact","floor":18},{"not_picked":["alterego_mod:ChallengeComplete","alterego_mod:Maid+1"],"picked":"alterego_mod:Cooking","floor":20},{"not_picked":["alterego_mod:DeftHands","alterego_mod:Jiggle"],"picked":"alterego_mod:SakuraPetals","floor":21},{"not_picked":["alterego_mod:Birthday","alterego_mod:Schoolgirl"],"picked":"alterego_mod:DiscoLights+1","floor":22},{"not_picked":["alterego_mod:Birthday","alterego_mod:Bloomers"],"picked":"alterego_mod:MaintainEyeContact","floor":23}],"player_experience":498448,"relics_obtained":[{"floor":6,"key":"trackpad:IceCube"},{"floor":9,"key":"Regal Pillow"},{"floor":11,"key":"Replay:Rubber Ducky"},{"floor":23,"key":"StuffTheSpire:Barrel"}],"event_choices":[{"cards_removed":["alterego_mod:Strike"],"damage_healed":0,"gold_gain":0,"player_choice":"Offered Basic","damage_taken":0,"max_hp_gain":0,"max_hp_loss":0,"event_name":"Bonfire Elementals","floor":2,"gold_loss":0},{"damage_healed":0,"gold_gain":0,"player_choice":"Success","damage_taken":3,"relics_obtained":["Old Coin"],"max_hp_gain":0,"max_hp_loss":0,"event_name":"Scrap Ooze","floor":4,"gold_loss":0}],"is_beta":false,"boss_relics":[{"not_picked":["Pandora\u0027s Box","trackpad:Coffee"],"picked":"energizedSpire:StickyHand"}],"items_purged_floors":[],"is_endless":false,"potions_floor_spawned":[6,12,16,20,21,22],"killed_by":"Shelled Parasite and Fungi","ascension_level":2}}