{"host":"kq2g769nefmuyn7c","time":1607783076,"event":{"mods":["Act Like it!","BaseMod","Gensokyo","Hallownest","Koishi","Minty Spire (QoL Compilation)","Remilia£®¿Ÿ√◊¿Ú—«£©","StSLib","The Bug Knight"],"gold_per_floor":[116,116,127,144,6,6,17,42,88,13,13,29,29,44,44,44,44],"floor_reached":16,"playtime":962,"items_purged":[],"score":102,"play_id":"cc101d4e-38de-4959-97d3-09d812854306","local_time":"20201212222436","is_ascension_mode":false,"campfire_choices":[{"data":"HollowMod:FocusHealStart","floor":6,"key":"SMITH"},{"data":"HollowMod:HerrahsAnger","floor":11,"key":"SMITH"},{"data":"Hallownest:skillGreenpathMap","floor":13,"key":"SMITH"},{"floor":15,"key":"REST"}],"circlet_count":0,"master_deck":["HollowMod:NailStrikeStart","HollowMod:NailStrikeStart","HollowMod:NailStrikeStart","HollowMod:NailStrikeStart","HollowMod:QuickDashStart","HollowMod:QuickDashStart","HollowMod:QuickDashStart","HollowMod:QuickDashStart","HollowMod:FocusHealStart+1","HollowMod:PogoStrike","HollowMod:WraithStrike","HollowMod:BlackTendrils","HollowMod:NewLittleFool","HollowMod:Weaversong","HollowMod:VoidDash","HollowMod:HerrahsAnger+1","Hallownest:skillGreenpathMap+1","HollowMod:BlackTendrils","HollowMod:DoubleDash"],"relics":["HollowMod:VesselMask","Hallownest:DreamNailRelic","Darkstone Periapt","Potion Belt"],"acts_visited":["Hallownest:Greenpath"],"potions_floor_usage":[1,8,12],"damage_taken":[{"damage":1,"enemies":"2_ Uuma","floor":1,"turns":6},{"damage":9,"enemies":"Hallownest:2_Tiktiks_and_1_Crawlid","floor":3,"turns":4},{"damage":6,"enemies":"Hallownest:2_Baldur","floor":4,"turns":6},{"damage":35,"enemies":"Hallownest:2_Tiktiks_1_Baldur_1_Crawlid","floor":7,"turns":6},{"damage":30,"enemies":"Hallownest:eliteMossKnight","floor":8,"turns":11},{"damage":13,"enemies":"Hallownest:1_Baldur_1_Crawlid_1_Warrior","floor":12,"turns":4},{"damage":34,"enemies":"Hallownest:1_Ooma_and_2_Uuma","floor":14,"turns":10},{"damage":53,"enemies":"Hallownest:BossFalseKnight","floor":16,"turns":8}],"seed_played":"1845655568365245401","potions_obtained":[{"floor":0,"key":"Swift Potion"},{"floor":0,"key":"Fruit Juice"},{"floor":0,"key":"PowerPotion"},{"floor":8,"key":"Energy Potion"},{"floor":14,"key":"Ancient Potion"}],"is_trial":false,"path_per_floor":["M","?","M","M","$","R","M","E","T","?","R","M","R","M","R","B"],"character_chosen":"THE_BUGKNIGHT","items_purchased":["HollowMod:Weaversong"],"campfire_rested":1,"item_purchase_floors":[5],"current_hp_per_floor":[80,80,71,73,73,73,46,32,32,32,32,31,31,8,32,0,0],"gold":44,"neow_bonus":"THREE_SMALL_POTIONS","is_daily":false,"chose_seed":false,"campfire_upgraded":3,"win_rate":0.0,"timestamp":1607783076,"path_taken":["M","?","M","?","$","R","?","E","T","?","R","M","R","M","R","BOSS"],"items_purchased_type":["Card"],"build_version":"2020-11-30","purchased_purges":0,"victory":false,"max_hp_per_floor":[80,80,80,80,80,80,80,80,80,80,80,80,80,80,80,80,80],"card_choices":[{"not_picked":["HollowMod:SoulSplash","HollowMod:InfectedCysts"],"picked":"HollowMod:WraithStrike","floor":1},{"not_picked":["HollowMod:DungDefenderAura","HollowMod:LifebloodCocoon"],"picked":"HollowMod:BlackTendrils","floor":3},{"not_picked":["HollowMod:HeavyBlow","HollowMod:FallenFury"],"picked":"HollowMod:NewLittleFool","floor":4},{"not_picked":["HollowMod:SoulSplash","HollowMod:HeavyBlow"],"picked":"HollowMod:VoidDash","floor":7},{"not_picked":["HollowMod:TaintedHusks","HollowMod:PureNailStrike"],"picked":"HollowMod:HerrahsAnger","floor":8},{"not_picked":["HollowMod:AbyssShriek","HollowMod:HowlingWraiths"],"picked":"HollowMod:BlackTendrils","floor":12},{"not_picked":["HollowMod:GoodIntentions","HollowMod:SoulSplash"],"picked":"HollowMod:DoubleDash","floor":14}],"player_experience":113082,"relics_obtained":[{"floor":8,"key":"Darkstone Periapt"},{"floor":9,"key":"Potion Belt"}],"event_choices":[],"is_beta":false,"boss_relics":[],"items_purged_floors":[],"is_endless":false,"potions_floor_spawned":[8,14],"killed_by":"Hallownest:BossFalseKnight","ascension_level":0}}