{"host":"pletss163z7s8pvv","time":1607744886,"event":{"mods":["AchievementEnabler","BaseMod","Colored Map","Colored Powertips","Minty Spire (QoL Compilation)"],"gold_per_floor":[144,189,189,214,214,304,349,394,444,444,534,559,559,604,604,904,904,949,46,46,71,116,116,161,251,276,276,276,321,21,66,66,66,66],"floor_reached":33,"playtime":1031,"items_purged":[],"score":350,"play_id":"b8de9de2-75bc-44e2-876e-880d35142a64","local_time":"20201211214806","daily_mods":["Chimera","ControlledChaos","Midas"],"is_ascension_mode":false,"campfire_choices":[{"floor":10,"key":"REST"},{"floor":13,"key":"REST"},{"floor":15,"key":"REST"},{"floor":23,"key":"REST"},{"floor":27,"key":"REST"},{"floor":32,"key":"REST"}],"circlet_count":0,"master_deck":["Bash","Survivor","Zap","Eruption","Strike_R+1","Strike_G+1","Strike_B+1","Defend_R+1","Defend_G+1","Defend_P+1","FlyingSleeves","TalkToTheHand","FlurryOfBlows","FearNoEvil","JustLucky","TalkToTheHand+1","CutThroughFate","MasterReality","Worship","FlyingSleeves","SpiritShield","CurseOfTheBell","SashWhip+1","Omniscience","SashWhip","ReachHeaven+1","Flash of Steel","EmptyMind","Halt","EmptyBody+1","SashWhip","ClearTheMind+1","LikeWater","FlurryOfBlows+1","Prostrate+1","BattleHymn+1"],"relics":["PureWater","Frozen Eye","Tiny Chest","Dream Catcher","Strawberry","Oddly Smooth Stone","Bag of Preparation","Smiling Mask","Calling Bell","Bag of Marbles","Yang","Calipers","Blood Vial","MealTicket","Strange Spoon","Whetstone","Regal Pillow","Orichalcum","Vajra","Sling"],"acts_visited":["Exordium","TheCity"],"potions_floor_usage":[6,16,18,19,33,33,33],"damage_taken":[{"damage":0,"enemies":"Jaw Worm","floor":1,"turns":3},{"damage":0,"enemies":"Small Slimes","floor":2,"turns":2},{"damage":27,"enemies":"3 Sentries","floor":6,"turns":7},{"damage":0,"enemies":"Cultist","floor":7,"turns":2},{"damage":0,"enemies":"Large Slime","floor":8,"turns":3},{"damage":13,"enemies":"Gremlin Nob","floor":11,"turns":4},{"damage":7,"enemies":"Red Slaver","floor":14,"turns":3},{"damage":21,"enemies":"The Guardian","floor":16,"turns":9},{"damage":16,"enemies":"Spheric Guardian","floor":18,"turns":4},{"damage":18,"enemies":"2 Thieves","floor":22,"turns":3},{"damage":16,"enemies":"Snake Plant","floor":24,"turns":6},{"damage":4,"enemies":"Book of Stabbing","floor":25,"turns":7},{"damage":6,"enemies":"Snecko","floor":29,"turns":4},{"damage":19,"enemies":"Centurion and Healer","floor":31,"turns":5},{"damage":90,"enemies":"Collector","floor":33,"turns":10}],"seed_played":"-2740983366772686195","potions_obtained":[{"floor":1,"key":"SteroidPotion"},{"floor":2,"key":"Strength Potion"},{"floor":5,"key":"DuplicationPotion"},{"floor":5,"key":"StancePotion"},{"floor":8,"key":"Weak Potion"},{"floor":14,"key":"DistilledChaos"},{"floor":18,"key":"Fruit Juice"},{"floor":24,"key":"Fire Potion"},{"floor":25,"key":"DuplicationPotion"},{"floor":29,"key":"Ancient Potion"}],"is_trial":false,"path_per_floor":["M","M","?","T","?","E","M","M","T","R","E","T","R","M","R","B",null,"M","$","?","T","M","R","M","E","T","R","?","M","$","M","R","B"],"character_chosen":"WATCHER","items_purchased":["Fruit Juice","Blood Vial","MealTicket","Strange Spoon","Omniscience","SashWhip","ReachHeaven","Flash of Steel","EmptyMind","Vajra","Sling"],"campfire_rested":6,"item_purchase_floors":[19,19,19,19,19,19,19,19,19,30,30],"current_hp_per_floor":[72,72,69,69,69,49,49,49,49,72,59,59,79,72,79,58,79,68,73,73,73,57,83,69,67,67,89,81,77,89,70,89,0,0],"gold":66,"neow_bonus":"","is_daily":true,"chose_seed":false,"campfire_upgraded":0,"win_rate":0.0,"timestamp":1607744886,"path_taken":["M","M","?","?","?","E","M","?","T","R","E","?","R","M","R","BOSS","M","$","?","?","M","R","M","E","T","R","?","M","$","M","R","BOSS"],"items_purchased_type":["Potion","Relic","Relic","Relic","Card","Card","Card","Card","Card","Relic","Relic"],"build_version":"2020-11-30","purchased_purges":0,"victory":false,"max_hp_per_floor":[72,72,72,72,72,79,79,79,79,79,79,79,79,79,79,79,79,84,89,89,89,89,89,89,89,89,89,89,89,89,89,89,89,89],"card_choices":[{"not_picked":["InnerPeace","Perseverance"],"picked":"FlyingSleeves","floor":1},{"not_picked":["WheelKick","Crescendo"],"picked":"TalkToTheHand","floor":2},{"not_picked":["EmptyFist","BowlingBash"],"picked":"FlurryOfBlows","floor":6},{"not_picked":["Pray","EmptyFist"],"picked":"FearNoEvil","floor":7},{"not_picked":["ThirdEye","WindmillStrike"],"picked":"JustLucky","floor":8},{"not_picked":["WindmillStrike","ThirdEye"],"picked":"TalkToTheHand","floor":10},{"not_picked":["Pray","SignatureMove"],"picked":"CutThroughFate","floor":11},{"not_picked":["InnerPeace","Indignation"],"picked":"MasterReality","floor":13},{"not_picked":["EmptyFist","CutThroughFate"],"picked":"Worship","floor":14},{"not_picked":["BowlingBash","WindmillStrike"],"picked":"FlyingSleeves","floor":15},{"not_picked":["ConjureBlade","Scrawl"],"picked":"SpiritShield","floor":16},{"not_picked":["Weave","PathToVictory+1"],"picked":"SashWhip+1","floor":18},{"not_picked":["Blasphemy","Evaluate"],"picked":"Halt","floor":22},{"not_picked":["BowlingBash","Sanctity"],"picked":"EmptyBody+1","floor":23},{"not_picked":["FearNoEvil","EmptyMind"],"picked":"SashWhip","floor":24},{"not_picked":["FearNoEvil+1","Adaptation"],"picked":"ClearTheMind+1","floor":25},{"not_picked":["ClearTheMind","EmptyFist"],"picked":"LikeWater","floor":27},{"not_picked":["Blasphemy","Evaluate+1"],"picked":"FlurryOfBlows+1","floor":29},{"not_picked":["CarveReality+1","FollowUp"],"picked":"Prostrate+1","floor":31},{"not_picked":["Protect","Crescendo"],"picked":"BattleHymn+1","floor":32}],"player_experience":377405,"relics_obtained":[{"floor":4,"key":"Dream Catcher"},{"floor":6,"key":"Strawberry"},{"floor":9,"key":"Oddly Smooth Stone"},{"floor":11,"key":"Bag of Preparation"},{"floor":12,"key":"Smiling Mask"},{"floor":17,"key":"Bag of Marbles"},{"floor":17,"key":"Yang"},{"floor":17,"key":"Calipers"},{"floor":21,"key":"Whetstone"},{"floor":25,"key":"Regal Pillow"},{"floor":26,"key":"Orichalcum"}],"event_choices":[{"damage_healed":0,"gold_gain":0,"player_choice":"Success","damage_taken":3,"relics_obtained":["Tiny Chest"],"max_hp_gain":0,"max_hp_loss":0,"event_name":"Scrap Ooze","floor":3,"gold_loss":0},{"damage_healed":0,"gold_gain":0,"player_choice":"Got Potions","damage_taken":0,"max_hp_gain":0,"max_hp_loss":0,"event_name":"Lab","floor":5,"gold_loss":0},{"damage_healed":0,"gold_gain":0,"player_choice":"Simplicity","damage_taken":0,"max_hp_gain":0,"max_hp_loss":0,"event_name":"Back to Basics","floor":20,"gold_loss":0,"cards_upgraded":["Strike_R","Strike_G","Strike_B","Defend_R","Defend_G","Defend_P"]},{"damage_healed":0,"gold_gain":0,"player_choice":"Damaged","damage_taken":8,"max_hp_gain":0,"max_hp_loss":0,"event_name":"Wheel of Change","floor":28,"gold_loss":0}],"is_beta":false,"boss_relics":[{"not_picked":["HolyWater","Snecko Eye"],"picked":"Calling Bell"}],"items_purged_floors":[],"is_endless":false,"potions_floor_spawned":[1,2,8,14,18,24,25,29],"killed_by":"Collector","ascension_level":0}}