{"host":"diimjn7l8zzl9nqr","time":1607737570,"event":{"mods":["BaseMod","DeckTracker","Keyboard Shortcuts","Minty Spire (QoL Compilation)","Permanent Neow","Quick Restart","StSLib","SuperFastMode"],"gold_per_floor":[114,133,151,226,226,4,4,19,19,19,52,14,30,69,69,189,189,208,123,143,143,158,202,28,28,28,28,28,28],"floor_reached":28,"playtime":1211,"items_purged":["Strike_R","Defend_R"],"score":285,"play_id":"dcdc4bbc-ed40-4026-9a13-07996cb9fbfa","local_time":"20201212104610","is_ascension_mode":true,"campfire_choices":[{"data":"True Grit","floor":7,"key":"SMITH"},{"data":"Body Slam","floor":10,"key":"SMITH"},{"floor":15,"key":"REST"},{"data":"True Grit","floor":25,"key":"SMITH"},{"data":"Body Slam","floor":27,"key":"SMITH"}],"circlet_count":0,"master_deck":["Strike_R","Strike_R","Strike_R","Defend_R","Defend_R","Bash","Sword Boomerang","Power Through","True Grit+1","Second Wind","Body Slam+1","Battle Trance","Body Slam+1","Ghostly Armor+1","Dark Embrace","True Grit+1","Shrug It Off","Writhe"],"relics":["Burning Blood","Golden Idol","Membership Card","Thread and Needle","WingedGreaves","Art of War","Cursed Key","The Courier","Toxic Egg 2","Vajra","Blood Vial"],"acts_visited":["Exordium","TheCity"],"potions_floor_usage":[16,16,23],"damage_taken":[{"damage":6,"enemies":"Cultist","floor":1,"turns":3},{"damage":8,"enemies":"Jaw Worm","floor":2,"turns":4},{"damage":0,"enemies":"2 Louse","floor":3,"turns":2},{"damage":2,"enemies":"Large Slime","floor":8,"turns":10},{"damage":15,"enemies":"Gremlin Nob","floor":11,"turns":5},{"damage":0,"enemies":"Lots of Slimes","floor":13,"turns":7},{"damage":0,"enemies":"Lagavulin","floor":14,"turns":9},{"damage":36,"enemies":"Slime Boss","floor":16,"turns":10},{"damage":0,"enemies":"Chosen","floor":18,"turns":6},{"damage":10,"enemies":"Spheric Guardian","floor":20,"turns":5},{"damage":0,"enemies":"3 Cultists","floor":22,"turns":6},{"damage":32,"enemies":"Slavers","floor":23,"turns":9},{"damage":36,"enemies":"Gremlin Leader","floor":28,"turns":8}],"seed_played":"-160920775242577256","potions_obtained":[{"floor":1,"key":"SkillPotion"},{"floor":8,"key":"SpeedPotion"},{"floor":13,"key":"SkillPotion"},{"floor":16,"key":"PowerPotion"},{"floor":20,"key":"LiquidMemories"}],"is_trial":false,"path_per_floor":["M","M","M","?","?","$","R","M","T","R","E","$","M","E","R","B",null,"M","$","M","?","M","E","$","R","T","R","E"],"character_chosen":"IRONCLAD","items_purchased":["Second Wind","Membership Card","Dark Embrace","Shrug It Off","Toxic Egg 2","Vajra"],"campfire_rested":1,"item_purchase_floors":[6,6,19,24,24,24],"current_hp_per_floor":[72,70,72,61,43,43,43,47,47,47,38,38,44,50,71,41,72,72,72,68,68,72,46,46,46,46,46,12,12],"gold":28,"neow_bonus":"REMOVE_TWO","is_daily":false,"chose_seed":false,"campfire_upgraded":4,"win_rate":0.0,"timestamp":1607737570,"path_taken":["M","?","M","?","?","$","R","M","T","R","E","$","M","E","R","BOSS","M","$","M","?","M","E","$","R","T","R","E"],"items_purchased_type":["Card","Relic","Card","Card","Relic","Relic"],"build_version":"2020-11-30","purchased_purges":2,"victory":false,"max_hp_per_floor":[72,72,72,72,72,72,72,72,72,72,72,72,72,72,72,72,72,72,72,72,72,72,72,72,72,72,72,72,72],"card_choices":[{"not_picked":["Anger","Thunderclap"],"picked":"Sword Boomerang","floor":1},{"not_picked":["Sentinel","Perfected Strike"],"picked":"Power Through","floor":2},{"not_picked":["Clash","Iron Wave"],"picked":"True Grit","floor":3},{"not_picked":["Clothesline","Limit Break"],"picked":"Body Slam","floor":8},{"not_picked":["Anger","Warcry","Clash"],"picked":"SKIP","floor":11},{"not_picked":["Anger","Combust"],"picked":"Battle Trance","floor":13},{"not_picked":["Headbutt","Sword Boomerang"],"picked":"Body Slam","floor":14},{"not_picked":["Clash","Spot Weakness+1"],"picked":"Ghostly Armor+1","floor":18},{"not_picked":["Blood for Blood","Headbutt","Wild Strike"],"picked":"SKIP","floor":20},{"not_picked":["Cleave+1","Infernal Blade","Iron Wave"],"picked":"SKIP","floor":22},{"not_picked":["Clothesline","Hemokinesis"],"picked":"True Grit","floor":23}],"player_experience":80563,"relics_obtained":[{"floor":9,"key":"Thread and Needle"},{"floor":11,"key":"WingedGreaves"},{"floor":14,"key":"Art of War"},{"floor":23,"key":"The Courier"},{"floor":26,"key":"Blood Vial"}],"event_choices":[{"damage_healed":0,"gold_gain":75,"player_choice":"Gather Gold","damage_taken":11,"max_hp_gain":0,"max_hp_loss":0,"event_name":"World of Goop","floor":4,"gold_loss":0},{"damage_healed":0,"gold_gain":0,"player_choice":"Take Damage","damage_taken":18,"relics_obtained":["Golden Idol"],"max_hp_gain":0,"max_hp_loss":0,"event_name":"Golden Idol","floor":5,"gold_loss":0},{"damage_healed":0,"gold_gain":0,"player_choice":"Ignored","damage_taken":0,"max_hp_gain":0,"max_hp_loss":0,"event_name":"Vampires","floor":21,"gold_loss":0}],"is_beta":false,"boss_relics":[{"not_picked":["Tiny House","Velvet Choker"],"picked":"Cursed Key"}],"items_purged_floors":[12,19],"is_endless":false,"potions_floor_spawned":[1,8,13,16,20],"killed_by":"Gremlin Leader","ascension_level":1}}