{"host":"0cnf9zf1gia27zti","time":1607792890,"event":{"mods":["BaseMod","BetterRewards","Card Forge","Colored Map","Colored Powertips","Conspire","Downfall","Minty Spire (QoL Compilation)","Quick Restart","Replay The Spire","Shade Mod","Spicy Shops","StSLib"],"gold_per_floor":[114,124,144,156,62,62,94,139,139,19,19,19,19,44,44,149,149,161,192,192,43,30,65,65,100,100,100,114,40,75,92,92,187,187,197,197,197,207,217,232,259,259,259,15,50,77,92,106,106,106],"floor_reached":51,"playtime":5047,"items_purged":["Strike_B"],"score":1306,"play_id":"3097fe8c-578d-464d-97b7-4dab0617378b","local_time":"20201212170810","is_ascension_mode":true,"campfire_choices":[{"data":"Zap","floor":6,"key":"SMITH"},{"floor":11,"key":"REST"},{"data":"Dualcast","floor":15,"key":"SMITH"},{"floor":24,"key":"REST"},{"floor":32,"key":"REST"},{"floor":42,"key":"REST"}],"circlet_count":0,"master_deck":["AscendersBane","Strike_B+1","Strike_B+1","Defend_B+1","Defend_B+1","Defend_B+1","Defend_B+1","Zap+1","Dualcast+1","Self Repair+1","Cold Snap","Conserve Battery","Sweeping Beam","Seek","ReplaySort","Ball Lightning","FIFO Queue","Cold Snap","BasicCrystalCard+1","All For One+1","Mirror Shield+1","ReplayRNGCard+1","BasicCrystalCard+1","Fusion","White Noise","Barrage","Lockon","Chill","Defragment","Blizzard+1","Reboot+1","Reinforced Body","Self Repair+1","Echo Form+1","Tempest","Crystallizer","Consume","Conserve Battery","Reinforced Body","conspire:SharedLibrary","Barrage","Auto Shields+1","Reboot+1","BootSequence","Creative AI+1","Lockon+1","Chill+1","Skim+1","Rainbow+1","Chill+1"],"relics":["Cracked Core","Hammer of Thor","Seething Fire","Anvil of the Gods","Chemical X","Potion Belt","Tiny Chest","Replay:Bottled Eggs","Golden Egg","Strawberry","conspire:BottledYoYo","Akabeko","Prayer Wheel","Red Mask","Omamori","Juzu Bracelet","Pantograph","Letter Opener","Chameleon Ring","SlaversCollar","Prayer Wheel","Pear","Bag of Preparation","Toxic Egg 2","Mummified Hand","ReplayTheSpireMod:TigerMarble","Quantum Egg"],"acts_visited":["Exordium","TheCity","TheBeyond"],"potions_floor_usage":[4,4,16,18,19,23,30,30,38,39,39,40,41,45,46,50,50,50],"damage_taken":[{"damage":0,"enemies":"Cultist","floor":1,"turns":4},{"damage":7,"enemies":"2 Louse","floor":2,"turns":3},{"damage":5,"enemies":"Jaw Worm","floor":3,"turns":3},{"damage":1,"enemies":"Looter","floor":4,"turns":3},{"damage":30,"enemies":"Lagavulin","floor":7,"turns":9},{"damage":52,"enemies":"Hexaghost","floor":16,"turns":10},{"damage":32,"enemies":"Chosen","floor":18,"turns":7},{"damage":30,"enemies":"Masked Bandits","floor":19,"turns":4},{"damage":6,"enemies":"2 Thieves","floor":22,"turns":4},{"damage":15,"enemies":"Gremlin Leader","floor":23,"turns":9},{"damage":16,"enemies":"Book of Stabbing","floor":25,"turns":7},{"damage":23,"enemies":"Snecko","floor":28,"turns":5},{"damage":0,"enemies":"Slavers","floor":30,"turns":3},{"damage":14,"enemies":"Cultist and Chosen","floor":31,"turns":5},{"damage":63,"enemies":"Champ","floor":33,"turns":13},{"damage":48,"enemies":"3 Darklings","floor":35,"turns":6},{"damage":7,"enemies":"3 Shapes","floor":38,"turns":5},{"damage":2,"enemies":"Transient","floor":39,"turns":5},{"damage":17,"enemies":"Writhing Mass","floor":40,"turns":5},{"damage":65,"enemies":"Reptomancer","floor":41,"turns":6},{"damage":42,"enemies":"conspire:MimicChest","floor":45,"turns":11},{"damage":4,"enemies":"R_Hoarder","floor":46,"turns":9},{"damage":0,"enemies":"Jaw Worm Horde","floor":47,"turns":4},{"damage":4,"enemies":"Maw","floor":48,"turns":6},{"damage":0,"enemies":"Replay:Hell Engine","floor":50,"turns":11}],"seed_played":"-3457521544676830786","potions_obtained":[{"floor":1,"key":"SpeedPotion"},{"floor":3,"key":"Languid Potion"},{"floor":7,"key":"Weak Potion"},{"floor":16,"key":"Fire Potion"},{"floor":18,"key":"Energy Potion"},{"floor":22,"key":"PowerPotion"},{"floor":25,"key":"Fire Potion"},{"floor":28,"key":"FearPotion"},{"floor":36,"key":"Guardian:BlockOnCardUsePotion"},{"floor":36,"key":"Slimebound:ThreeZeroPotion"},{"floor":36,"key":"Regen Potion"},{"floor":39,"key":"EssenceOfDarkness"},{"floor":40,"key":"FearPotion"},{"floor":41,"key":"AttackPotion"},{"floor":45,"key":"Milkshake"},{"floor":46,"key":"GamblersBrew"},{"floor":48,"key":"Dexterity Potion"},{"floor":49,"key":"Slimebound:ThreeZeroPotion"},{"floor":49,"key":"DistilledChaos"}],"is_trial":false,"path_per_floor":["M","M","M","M","$","R","E","T","T","$","R","?","$","T","R","B",null,"M","?","?","$","M","E","R","E","T","$","M","$","E","M","R","B",null,"M","?","T","M","M","M","E","R","T","$","?","E","M","M","R_BF","B",null],"character_chosen":"DEFECT","items_purchased":["Self Repair","Chemical X","Potion Belt","Tiny Chest","Cold Snap","Replay:Bottled Eggs","Ball Lightning","FIFO Queue","BasicCrystalCard","Omamori","Blizzard","Mummified Hand"],"campfire_rested":4,"item_purchase_floors":[0,0,0,0,0,0,5,5,10,21,29,44],"current_hp_per_floor":[44,47,52,61,61,61,41,48,48,48,72,72,72,72,72,30,69,47,27,27,27,31,26,50,34,34,34,21,21,31,27,51,33,70,32,32,42,67,75,88,43,70,70,70,48,64,92,88,88,92],"gold":106,"neow_bonus":"","is_daily":false,"chose_seed":false,"campfire_upgraded":2,"win_rate":0.0,"timestamp":1607792890,"path_taken":["M","M","M","?","$","R","E","?","T","$","R","?","$","?","R","BOSS","M","?","?","$","M","E","R","E","T","$","M","$","E","M","R","BOSS","M","?","?","M","M","M","E","R","T","$","?","E","M","M","R_BF","BOSS"],"items_purchased_type":["Card","Relic","Relic","Relic","Card","Relic","Card","Card","Card","Relic","Card","Relic"],"build_version":"2020-11-30","purchased_purges":1,"victory":true,"max_hp_per_floor":[75,75,75,75,75,75,75,82,82,82,82,82,82,82,82,82,82,82,82,82,82,82,82,82,82,82,82,82,82,82,82,82,82,82,82,82,92,92,92,92,92,92,92,92,92,92,92,92,92,92],"card_choices":[{"not_picked":["Gash","Beam Cell"],"picked":"Conserve Battery","floor":1},{"not_picked":["Redo","Leap"],"picked":"Sweeping Beam","floor":2},{"not_picked":["Ball Lightning","Redo"],"picked":"Seek","floor":3},{"not_picked":["Panic Button","Static Discharge"],"picked":"ReplaySort","floor":4},{"not_picked":["Barrage","ReplaySolidLightProjector"],"picked":"Cold Snap","floor":7},{"not_picked":["Reboot","Fission"],"picked":"ReplayTheSpireMod:Fabricate Wheel","floor":16},{"not_picked":["Hello World","Compile Driver"],"picked":"ReplayRNGCard","floor":18},{"not_picked":["Steam","Stack","Panic Button"],"picked":"SKIP","floor":18},{"not_picked":["Beam Cell","ReplayTheSpireMod:Reroute Power"],"picked":"BasicCrystalCard+1","floor":19},{"not_picked":["conspire:Rain","Hello World"],"picked":"Fusion","floor":22},{"not_picked":["Steam+1","Beam Cell"],"picked":"White Noise","floor":22},{"not_picked":["Turbo","Compile Driver"],"picked":"Barrage","floor":23},{"not_picked":["Hyperbeam","Conserve Battery"],"picked":"Lockon","floor":25},{"not_picked":["BasicCrystalCard","Ball Lightning"],"picked":"Chill","floor":28},{"not_picked":["Crystallizer","BasicCrystalCard"],"picked":"Defragment","floor":28},{"not_picked":["Cold Snap","Rebound"],"picked":"Reboot","floor":30},{"not_picked":["Turbo","BasicCrystalCard"],"picked":"Reinforced Body","floor":31},{"not_picked":["ReplayTheSpireMod:Calculation Training","Redo+1"],"picked":"Self Repair","floor":31},{"not_picked":["ReplayTheSpireMod:Omega Cannon","Fission"],"picked":"ReplayTheSpireMod:Fabricate Wheel","floor":33},{"not_picked":["Compile Driver","Glacier+1"],"picked":"Tempest","floor":35},{"not_picked":["Streamline","Coolheaded"],"picked":"Crystallizer","floor":35},{"not_picked":["Hologram","Fusion","Ball Lightning"],"picked":"SKIP","floor":35},{"not_picked":["Storm","Hologram"],"picked":"Consume","floor":38},{"not_picked":["Doom and Gloom","Steam"],"picked":"Conserve Battery","floor":38},{"not_picked":["Compile Driver+1","Sweeping Beam+1"],"picked":"Reinforced Body","floor":38},{"not_picked":["Streamline+1","Compile Driver"],"picked":"conspire:SharedLibrary","floor":39},{"not_picked":["Go for the Eyes","Panic Button"],"picked":"Barrage","floor":39},{"not_picked":["Leap","Panic Button"],"picked":"Auto Shields+1","floor":39},{"not_picked":["Barrage","Coolheaded"],"picked":"Reboot","floor":40},{"not_picked":["Ball Lightning","BasicCrystalCard","Rebound"],"picked":"SKIP","floor":40},{"not_picked":["Sunder","conspire:SharedLibrary+1","Rebound"],"picked":"SKIP","floor":40},{"not_picked":["Reprogram+1","Barrage"],"picked":"BootSequence","floor":41},{"not_picked":["Redo+1","Streamline+1"],"picked":"Creative AI","floor":45},{"not_picked":["Stack+1","Hologram+1"],"picked":"Lockon+1","floor":46},{"not_picked":["ReplaySort+1","Gash"],"picked":"Chill+1","floor":47},{"not_picked":["Gash","Chaos+1"],"picked":"Skim+1","floor":47},{"not_picked":["Panic Button+1","Stack+1","Ball Lightning"],"picked":"SKIP","floor":47},{"not_picked":["Redo+1","BasicCrystalCard+1"],"picked":"Rainbow+1","floor":48},{"not_picked":["Leap+1","Sweeping Beam"],"picked":"Chill+1","floor":48},{"not_picked":["Cold Snap","Darkness+1","Blizzard"],"picked":"SKIP","floor":48}],"player_experience":1971656,"relics_obtained":[{"floor":7,"key":"Golden Egg"},{"floor":8,"key":"Strawberry"},{"floor":9,"key":"conspire:BottledYoYo"},{"floor":14,"key":"Akabeko"},{"floor":19,"key":"Red Mask"},{"floor":23,"key":"Juzu Bracelet"},{"floor":25,"key":"Pantograph"},{"floor":26,"key":"Letter Opener"},{"floor":30,"key":"Chameleon Ring"},{"floor":37,"key":"Pear"},{"floor":41,"key":"Bag of Preparation"},{"floor":43,"key":"Toxic Egg 2"},{"floor":45,"key":"ReplayTheSpireMod:TigerMarble"},{"floor":46,"key":"Quantum Egg"}],"event_choices":[{"damage_healed":0,"gold_gain":0,"player_choice":"Fought Bandits","damage_taken":0,"max_hp_gain":0,"max_hp_loss":0,"event_name":"Masked Bandits","floor":19,"gold_loss":0},{"damage_healed":0,"gold_gain":0,"player_choice":"Simplicity","damage_taken":0,"max_hp_gain":0,"max_hp_loss":0,"event_name":"Back to Basics","floor":20,"gold_loss":0,"cards_upgraded":["Strike_B","Strike_B","Defend_B","Defend_B","Defend_B","Defend_B"]},{"damage_healed":0,"gold_gain":0,"player_choice":"Got Potions","damage_taken":0,"max_hp_gain":0,"max_hp_loss":0,"event_name":"Lab","floor":36,"gold_loss":0}],"is_beta":false,"boss_relics":[{"not_picked":["Velvet Choker","Replay:Wanted Poster","Snecko Heart"]},{"not_picked":["Runic Dome","Replay:Drink Me"],"picked":"SlaversCollar"}],"items_purged_floors":[10],"is_endless":false,"potions_floor_spawned":[1,3,7,16,18,22,25,28,39,40,41,45,46,48],"ascension_level":12}}