{"host":"x4i48uok34n1rpsm","time":1607803427,"event":{"mods":["Aspiration","Astrologer","BaseMod","Better Third Choice","Colored Map","Highlight Path","Minty Spire (QoL Compilation)","Permanent Neow","Replay The Spire","StSLib"],"gold_per_floor":[114,127,146,53,73,99,99,124,148,148,164,190,267,289,301,414,426,450,480,492,522,544,556,598,610,622,662,674,686,714,740,752,861,873,898,1210,1241,1253,1283,1295,1334,1346,1358,1370,1417,1440,1452,1477,1489,1501,1513,1525,913,940,940],"floor_reached":56,"playtime":7801,"items_purged":["astrologer:Strike"],"score":1298,"play_id":"8c2ffbf7-f596-4df6-aa5a-76c2b924caad","local_time":"20201212220347","is_ascension_mode":true,"campfire_choices":[{"data":"astrologer:CometStrike","floor":7.0,"key":"SMITH"},{"data":"astrologer:Glimpse","floor":10.0,"key":"SMITH"},{"data":"astrologer:Prismatic","floor":15.0,"key":"SMITH"},{"data":"astrologer:ShootingStar","floor":23.0,"key":"SMITH"},{"data":"astrologer:Prestidigitation","floor":25.0,"key":"SMITH"},{"floor":32.0,"key":"REST"},{"data":"astrologer:Moonlight","floor":40.0,"key":"SMITH"},{"floor":42.0,"key":"RECALL"},{"data":"astrologer:Stardust","floor":44.0,"key":"SMITH"},{"floor":49,"key":"DIG"},{"data":"astrologer:Starfield","floor":52,"key":"SMITH"}],"circlet_count":0,"master_deck":["astrologer:Strike","astrologer:Defend","astrologer:Defend","astrologer:Defend","astrologer:NorthStar","astrologer:TheFool","astrologer:Stardust+1","astrologer:TheLovers","astrologer:SpaceDust","astrologer:CometStrike+1","astrologer:Glimpse+1","astrologer:FadingStar","astrologer:Moonlight+1","astrologer:Prismatic+1","astrologer:Eclipse","astrologer:Opposition","astrologer:FrozenStar","astrologer:Radiance","astrologer:Fate","astrologer:ShootingStar+1","astrologer:Prestidigitation+1","astrologer:TheStar","astrologer:Stardust+1","astrologer:StarOfMisfortune+1","astrologer:Starfield+1","astrologer:Strength+1","astrologer:ReadTheStars+1","astrologer:TheWorld","astrologer:Moonlight+1"],"relics":["astrologer:SkyMirror","aspiration:Nostalgia","Burning Blood","Lantern","ReplayFunnel","MawBank","Pen Nib","Empty Cage","Enchiridion","Replay:Wax Seal","aspiration:DSix","Red Mask","Sozu","Bronze Scales","astrologer:Telescope","Replay:Rubber Ducky","Counterbalance","Mummified Hand","Anchor","HandDrill","Replay:Bottled Flurry"],"acts_visited":["Exordium","TheCity","TheBeyond","TheEnding"],"potions_floor_usage":[],"damage_taken":[{"damage":0.0,"enemies":"2 Louse","floor":1.0,"turns":3.0},{"damage":1.0,"enemies":"Jaw Worm","floor":2.0,"turns":5.0},{"damage":5.0,"enemies":"Cultist","floor":3.0,"turns":4.0},{"damage":0.0,"enemies":"Looter","floor":5.0,"turns":3.0},{"damage":4.0,"enemies":"3 Sentries","floor":6.0,"turns":12.0},{"damage":21.0,"enemies":"Gremlin Nob","floor":8.0,"turns":5.0},{"damage":13.0,"enemies":"Lots of Slimes","floor":11.0,"turns":5.0},{"damage":9.0,"enemies":"Lagavulin","floor":12.0,"turns":7.0},{"damage":11.0,"enemies":"3 Sentries","floor":13.0,"turns":10.0},{"damage":0.0,"enemies":"3 Louse","floor":14.0,"turns":4.0},{"damage":28.0,"enemies":"Fading Forest","floor":16.0,"turns":11.0},{"damage":0.0,"enemies":"3 Byrds","floor":18.0,"turns":6.0},{"damage":9.0,"enemies":"Shell Parasite","floor":19.0,"turns":6.0},{"damage":12.0,"enemies":"Centurion and Healer","floor":21.0,"turns":9.0},{"damage":12.0,"enemies":"Cultist and Chosen","floor":22.0,"turns":8.0},{"damage":4.0,"enemies":"Replay:Snechameleon","floor":24.0,"turns":6.0},{"damage":41.0,"enemies":"Masked Bandits","floor":27.0,"turns":6.0},{"damage":0.0,"enemies":"Chosen and Byrds","floor":30.0,"turns":5.0},{"damage":18.0,"enemies":"3 Cultists","floor":31.0,"turns":5.0},{"damage":23.0,"enemies":"Pondfish","floor":33.0,"turns":6.0},{"damage":8.0,"enemies":"3 Darklings","floor":35.0,"turns":3.0},{"damage":0.0,"enemies":"Orb Walker","floor":37.0,"turns":3.0},{"damage":17.0,"enemies":"Jaw Worm Horde","floor":39.0,"turns":5.0},{"damage":0.0,"enemies":"Nemesis","floor":41.0,"turns":5.0},{"damage":40.0,"enemies":"Reptomancer","floor":45.0,"turns":6.0},{"damage":0.0,"enemies":"Transient","floor":46.0,"turns":5.0},{"damage":0,"enemies":"Sphere and 2 Shapes","floor":48,"turns":4},{"damage":3,"enemies":"Time Eater","floor":50,"turns":6},{"damage":7,"enemies":"Shield and Spear","floor":54,"turns":8},{"damage":58,"enemies":"The Heart","floor":55,"turns":10}],"seed_played":"-9178469817605499709","potions_obtained":[{"floor":1.0,"key":"FearPotion"},{"floor":3.0,"key":"Fire Potion"},{"floor":11.0,"key":"SkillPotion"},{"floor":14.0,"key":"GamblersBrew"},{"floor":16.0,"key":"Regen Potion"},{"floor":19.0,"key":"Venom Potion"},{"floor":24.0,"key":"DuplicationPotion"},{"floor":33.0,"key":"AttackPotion"}],"is_trial":false,"path_per_floor":["M","M","M","$","M","E","R","E","T","R","M","E","?","M","R","B",null,"M","M","?","M","M","R","E","R","T","?","$","?","M","M","R","B",null,"M","?","M","$","M","R","E","R","T","R","E","M","?","M","R_BF","B",null,"R","$","E","B",null],"character_chosen":"ASTROLOGER","items_purchased":["astrologer:CometStrike","astrologer:Glimpse","Mummified Hand","Anchor","HandDrill"],"campfire_rested":1,"item_purchase_floors":[4,4,53,53,53],"current_hp_per_floor":[70,70,70,70,70,70,70,55,55,55,48,45,40,46,46,34,70,70,67,51,45,53,53,55,55,55,20,20,20,26,14,35,18,70,68,68,70,70,59,59,65,65,65,65,31,37,44,50,50,53,70,70,70,69,17],"gold":940,"neow_bonus":"NOSTALGIA","is_daily":false,"chose_seed":false,"campfire_upgraded":8,"win_rate":0.0,"timestamp":1607803427,"path_taken":["M","M","M","$","M","E","R","E","T","R","M","E","?","M","R","BOSS","M","M","?","M","M","R","E","R","T","?","$","?","?","M","R","BOSS","M","?","M","$","?","R","E","R","T","R","E","M","?","M","R_BF","BOSS","R","$","E","BOSS"],"items_purchased_type":["Card","Card","Relic","Relic","Relic"],"build_version":"2020-11-30","purchased_purges":1,"victory":true,"max_hp_per_floor":[70,70,70,70,70,70,70,70,70,70,70,70,70,70,70,70,70,70,70,70,70,70,70,70,70,70,70,70,70,70,70,70,70,70,70,70,70,70,70,70,70,70,70,70,70,70,70,70,70,70,70,70,70,70,70],"card_choices":[{"not_picked":["astrologer:StarOfCourage","astrologer:SolarFlare"],"picked":"astrologer:Stardust","floor":1.0},{"not_picked":["astrologer:TheTower","astrologer:TheHangedMan"],"picked":"astrologer:TheLovers","floor":2.0},{"not_picked":["astrologer:FrozenStar","astrologer:Conjunction"],"picked":"astrologer:SpaceDust","floor":3.0},{"not_picked":["astrologer:Stardust","astrologer:CometStrike"],"picked":"astrologer:FadingStar","floor":5.0},{"not_picked":["astrologer:SolarFlare","astrologer:WheelofFortune"],"picked":"astrologer:Moonlight","floor":6.0},{"not_picked":["astrologer:Eclipse","astrologer:Novile"],"picked":"astrologer:Prismatic","floor":8.0},{"not_picked":["astrologer:Moonlight","astrologer:Opposition"],"picked":"astrologer:Eclipse","floor":11.0},{"not_picked":["astrologer:Premeditation","astrologer:CometStrike"],"picked":"astrologer:Opposition","floor":12.0},{"not_picked":["astrologer:Conjunction","astrologer:HeatDeath"],"picked":"astrologer:FrozenStar","floor":13.0},{"not_picked":["astrologer:StarOfCourage","astrologer:FrozenStar"],"picked":"astrologer:Radiance","floor":14.0},{"not_picked":["astrologer:Death","astrologer:HeatDeath"],"picked":"astrologer:Fate","floor":16.0},{"not_picked":["astrologer:Conjunction","astrologer:SpaceDust"],"picked":"astrologer:ShootingStar","floor":18.0},{"not_picked":["astrologer:MeteorShower","astrologer:CometStrike"],"picked":"astrologer:Prestidigitation","floor":19.0},{"not_picked":["astrologer:MeteorShower+1","astrologer:ReadTheStars"],"picked":"astrologer:TheStar","floor":21.0},{"not_picked":["astrologer:Eclipse","astrologer:Conjunction"],"picked":"astrologer:Stardust+1","floor":22.0},{"not_picked":["astrologer:Opposition+1","astrologer:SolarFlare+1"],"picked":"astrologer:StarOfMisfortune+1","floor":24.0},{"not_picked":["astrologer:ReadTheStars","astrologer:Moonlight"],"picked":"astrologer:Starfield","floor":27.0},{"not_picked":["astrologer:SpaceDust","astrologer:Moonlight"],"picked":"astrologer:Strength+1","floor":30.0},{"not_picked":["astrologer:Conjunction","astrologer:Stardust","astrologer:Moonlight"],"picked":"SKIP","floor":31.0},{"not_picked":["astrologer:Temperance+1","astrologer:Novile+1","astrologer:Strength+1"],"picked":"SKIP","floor":35.0},{"not_picked":["astrologer:Divination+1","astrologer:Stardust+1"],"picked":"astrologer:ReadTheStars+1","floor":37.0},{"not_picked":["astrologer:TheHangedMan+1","astrologer:Still+1","astrologer:TheHermit+1"],"picked":"SKIP","floor":39.0},{"not_picked":["astrologer:CosmicExpanse","astrologer:SolarFlare+1"],"picked":"astrologer:TheWorld","floor":41.0},{"not_picked":["astrologer:Divination","astrologer:TheHighPriestess","astrologer:TheEmperor+1"],"picked":"SKIP","floor":45.0},{"not_picked":["astrologer:CometStrike+1","astrologer:SolarFlare+1"],"picked":"astrologer:Moonlight+1","floor":46.0},{"not_picked":["astrologer:Conjunction","astrologer:TheHangedMan","astrologer:Prismatic"],"picked":"SKIP","floor":48},{"not_picked":["astrologer:CometStrike+1","astrologer:Starfield","astrologer:Still"],"picked":"SKIP","floor":54}],"player_experience":239646,"relics_obtained":[{"floor":6.0,"key":"Lantern"},{"floor":8.0,"key":"ReplayFunnel"},{"floor":12.0,"key":"MawBank"},{"floor":13.0,"key":"Pen Nib"},{"floor":20.0,"key":"Enchiridion"},{"floor":24.0,"key":"Replay:Wax Seal"},{"floor":26.0,"key":"aspiration:DSix"},{"floor":27.0,"key":"Red Mask"},{"floor":41.0,"key":"Bronze Scales"},{"floor":43.0,"key":"astrologer:Telescope"},{"floor":45.0,"key":"Replay:Rubber Ducky"},{"floor":49,"key":"Counterbalance"},{"floor":54,"key":"Replay:Bottled Flurry"}],"event_choices":[{"damage_healed":0.0,"max_hp_gain":0.0,"max_hp_loss":0.0,"gold_gain":0.0,"event_name":"Dead Adventurer","player_choice":"Searched \u00271\u0027 times","floor":13.0,"gold_loss":0.0,"damage_taken":0.0},{"damage_healed":0.0,"max_hp_gain":0.0,"max_hp_loss":0.0,"gold_gain":0.0,"event_name":"Cursed Tome","player_choice":"Obtained Book","floor":20.0,"gold_loss":0.0,"damage_taken":16.0},{"damage_healed":0.0,"max_hp_gain":0.0,"max_hp_loss":0.0,"gold_gain":0.0,"event_name":"Masked Bandits","player_choice":"Fought Bandits","floor":27.0,"gold_loss":0.0,"damage_taken":0.0},{"cards_removed":["astrologer:Strike"],"damage_healed":0.0,"max_hp_gain":0.0,"max_hp_loss":0.0,"gold_gain":0.0,"event_name":"Purifier","player_choice":"Purged","floor":29.0,"gold_loss":0.0,"damage_taken":0.0},{"damage_healed":0.0,"max_hp_gain":0.0,"max_hp_loss":0.0,"gold_gain":300.0,"event_name":"Wheel of Change","player_choice":"Gold","floor":36.0,"gold_loss":0.0,"damage_taken":0.0}],"is_beta":false,"boss_relics":[{"not_picked":["aspiration:RitualDagger","aspiration:DefectSkillbook"],"picked":"Empty Cage"},{"not_picked":["Replay:Bronze Core","Honey Jar"],"picked":"Sozu"}],"items_purged_floors":[53],"is_endless":false,"potions_floor_spawned":[1,3,11,14,16,19,24,33,37,46],"ascension_level":1}}