{"host":"woah5shdh5xsovm3","time":1607743336,"event":{"mods":["BaseMod","BetterRewards","Downfall","Hermit","Hubris","Infinite Spire","Koishi","Marisa????????","Minty Spire (QoL Compilation)","Remilia??????","Replay The Spire","Shop Mod","StSLib","SuperFastMode","The Animator","The Bug Knight","The Construct","The Cursed","The Disciple","The Hierophant","The Necromancer","The Poker Player","The Runesmith","The Servant 0.9.4"],"gold_per_floor":[118,135,154,228,228,228,248,248,317,329,342,368,368,379,379,480,480,494,504,530,530,530,530],"floor_reached":22,"playtime":590,"items_purged":[],"score":188,"play_id":"396a417b-26ab-4acf-b6bb-336d348c7f38","local_time":"20201211212216","is_ascension_mode":false,"campfire_choices":[{"data":"hermit:Snapshot","floor":6,"key":"SMITH"},{"data":"hermit:Strike_Hermit","floor":8,"key":"SMITH"},{"floor":13,"key":"REST"},{"floor":15,"key":"REST"}],"circlet_count":0,"master_deck":["hermit:Strike_Hermit","hermit:Strike_Hermit","hermit:Strike_Hermit","hermit:Strike_Hermit+1","hermit:Defend_Hermit","hermit:Defend_Hermit","hermit:Defend_Hermit","hermit:Defend_Hermit","hermit:Snapshot+1","hermit:Covet","hermit:HighCaliber+1","hermit:Brawl","hermit:HighNoon","hermit:HighCaliber","hermit:FullyLoaded"],"relics":["hermit:Momento","NeowsBlessing","Mummified Hand","Replay:WaspNest","hubris:CuriousFeather","Black Star","Red Mask"],"acts_visited":["Exordium","TheCity"],"potions_floor_usage":[12,16,20],"damage_taken":[{"damage":0,"enemies":"Cultist","floor":1,"turns":1},{"damage":0,"enemies":"Jaw Worm","floor":2,"turns":1},{"damage":0,"enemies":"2 Louse","floor":3,"turns":1},{"damage":7,"enemies":"Blue Slaver","floor":7,"turns":3},{"damage":11,"enemies":"Large Slime","floor":10,"turns":5},{"damage":18,"enemies":"Exordium Wildlife","floor":11,"turns":4},{"damage":29,"enemies":"Gremlin Nob","floor":12,"turns":4},{"damage":10,"enemies":"3 Louse","floor":14,"turns":3},{"damage":22,"enemies":"Hexaghost","floor":16,"turns":6},{"damage":10,"enemies":"Chosen","floor":18,"turns":4},{"damage":18,"enemies":"3 Byrds","floor":19,"turns":4},{"damage":33,"enemies":"Masked Bandits","floor":20,"turns":4},{"damage":16,"enemies":"Centurion and Healer","floor":22,"turns":3}],"seed_played":"7113460126123371471","potions_obtained":[{"floor":3,"key":"Guardian:BlockOnCardUsePotion"},{"floor":7,"key":"sneckomod:MuddlingPotion"},{"floor":11,"key":"Swift Potion"},{"floor":12,"key":"Energy Potion"},{"floor":19,"key":"LifebloodPotion"},{"floor":20,"key":"Doom Potion"}],"is_trial":false,"path_per_floor":["M","M","M","T","?","R","M","R","T","M","M","E","R","M","R","B",null,"M","M","?","?","M"],"character_chosen":"HERMIT","items_purchased":[],"campfire_rested":2,"item_purchase_floors":[],"current_hp_per_floor":[75,75,75,75,75,75,68,68,68,57,39,10,32,22,44,22,75,65,47,14,14,0,0],"gold":530,"neow_bonus":"THREE_ENEMY_KILL","is_daily":false,"chose_seed":false,"campfire_upgraded":2,"win_rate":0.0,"timestamp":1607743336,"path_taken":["M","?","M","?","?","R","M","R","T","M","?","E","R","M","R","BOSS","M","M","?","?","M"],"items_purchased_type":[],"build_version":"2020-11-30","purchased_purges":0,"victory":false,"max_hp_per_floor":[75,75,75,75,75,75,75,75,75,75,75,75,75,75,75,75,75,75,75,75,75,75,75],"card_choices":[{"not_picked":["hermit:ItchyTrigger","hermit:HoleUp"],"picked":"hermit:HighCaliber","floor":1},{"not_picked":["hermit:TakeCover","hermit:Desperado","hermit:WideOpen"],"picked":"SKIP","floor":2},{"not_picked":["hermit:Headshot","hermit:Roulette","hermit:Glare"],"picked":"SKIP","floor":3},{"not_picked":["hermit:Determination","hermit:Dive","hermit:Desperado"],"picked":"SKIP","floor":7},{"not_picked":["hermit:LowProfile","hermit:ShadowCloak"],"picked":"hermit:Brawl","floor":10},{"not_picked":["hermit:Headshot","hermit:HoleUp"],"picked":"hermit:HighNoon","floor":11},{"not_picked":["hermit:Ricochet","hermit:Glare"],"picked":"hermit:HighCaliber","floor":12},{"not_picked":["hermit:Desperado","hermit:Glare"],"picked":"hermit:FullyLoaded","floor":14},{"not_picked":["hermit:Roulette+1","hermit:Vantage","hermit:ShadowCloak"],"picked":"SKIP","floor":18},{"not_picked":["hermit:Quickdraw","hermit:Grudge","hermit:HoleUp"],"picked":"SKIP","floor":19},{"not_picked":["hermit:Quickdraw","hermit:Grudge","hermit:HoleUp"],"picked":"SKIP","floor":19}],"player_experience":390186,"relics_obtained":[{"floor":4,"key":"Mummified Hand"},{"floor":9,"key":"Replay:WaspNest"},{"floor":12,"key":"hubris:CuriousFeather"},{"floor":20,"key":"Red Mask"}],"event_choices":[{"damage_healed":0,"gold_gain":0,"player_choice":"Forge","damage_taken":0,"max_hp_gain":0,"max_hp_loss":0,"event_name":"Accursed Blacksmith","floor":5,"gold_loss":0,"cards_upgraded":["hermit:HighCaliber"]},{"damage_healed":0,"gold_gain":0,"player_choice":"Fought Bandits","damage_taken":0,"max_hp_gain":0,"max_hp_loss":0,"event_name":"Masked Bandits","floor":20,"gold_loss":0}],"is_beta":false,"boss_relics":[{"not_picked":["hubris:GrandSneckoEye","Philosopher\u0027s Stone"],"picked":"Black Star"}],"items_purged_floors":[],"is_endless":false,"potions_floor_spawned":[3,7,11,12,19,20],"killed_by":"Centurion and Healer","ascension_level":0}}