{"host":"se2kry7a7ac49ar7","time":1607763725,"event":{"mods":["BaseMod","Bestiary","Minty Spire (QoL Compilation)","StSLib"],"gold_per_floor":[114,124,139,152,164,164,181,181,181,181,256,256,85,85,85,85,85],"floor_reached":16,"playtime":737,"items_purged":[],"score":184,"play_id":"ad4717c6-651d-4940-9c11-00bcad4654d9","local_time":"20201212010205","is_ascension_mode":true,"campfire_choices":[{"floor":6,"key":"REST"},{"floor":8,"key":"REST"},{"data":"Feel No Pain","floor":10,"key":"SMITH"},{"floor":15,"key":"REST"}],"circlet_count":0,"master_deck":["AscendersBane","Strike_R","Strike_R","Strike_R","Strike_R","Strike_R","Defend_R","Defend_R","Defend_R","Defend_R","Bash","Headbutt","Feel No Pain+1","Dark Embrace","Ghostly Armor","Disarm","Spot Weakness"],"relics":["Philosopher\u0027s Stone","White Beast Statue","Ancient Tea Set"],"acts_visited":["Exordium"],"potions_floor_usage":[5,5,14,14],"damage_taken":[{"damage":0,"enemies":"Cultist","floor":1,"turns":3},{"damage":8,"enemies":"Small Slimes","floor":2,"turns":3},{"damage":13,"enemies":"Jaw Worm","floor":3,"turns":2},{"damage":32,"enemies":"Large Slime","floor":4,"turns":7},{"damage":1,"enemies":"Lots of Slimes","floor":5,"turns":5},{"damage":17,"enemies":"Looter","floor":7,"turns":3},{"damage":24,"enemies":"Lagavulin","floor":14,"turns":7},{"damage":34,"enemies":"The Guardian","floor":16,"turns":8}],"seed_played":"7904936732092097833","potions_obtained":[{"floor":3,"key":"SkillPotion"},{"floor":4,"key":"Fire Potion"},{"floor":5,"key":"SmokeBomb"},{"floor":7,"key":"Weak Potion"}],"is_trial":false,"path_per_floor":["M","M","M","M","M","R","M","R","T","R","?","?","$","E","R","B"],"character_chosen":"IRONCLAD","items_purchased":["Ancient Tea Set"],"campfire_rested":3,"item_purchase_floors":[13],"current_hp_per_floor":[68,60,47,15,14,36,19,41,41,41,30,30,30,6,28,0,0],"gold":85,"neow_bonus":"BOSS_RELIC","is_daily":false,"chose_seed":false,"campfire_upgraded":1,"win_rate":0.0,"timestamp":1607763725,"path_taken":["M","M","M","M","M","R","M","R","T","R","?","?","?","E","R","BOSS"],"items_purchased_type":["Relic"],"build_version":"2020-11-30","purchased_purges":0,"victory":false,"max_hp_per_floor":[75,75,75,75,75,75,75,75,75,75,75,75,75,75,75,75,75],"card_choices":[{"not_picked":["Cleave","Reckless Charge"],"picked":"Headbutt","floor":1},{"not_picked":["Warcry","Twin Strike"],"picked":"Feel No Pain","floor":2},{"not_picked":["Cleave","Hemokinesis"],"picked":"Dark Embrace","floor":3},{"not_picked":["Second Wind","Spot Weakness"],"picked":"Ghostly Armor","floor":4},{"not_picked":["Thunderclap","Flex"],"picked":"Disarm","floor":5},{"not_picked":["Evolve","Wild Strike"],"picked":"Spot Weakness","floor":7}],"player_experience":629734,"relics_obtained":[{"floor":9,"key":"White Beast Statue"}],"event_choices":[{"damage_healed":0,"gold_gain":75,"player_choice":"Gather Gold","damage_taken":11,"max_hp_gain":0,"max_hp_loss":0,"event_name":"World of Goop","floor":11,"gold_loss":0},{"damage_healed":0,"gold_gain":0,"player_choice":"Leave","damage_taken":0,"max_hp_gain":0,"max_hp_loss":0,"event_name":"The Cleric","floor":12,"gold_loss":0}],"is_beta":false,"boss_relics":[],"items_purged_floors":[],"is_endless":false,"potions_floor_spawned":[3,4,5,7,14],"killed_by":"The Guardian","ascension_level":16}}