{"host":"by8i6f8xc0ywpsd5","time":1607773477,"event":{"mods":["BaseMod","Colored Map","Minty Spire (QoL Compilation)","Relic Stats"],"gold_per_floor":[361,326,344,359,359,391,391,391,391,35,35,65,88,125,125,199,208,232,232,250,16,25,25,59,83,83,115,215,239,275,298,298,381,381,394,412,412,433,458,484,484,523,523,237,271,287,287,287,287,287,287,287],"floor_reached":51,"playtime":2488,"items_purged":["Juggernaut","Strike_R"],"score":1593,"play_id":"79e29359-473c-4ab2-bbb1-01b84acfe97c","local_time":"20201212134437","is_ascension_mode":true,"campfire_choices":[{"data":"Spot Weakness","floor":8.0,"key":"SMITH"},{"floor":15.0,"key":"REST"},{"data":"Uppercut","floor":23.0,"key":"SMITH"},{"data":"Sword Boomerang","floor":32.0,"key":"SMITH"},{"data":"Fiend Fire","floor":41,"key":"SMITH"},{"floor":47,"key":"RECALL"},{"floor":49,"key":"REST"}],"circlet_count":0,"master_deck":["AscendersBane","Strike_R","Strike_R","Defend_R+1","Defend_R","Defend_R+1","Bash","Shrug It Off","Twin Strike","Immolate+1","Spot Weakness+1","Warcry+1","Thunderclap","Armaments+1","Battle Trance+1","CurseOfTheBell","Battle Trance+1","Uppercut+1","Twin Strike","Madness+1","Warcry+1","Disarm+1","Disarm+1","Flame Barrier+1","Shockwave+1","Sword Boomerang+1","Fiend Fire+1","Enlightenment+1","Madness+1","Evolve","Shrug It Off+1","Pommel Strike+1","Disarm+1","Sword Boomerang+1"],"relics":["Burning Blood","Shuriken","Vajra","CeramicFish","Toxic Egg 2","Lantern","Red Skull","Calling Bell","StrikeDummy","CaptainsWheel","War Paint","Pocketwatch","Ginger","Self Forming Clay","Thread and Needle","White Beast Statue","Smiling Mask","Sozu","Du-Vu Doll","Mango","Strange Spoon","Bronze Scales"],"acts_visited":["Exordium","TheCity","TheBeyond"],"potions_floor_usage":[50],"damage_taken":[{"damage":3.0,"enemies":"2 Louse","floor":1.0,"turns":3.0},{"damage":6.0,"enemies":"Small Slimes","floor":3.0,"turns":4.0},{"damage":0.0,"enemies":"Jaw Worm","floor":4.0,"turns":6.0},{"damage":39.0,"enemies":"Lagavulin","floor":6.0,"turns":6.0},{"damage":20.0,"enemies":"Gremlin Nob","floor":12.0,"turns":4.0},{"damage":0.0,"enemies":"Blue Slaver","floor":13.0,"turns":1.0},{"damage":20.0,"enemies":"Lagavulin","floor":14.0,"turns":6.0},{"damage":22.0,"enemies":"The Guardian","floor":16.0,"turns":8.0},{"damage":12.0,"enemies":"3 Byrds","floor":18.0,"turns":4.0},{"damage":0.0,"enemies":"Gremlin Leader","floor":24.0,"turns":5.0},{"damage":0.0,"enemies":"Spheric Guardian","floor":25.0,"turns":1.0},{"damage":15.0,"enemies":"Slavers","floor":27.0,"turns":4.0},{"damage":19.0,"enemies":"Colosseum Slavers","floor":28.0,"turns":2.0},{"damage":7.0,"enemies":"Colosseum Nobs","floor":28.0,"turns":3.0},{"damage":0.0,"enemies":"Centurion and Healer","floor":29.0,"turns":4.0},{"damage":18.0,"enemies":"Gremlin Leader","floor":30.0,"turns":4.0},{"damage":0.0,"enemies":"Snecko","floor":31.0,"turns":3.0},{"damage":18.0,"enemies":"Collector","floor":33.0,"turns":6.0},{"damage":18.0,"enemies":"3 Darklings","floor":35.0,"turns":3.0},{"damage":0.0,"enemies":"3 Shapes","floor":38.0,"turns":4.0},{"damage":0,"enemies":"3 Darklings","floor":39,"turns":4},{"damage":28,"enemies":"Reptomancer","floor":40,"turns":4},{"damage":1,"enemies":"Giant Head","floor":42,"turns":4},{"damage":3,"enemies":"Nemesis","floor":45,"turns":5},{"damage":30,"enemies":"Jaw Worm Horde","floor":46,"turns":3},{"damage":53,"enemies":"Awakened One","floor":50,"turns":9},{"damage":33,"enemies":"Donu and Deca","floor":51,"turns":4}],"seed_played":"1767593276007227745","potions_obtained":[{"floor":3.0,"key":"ElixirPotion"},{"floor":6.0,"key":"Block Potion"},{"floor":13.0,"key":"SkillPotion"},{"floor":16.0,"key":"Ancient Potion"},{"floor":25.0,"key":"BloodPotion"}],"is_trial":false,"path_per_floor":["M","?","M","M","?","E","?","R","T","$","?","E","M","E","R","B",null,"M","?","?","$","?","R","E","M","T","E","?","M","E","M","R","B",null,"M","?","?","M","M","E","R","E","T","$","E","M","R","?","R","B","B"],"character_chosen":"IRONCLAD","items_purchased":["Toxic Egg 2","Warcry+1","Thunderclap","Twin Strike","Madness+1","Warcry+1","Strange Spoon","Disarm+1"],"campfire_rested":2,"item_purchase_floors":[10,10,10,21,21,21,44,44],"current_hp_per_floor":[53,71,71,75,75,42,37,37,37,37,30,16,22,8,30,14,60,54,54,54,54,54,54,60,66,66,57,43,49,37,43,43,31,64,52,42,42,48,54,32,32,51,51,51,54,30,30,30,56,26,0,0],"gold":287,"neow_bonus":"TWO_FIFTY_GOLD","is_daily":false,"chose_seed":false,"campfire_upgraded":4,"win_rate":0.0,"timestamp":1607773477,"path_taken":["M","?","M","M","?","E","?","R","T","$","?","E","?","E","R","BOSS","M","?","?","$","?","R","E","M","T","E","?","M","E","M","R","BOSS","M","?","?","M","M","E","R","E","T","$","E","M","R","?","R","BOSS","BOSS"],"items_purchased_type":["Relic","Card","Card","Card","Card","Card","Relic","Card"],"build_version":"2020-11-30","purchased_purges":2,"victory":false,"max_hp_per_floor":[75,75,75,75,75,75,75,75,75,75,75,75,75,75,75,75,75,75,75,75,75,75,75,75,75,75,75,75,75,75,75,75,75,75,75,75,75,75,75,75,75,89,89,89,89,89,89,89,89,89,89,89],"relic_stats":{"counters":[27,114],"Self Forming Clay":[69],"CeramicFish":216,"Ginger":[10],"War Paint":["Defend_R","Defend_R"],"Smiling Mask":50,"Burning Blood":154,"Sozu":4,"Strange Spoon":[10],"Shuriken":[16],"Bronze Scales":[58],"obtain_stats":[{"Lantern":12,"Self Forming Clay":27,"CeramicFish":9,"Vajra":7,"Thread and Needle":28,"Mango":42,"Ginger":26,"War Paint":17,"Smiling Mask":30,"Burning Blood":0,"White Beast Statue":28,"Calling Bell":17,"Sozu":34,"Du-Vu Doll":40,"Strange Spoon":44,"CaptainsWheel":17,"Shuriken":6,"Bronze Scales":45,"Toxic Egg 2":10,"StrikeDummy":17,"Red Skull":14,"Pocketwatch":24},{"Lantern":5,"Self Forming Clay":12,"CeramicFish":4,"Vajra":4,"Thread and Needle":14,"Mango":23,"Ginger":11,"War Paint":8,"Smiling Mask":16,"Burning Blood":0,"White Beast Statue":14,"Calling Bell":8,"Sozu":18,"Du-Vu Doll":22,"Strange Spoon":23,"CaptainsWheel":8,"Shuriken":4,"Bronze Scales":24,"Toxic Egg 2":4,"StrikeDummy":8,"Red Skull":7,"Pocketwatch":10},{"Lantern":23,"Self Forming Clay":52,"CeramicFish":19,"Vajra":19,"Thread and Needle":57,"Mango":93,"Ginger":48,"War Paint":38,"Smiling Mask":65,"Burning Blood":0,"White Beast Statue":57,"Calling Bell":38,"Sozu":74,"Du-Vu Doll":89,"Strange Spoon":93,"CaptainsWheel":38,"Shuriken":19,"Bronze Scales":98,"Toxic Egg 2":19,"StrikeDummy":38,"Red Skull":30,"Pocketwatch":47}],"Pocketwatch":[54]},"card_choices":[{"not_picked":["Heavy Blade","Thunderclap"],"picked":"Shrug It Off","floor":1.0},{"not_picked":["Clothesline","Entrench"],"picked":"Twin Strike","floor":3.0},{"not_picked":["Flex","Sever Soul"],"picked":"Immolate","floor":4.0},{"not_picked":["Body Slam","Cleave"],"picked":"Spot Weakness","floor":6.0},{"not_picked":["Juggernaut","Iron Wave","Clash"],"picked":"SKIP","floor":12.0},{"not_picked":["Clothesline","Sword Boomerang"],"picked":"Armaments+1","floor":13.0},{"not_picked":["Shockwave+1","Hemokinesis"],"picked":"Battle Trance+1","floor":14.0},{"not_picked":["Heavy Blade+1","Hemokinesis"],"picked":"Battle Trance+1","floor":18.0},{"not_picked":["Havoc+1","Cleave","Wild Strike"],"picked":"SKIP","floor":24.0},{"not_picked":["Havoc+1","Cleave","Wild Strike"],"picked":"SKIP","floor":24.0},{"not_picked":["Flame Barrier+1","Thunderclap"],"picked":"Disarm+1","floor":25.0},{"not_picked":["Armaments+1","Reckless Charge","Anger+1"],"picked":"SKIP","floor":27.0},{"not_picked":["Power Through+1","Pommel Strike"],"picked":"Flame Barrier+1","floor":29.0},{"not_picked":["Thunderclap","Iron Wave"],"picked":"Shockwave+1","floor":30.0},{"not_picked":["Dark Embrace","Anger"],"picked":"Sword Boomerang","floor":31.0},{"not_picked":["Immolate","Barricade"],"picked":"Fiend Fire","floor":33.0},{"not_picked":["Rupture+1","Clash","Havoc+1"],"picked":"SKIP","floor":35.0},{"not_picked":["Bandage Up+1","Dramatic Entrance"],"picked":"Enlightenment+1","floor":36.0},{"not_picked":["PanicButton+1","Enlightenment+1"],"picked":"Madness+1","floor":36.0},{"not_picked":["Sever Soul","Reckless Charge"],"picked":"Evolve","floor":38.0},{"not_picked":["True Grit+1","Feel No Pain+1"],"picked":"Shrug It Off+1","floor":39},{"not_picked":["Combust","Carnage","Entrench+1"],"picked":"SKIP","floor":40},{"not_picked":["Dual Wield+1","Anger"],"picked":"Pommel Strike+1","floor":42},{"not_picked":["True Grit+1","Exhume+1"],"picked":"Sword Boomerang+1","floor":45},{"not_picked":["Cleave+1","Armaments+1","Rupture+1"],"picked":"SKIP","floor":46}],"player_experience":1646166,"relics_obtained":[{"floor":6.0,"key":"Shuriken"},{"floor":9.0,"key":"CeramicFish"},{"floor":12.0,"key":"Lantern"},{"floor":14.0,"key":"Red Skull"},{"floor":17.0,"key":"StrikeDummy"},{"floor":17.0,"key":"CaptainsWheel"},{"floor":17.0,"key":"War Paint"},{"floor":24.0,"key":"Pocketwatch"},{"floor":26.0,"key":"Ginger"},{"floor":27.0,"key":"Self Forming Clay"},{"floor":28.0,"key":"Thread and Needle"},{"floor":28.0,"key":"White Beast Statue"},{"floor":30.0,"key":"Smiling Mask"},{"floor":40,"key":"Du-Vu Doll"},{"floor":42,"key":"Mango"},{"floor":45,"key":"Bronze Scales"}],"event_choices":[{"damage_healed":18.0,"max_hp_gain":0.0,"max_hp_loss":0.0,"gold_gain":0.0,"event_name":"The Cleric","player_choice":"Healed","floor":2.0,"gold_loss":35.0,"damage_taken":0.0},{"damage_healed":0.0,"max_hp_gain":0.0,"max_hp_loss":0.0,"gold_gain":0.0,"event_name":"Living Wall","player_choice":"Grow","floor":5.0,"gold_loss":0.0,"damage_taken":0.0,"cards_upgraded":["Immolate"]},{"damage_healed":0.0,"max_hp_gain":0.0,"max_hp_loss":0.0,"gold_gain":0.0,"event_name":"Scrap Ooze","player_choice":"Success","floor":7.0,"gold_loss":0.0,"damage_taken":5.0,"relics_obtained":["Vajra"]},{"cards_removed":["Strike_R"],"damage_healed":0.0,"max_hp_gain":0.0,"max_hp_loss":0.0,"gold_gain":0.0,"event_name":"Golden Wing","player_choice":"Card Removal","floor":11.0,"gold_loss":0.0,"damage_taken":7.0},{"damage_healed":0.0,"max_hp_gain":0.0,"max_hp_loss":0.0,"gold_gain":0.0,"event_name":"Beggar","player_choice":"Ignored","floor":19.0,"gold_loss":0.0,"damage_taken":0.0},{"damage_healed":0.0,"max_hp_gain":0.0,"max_hp_loss":0.0,"gold_gain":0.0,"cards_transformed":["Strike_R","Defend_R"],"event_name":"Drug Dealer","player_choice":"Became Test Subject","floor":20.0,"gold_loss":0.0,"damage_taken":0.0,"cards_obtained":["Juggernaut","Uppercut"]},{"damage_healed":0.0,"max_hp_gain":0.0,"max_hp_loss":0.0,"gold_gain":0.0,"event_name":"The Library","player_choice":"Read","floor":22.0,"gold_loss":0.0,"damage_taken":0.0,"cards_obtained":["Disarm"]},{"damage_healed":0.0,"max_hp_gain":0.0,"max_hp_loss":0.0,"gold_gain":0.0,"event_name":"Colosseum","player_choice":"Fight","floor":28.0,"gold_loss":0.0,"damage_taken":0.0},{"damage_healed":0.0,"max_hp_gain":0.0,"max_hp_loss":0.0,"gold_gain":0.0,"event_name":"Colosseum","player_choice":"Fought Nobs","floor":28.0,"gold_loss":0.0,"damage_taken":0.0},{"damage_healed":0.0,"max_hp_gain":0.0,"max_hp_loss":0.0,"gold_gain":0.0,"event_name":"SensoryStone","player_choice":"Memory 3","floor":36.0,"gold_loss":0.0,"damage_taken":10.0},{"damage_healed":0.0,"max_hp_gain":0.0,"max_hp_loss":0.0,"gold_gain":0.0,"event_name":"Tomb of Lord Red Mask","player_choice":"Ignored","floor":37.0,"gold_loss":0.0,"damage_taken":0.0},{"damage_healed":0,"gold_gain":0,"player_choice":"Ignored","damage_taken":0,"max_hp_gain":0,"max_hp_loss":0,"event_name":"The Moai Head","floor":48,"gold_loss":0}],"is_beta":false,"boss_relics":[{"not_picked":["Philosopher\u0027s Stone","Snecko Eye"],"picked":"Calling Bell"},{"not_picked":["Runic Cube","Runic Pyramid"],"picked":"Sozu"}],"items_purged_floors":[21,44],"is_endless":false,"potions_floor_spawned":[3,6,13,16,25,27,28,28,29,30,31,33,35,38,39,40,42,45,46],"killed_by":"Donu and Deca","ascension_level":20}}