{"host":"jm9833yuloeli2yd","time":1607808336,"event":{"mods":["AchievementEnabler","BaseMod","Better Altar","Better Match","Better Note","Better Sensory Stone","Better Skull","Better Vampires","Colored Map","Colored Powertips","DeckTracker","Minty Spire (QoL Compilation)","Permanent Neow","Quick Restart","Replay The Spire","StSLib","SuperFastMode"],"gold_per_floor":[116,116,134,147,28,28,54,73,73,83,8,25,55,71,71,144,144,154,4,4,4,4,16,16,16],"floor_reached":24,"playtime":639,"items_purged":["Strike_G"],"score":364,"play_id":"e2ccce29-6e8f-4133-a011-d0405aac8d55","local_time":"20201212162536","is_ascension_mode":true,"campfire_choices":[{"data":"Bane","floor":6.0,"key":"SMITH"},{"floor":15.0,"key":"DIG"}],"circlet_count":0,"master_deck":["AscendersBane","Strike_G+1","Strike_G+1","Strike_G+1","Strike_G+1","Defend_G+1","Defend_G+1","Defend_G+1","Defend_G+1","Defend_G+1","Survivor","Neutralize+1","Corpse Explosion","Poisoned Stab","Bane+1","Escape Plan","Cloak And Dagger","PiercingWail","Pot Of Greed","Pot Of Greed","Noxious Fumes","ReplayTheSpireMod:Shiv Toss","ReplayTheSpireMod:Speed Training","Dodge and Roll","Night Terror","Pot Of Greed","Masterful Stab","Cloak And Dagger"],"relics":["Ring of the Snake","Replay:Baseball","Grinning Jar","Snack Pack","Garlic","HoveringKite","Membership Card"],"acts_visited":["Exordium","TheCity"],"potions_floor_usage":[23,24],"damage_taken":[{"damage":0.0,"enemies":"2 Louse","floor":1.0,"turns":2.0},{"damage":1.0,"enemies":"Jaw Worm","floor":3.0,"turns":3.0},{"damage":0.0,"enemies":"Cultist","floor":4.0,"turns":3.0},{"damage":2.0,"enemies":"Gremlin Nob","floor":7.0,"turns":3.0},{"damage":4.0,"enemies":"Red Slaver","floor":8.0,"turns":2.0},{"damage":0.0,"enemies":"2 Fungi Beasts","floor":10.0,"turns":1.0},{"damage":8.0,"enemies":"Blue Slaver","floor":12.0,"turns":4.0},{"damage":12.0,"enemies":"3 Sentries","floor":13.0,"turns":3.0},{"damage":0.0,"enemies":"Gremlin Gang","floor":14.0,"turns":1.0},{"damage":24.0,"enemies":"The Guardian","floor":16.0,"turns":12.0},{"damage":16.0,"enemies":"Shell Parasite","floor":18.0,"turns":6.0},{"damage":12,"enemies":"2 Thieves","floor":23,"turns":3},{"damage":38,"enemies":"Book of Stabbing","floor":24,"turns":7}],"seed_played":"3307607304117075724","potions_obtained":[{"floor":4.0,"key":"SteroidPotion"},{"floor":8.0,"key":"EntropicBrew"},{"floor":10.0,"key":"FearPotion"},{"floor":16.0,"key":"Death Potion"},{"floor":23,"key":"Swift Potion"}],"is_trial":false,"path_per_floor":["M","?","M","M","$","R","E","M","T","M","$","M","E","M","R_BF","B",null,"M","$","?","?","$","M","E"],"character_chosen":"THE_SILENT","items_purchased":["Escape Plan","Swift Potion","Membership Card"],"campfire_rested":0,"item_purchase_floors":[5,5,19],"current_hp_per_floor":[59,59,58,58,58,58,56,52,52,52,52,44,32,32,32,27,56,42,42,42,42,42,30,0,0],"gold":16,"neow_bonus":"ONE_RANDOM_RARE_CARD","is_daily":false,"chose_seed":false,"campfire_upgraded":1,"win_rate":0.0,"timestamp":1607808336,"path_taken":["M","?","M","M","?","R","E","M","T","?","$","M","E","M","R_BF","BOSS","M","$","?","?","?","M","E"],"items_purchased_type":["Card","Potion","Relic"],"build_version":"2020-11-30","purchased_purges":1,"victory":false,"max_hp_per_floor":[66,66,66,66,66,66,66,66,66,66,66,66,66,66,66,66,66,66,66,66,66,66,66,66,66],"card_choices":[{"not_picked":["Bane","PiercingWail"],"picked":"Poisoned Stab","floor":1.0},{"not_picked":["Dodge and Roll","Sucker Punch"],"picked":"Bane","floor":3.0},{"not_picked":["Setup","Distraction","Prepared"],"picked":"SKIP","floor":4.0},{"not_picked":["Slice","Outmaneuver"],"picked":"Cloak And Dagger","floor":7.0},{"not_picked":["Choke","Hidden Blade"],"picked":"PiercingWail","floor":8.0},{"not_picked":["Storm of Steel","Dodge and Roll"],"picked":"Noxious Fumes","floor":10.0},{"not_picked":["All Out Attack","Dagger Spray"],"picked":"ReplayTheSpireMod:Shiv Toss","floor":12.0},{"not_picked":["Flying Knee","Outmaneuver"],"picked":"ReplayTheSpireMod:Speed Training","floor":13.0},{"not_picked":["Outmaneuver","Acrobatics"],"picked":"Dodge and Roll","floor":14.0},{"not_picked":["Replay:Bag of Tricks","Doppelganger"],"picked":"Night Terror","floor":16.0},{"not_picked":["Predator","Distraction"],"picked":"Masterful Stab","floor":18.0},{"not_picked":["Deflect","Slice"],"picked":"Cloak And Dagger","floor":23}],"player_experience":1040849,"relics_obtained":[{"floor":7.0,"key":"Replay:Baseball"},{"floor":9.0,"key":"Grinning Jar"},{"floor":13.0,"key":"Snack Pack"},{"floor":15.0,"key":"Garlic"}],"event_choices":[{"damage_healed":0.0,"max_hp_gain":0.0,"max_hp_loss":0.0,"gold_gain":0.0,"event_name":"Living Wall","player_choice":"Grow","floor":2.0,"gold_loss":0.0,"damage_taken":0.0,"cards_upgraded":["Neutralize"]},{"damage_healed":0.0,"max_hp_gain":0.0,"max_hp_loss":0.0,"gold_gain":0.0,"event_name":"Back to Basics","player_choice":"Simplicity","floor":20.0,"gold_loss":0.0,"damage_taken":0.0,"cards_upgraded":["Strike_G","Strike_G","Strike_G","Strike_G","Defend_G","Defend_G","Defend_G","Defend_G","Defend_G"]}],"is_beta":false,"boss_relics":[{"not_picked":["Replay:Wanted Poster","ReplayTheSpireMod:DimensionalGlitch"],"picked":"HoveringKite"}],"items_purged_floors":[11],"is_endless":false,"potions_floor_spawned":[4,8,10,16,23],"killed_by":"Book of Stabbing","ascension_level":15}}