{"host":"i344ixtilokuekwt","time":1607811146,"event":{"mods":["BaseMod","Card Forge","Colored Powertips","Minty Spire (QoL Compilation)","Quick Restart","Relic Stats","StSLib"],"gold_per_floor":[115,115,133,58,8,37,51,78,104,204,224,224,239,272,272,376,376,391,391,186,111,125,125,154,167,167,167,193,24,24,37,37,37,37],"floor_reached":33,"playtime":1460,"items_purged":["Shame","Strike_R"],"score":303,"play_id":"07b1797c-6af0-43ab-8fa9-19d58da964da","local_time":"20201212171226","is_ascension_mode":false,"campfire_choices":[{"data":"Corruption","floor":12,"key":"SMITH"},{"data":"Headbutt","floor":15,"key":"SMITH"},{"data":"Feed","floor":23,"key":"SMITH"},{"floor":27,"key":"REST"},{"data":"Limit Break","floor":32,"key":"SMITH"}],"circlet_count":0,"master_deck":["Strike_R","Strike_R+1","Strike_R","Defend_R","Defend_R","Defend_R","Defend_R","Bash+1","Corruption+1","Seeing Red","Headbutt+1","Headbutt+1","Limit Break+1","Battle Trance","Reaper","Feed+1","Shrug It Off","Dark Embrace","True Grit+1","Power Through","Sentinel","Inflame","Shrug It Off"],"relics":["Burning Blood","Hammer of Thor","Seething Fire","Anvil of the Gods","Toy Ornithopter","Whetstone","Nunchaku","Smiling Mask","Cursed Key","Oddly Smooth Stone","Bag of Marbles","Membership Card"],"acts_visited":["Exordium","TheCity"],"potions_floor_usage":[16,16,24,28,28,28,33],"damage_taken":[{"damage":5,"enemies":"Jaw Worm","floor":1,"turns":4},{"damage":1,"enemies":"Cultist","floor":3,"turns":3},{"damage":20,"enemies":"Gremlin Nob","floor":6,"turns":4},{"damage":2,"enemies":"Small Slimes","floor":7,"turns":3},{"damage":21,"enemies":"Lagavulin","floor":8,"turns":7},{"damage":17,"enemies":"Exordium Wildlife","floor":11,"turns":3},{"damage":1,"enemies":"Exordium Thugs","floor":13,"turns":3},{"damage":14,"enemies":"Gremlin Nob","floor":14,"turns":3},{"damage":46,"enemies":"Slime Boss","floor":16,"turns":10},{"damage":21,"enemies":"3 Byrds","floor":18,"turns":7},{"damage":27,"enemies":"Spheric Guardian","floor":22,"turns":4},{"damage":62,"enemies":"Book of Stabbing","floor":24,"turns":6},{"damage":3,"enemies":"Snecko","floor":25,"turns":4},{"damage":8,"enemies":"Slavers","floor":28,"turns":5},{"damage":15,"enemies":"Snake Plant","floor":31,"turns":5},{"damage":105,"enemies":"Automaton","floor":33,"turns":14}],"seed_played":"346044936586425379","potions_obtained":[{"floor":1,"key":"SkillPotion"},{"floor":3,"key":"Explosive Potion"},{"floor":8,"key":"Energy Potion"},{"floor":22,"key":"Explosive Potion"},{"floor":24,"key":"DistilledChaos"},{"floor":31,"key":"DuplicationPotion"}],"is_trial":false,"path_per_floor":["M","?","M","$","$","E","M","E","T","?","M","R","M","E","R","B",null,"M","?","$","?","M","R","E","M","T","R","E","$","?","M","R","B"],"character_chosen":"IRONCLAD","items_purchased":["Headbutt","Shrug It Off","Dark Embrace","PowerPotion","Membership Card","Shrug It Off"],"campfire_rested":1,"item_purchase_floors":[5,20,20,20,29,29],"current_hp_per_floor":[80,80,80,80,80,66,70,55,55,55,44,44,49,41,41,21,80,72,83,83,83,69,69,18,21,21,46,69,69,69,70,70,0,0],"gold":37,"neow_bonus":"THREE_RARE_CARDS","is_daily":false,"chose_seed":false,"campfire_upgraded":4,"win_rate":0.0,"timestamp":1607811146,"path_taken":["M","?","M","?","$","E","M","E","T","?","M","R","?","E","R","BOSS","M","?","?","?","M","R","E","M","T","R","E","$","?","M","R","BOSS"],"items_purchased_type":["Card","Card","Card","Potion","Relic","Card"],"build_version":"2020-11-30","purchased_purges":2,"victory":false,"max_hp_per_floor":[80,80,80,80,80,80,80,80,80,80,80,80,80,80,80,80,80,83,83,83,83,86,86,86,86,86,86,90,90,90,94,94,94,94],"relic_stats":{"Nunchaku":[13],"counters":[16,85],"Whetstone":["Strike_R","Headbutt"],"Smiling Mask":50,"Cursed Key":0,"obtain_stats":[{"Nunchaku":9,"Anvil of the Gods":0,"Oddly Smooth Stone":24,"Hammer of Thor":0,"Bag of Marbles":28,"Seething Fire":0,"Whetstone":8,"Membership Card":29,"Smiling Mask":14,"Cursed Key":17,"Burning Blood":0,"Toy Ornithopter":6},{"Nunchaku":5,"Anvil of the Gods":0,"Oddly Smooth Stone":12,"Hammer of Thor":0,"Bag of Marbles":14,"Seething Fire":0,"Whetstone":5,"Membership Card":14,"Smiling Mask":8,"Cursed Key":9,"Burning Blood":0,"Toy Ornithopter":3},{"Nunchaku":21,"Anvil of the Gods":0,"Oddly Smooth Stone":57,"Hammer of Thor":0,"Bag of Marbles":66,"Seething Fire":0,"Whetstone":21,"Membership Card":66,"Smiling Mask":30,"Cursed Key":40,"Burning Blood":0,"Toy Ornithopter":11}],"Burning Blood":84,"Toy Ornithopter":35},"card_choices":[{"not_picked":["Berserk","Exhume"],"picked":"Corruption","floor":0},{"not_picked":["Rampage","Clothesline"],"picked":"Seeing Red","floor":1},{"not_picked":["Reckless Charge","Twin Strike"],"picked":"Headbutt","floor":3},{"not_picked":["Rampage","Anger"],"picked":"Limit Break","floor":6},{"not_picked":["Clothesline","Twin Strike","Body Slam"],"picked":"SKIP","floor":7},{"not_picked":["Cleave","Anger"],"picked":"Battle Trance","floor":8},{"not_picked":["Iron Wave","Intimidate","Flex"],"picked":"SKIP","floor":11},{"not_picked":["Blood for Blood","Heavy Blade","Body Slam"],"picked":"SKIP","floor":13},{"not_picked":["Headbutt","Perfected Strike"],"picked":"Reaper","floor":14},{"not_picked":["Berserk","Limit Break"],"picked":"Feed","floor":16},{"not_picked":["Clothesline+1","Iron Wave+1","Clash"],"picked":"SKIP","floor":18},{"not_picked":["Searing Blow","Cleave+1"],"picked":"True Grit+1","floor":22},{"not_picked":["Rage","Warcry"],"picked":"Power Through","floor":24},{"not_picked":["Shrug It Off","Anger+1"],"picked":"Sentinel","floor":25},{"not_picked":["Heavy Blade","Twin Strike+1"],"picked":"Inflame","floor":28},{"not_picked":["Double Tap","Twin Strike+1","Perfected Strike"],"picked":"SKIP","floor":31}],"player_experience":646005,"relics_obtained":[{"floor":6,"key":"Toy Ornithopter"},{"floor":8,"key":"Whetstone"},{"floor":9,"key":"Nunchaku"},{"floor":14,"key":"Smiling Mask"},{"floor":24,"key":"Oddly Smooth Stone"},{"floor":28,"key":"Bag of Marbles"}],"event_choices":[{"damage_healed":0,"gold_gain":0,"player_choice":"Upgraded","damage_taken":0,"max_hp_gain":0,"max_hp_loss":0,"event_name":"Upgrade Shrine","floor":2,"gold_loss":0,"cards_upgraded":["Bash"]},{"damage_healed":0,"gold_gain":100,"player_choice":"Gold","damage_taken":0,"max_hp_gain":0,"max_hp_loss":0,"event_name":"Wheel of Change","floor":10,"gold_loss":0},{"damage_healed":11,"gold_gain":0,"player_choice":"Full Heal","damage_taken":0,"max_hp_gain":0,"max_hp_loss":0,"event_name":"Wheel of Change","floor":19,"gold_loss":0},{"cards_removed":["Strike_R"],"damage_healed":0,"gold_gain":0,"player_choice":"Gave Gold","damage_taken":0,"max_hp_gain":0,"max_hp_loss":0,"event_name":"Beggar","floor":21,"gold_loss":75},{"damage_healed":0,"gold_gain":0,"player_choice":"Ignored","damage_taken":0,"max_hp_gain":0,"max_hp_loss":0,"event_name":"Vampires","floor":30,"gold_loss":0}],"is_beta":false,"boss_relics":[{"not_picked":["Black Star","SlaversCollar"],"picked":"Cursed Key"}],"items_purged_floors":[4,20],"is_endless":false,"potions_floor_spawned":[1,3,8,22,24,31],"killed_by":"Automaton","ascension_level":0}}