{"host":"otf1z5955ddlv5pq","time":1607768508,"event":{"mods":["BaseMod","Beaked The Cultist","Better Altar","Better Match","Better Note","Better Sensory Stone","Better Skull","Better Third Choice","Colored Map","Colored Powertips","Downfall","Minty Spire (QoL Compilation)","Rare Cards Sparkle","Replay The Spire","StSLib"],"gold_per_floor":[114,126,126,149,149,182,182,223,269,294,150,150,175,175,175,300,300,324,339,42,42,66,66,87,128,152,171,190,190,221,235,235,356,356,379,398,273,296,629,629,408,420,443,443,443,443,493,525,525,525],"floor_reached":51,"playtime":3942,"items_purged":["Strike_G","Strike_G","Defend_G","Defend_G"],"score":875,"play_id":"023e1317-2c63-4e54-905a-07b192953079","local_time":"20201212022148","is_ascension_mode":true,"campfire_choices":[{"data":"Infinite Blades","floor":7,"key":"SMITH"},{"data":"Accuracy","floor":15,"key":"SMITH"},{"data":"Cloak And Dagger","floor":23,"key":"SMITH"},{"floor":29,"key":"REST"},{"floor":32,"key":"REST"},{"data":"Neutralize","floor":40,"key":"SMITH"},{"data":"Survivor","floor":49,"key":"SMITH"}],"circlet_count":0,"master_deck":["Strike_G+1","Strike_G+1","Strike_G","Defend_G","Defend_G","Survivor+1","Neutralize+1","Blade Dance","Infinite Blades+1","Cloak And Dagger+1","Accuracy+1","Backflip","Footwork","Infinite Blades","ReplayTheSpireMod:Scrap Shanks+1","Escape Plan","Backstab","Prepared","Languid","Prepared+1"],"relics":["Ring of the Snake","Ornamental Fan","Happy Flower","ReplayFunnel","beaked:ShinyBauble","HoveringKite","Replay:Wax Seal","Omamori","Bottled Tornado","Whetstone","Lantern","WristBlade","MealTicket","InkBottle","Ring of Greed","ReplayTheSpireMod:Ring of Collecting","The Courier","Snack Pack"],"acts_visited":["Exordium","TheCity","TheBeyond"],"potions_floor_usage":[6,13,16,25,25,28,31,33,36,50,50,50],"damage_taken":[{"damage":2,"enemies":"Cultist","floor":1,"turns":5},{"damage":6,"enemies":"Jaw Worm","floor":2,"turns":7},{"damage":4,"enemies":"Small Slimes","floor":4,"turns":3},{"damage":8,"enemies":"Gremlin Nob","floor":6,"turns":5},{"damage":0,"enemies":"3 Sentries","floor":8,"turns":9},{"damage":1,"enemies":"Gremlin Gang","floor":10,"turns":5},{"damage":0,"enemies":"Lots of Slimes","floor":13,"turns":1},{"damage":25,"enemies":"Hexaghost","floor":16,"turns":6},{"damage":13,"enemies":"2 Thieves","floor":18,"turns":5},{"damage":0,"enemies":"3 Byrds","floor":19,"turns":5},{"damage":6,"enemies":"Sentry and Sphere","floor":22,"turns":5},{"damage":15,"enemies":"Shelled Parasite and Fungi","floor":24,"turns":4},{"damage":5,"enemies":"Book of Stabbing","floor":25,"turns":4},{"damage":16,"enemies":"Snake Plant","floor":27,"turns":5},{"damage":0,"enemies":"3 Cultists","floor":28,"turns":4},{"damage":0,"enemies":"Replay:Snechameleon","floor":30,"turns":4},{"damage":0,"enemies":"Chosen and Byrds","floor":31,"turns":4},{"damage":3,"enemies":"Champ","floor":33,"turns":8},{"damage":0,"enemies":"3 Shapes","floor":35,"turns":5},{"damage":7,"enemies":"3 Darklings","floor":36,"turns":3},{"damage":0,"enemies":"Sphere and 2 Shapes","floor":38,"turns":3},{"damage":0,"enemies":"Transient","floor":42,"turns":5},{"damage":4,"enemies":"Nemesis","floor":48,"turns":5},{"damage":59,"enemies":"Time Eater","floor":50,"turns":9}],"seed_played":"7804393575974860999","potions_obtained":[{"floor":1,"key":"GhostInAJar"},{"floor":4,"key":"Venom Potion"},{"floor":6,"key":"Toxic Potion"},{"floor":16,"key":"Strength Potion"},{"floor":18,"key":"Fire Potion"},{"floor":27,"key":"DuplicationPotion"},{"floor":30,"key":"Adrenaline Potion"},{"floor":31,"key":"ColorlessPotion"},{"floor":33,"key":"sneckomod:MuddlingPotion"},{"floor":35,"key":"Adrenaline Potion"},{"floor":38,"key":"BlessingOfTheForge"}],"is_trial":false,"path_per_floor":["M","M","?","M","?","E","R","E","T","M","$","T","M","?","R","B",null,"M","M","$","?","M","R","M","E","T","M","M","R","E","M","R","B",null,"M","M","$","M","?","R","$","M","T","?","?","T","?","E","R","B",null],"character_chosen":"THE_SILENT","items_purchased":["Accuracy","Replay:Wax Seal","Omamori","Toxic Potion"],"campfire_rested":2,"item_purchase_floors":[11,20,20,41],"current_hp_per_floor":[75,69,69,65,69,61,61,61,61,60,60,60,60,60,60,35,71,58,58,58,62,56,56,41,36,36,20,20,41,41,41,62,59,71,71,64,64,64,64,64,64,64,64,71,71,71,71,67,67,32],"gold":525,"neow_bonus":"TEN_PERCENT_HP_BONUS","is_daily":false,"chose_seed":false,"campfire_upgraded":5,"win_rate":0.0,"timestamp":1607768508,"path_taken":["M","?","?","M","?","E","R","E","T","?","$","?","M","?","R","BOSS","M","M","$","?","?","R","M","E","T","M","M","R","E","M","R","BOSS","M","M","$","M","?","R","$","M","T","?","?","?","?","E","R","BOSS"],"items_purchased_type":["Card","Relic","Relic","Potion"],"build_version":"2020-11-30","purchased_purges":4,"victory":true,"max_hp_per_floor":[77,77,71,71,71,71,71,71,71,71,71,71,71,71,71,71,71,71,71,71,71,71,71,71,71,71,71,71,71,71,71,71,71,71,71,71,71,71,71,71,71,71,71,71,71,71,71,71,71,71],"card_choices":[{"not_picked":["Flechettes","PiercingWail","Underhanded Strike"],"picked":"SKIP","floor":1},{"not_picked":["Hidden Blade","Outmaneuver"],"picked":"Blade Dance","floor":2},{"not_picked":["Draining Mist","Sucker Punch"],"picked":"Infinite Blades","floor":4},{"not_picked":["Poisoned Stab","Calculated Gamble"],"picked":"Cloak And Dagger","floor":6},{"not_picked":["Dagger Spray","Bouncing Flask","Distraction"],"picked":"SKIP","floor":8},{"not_picked":["Sucker Punch","Deadly Poison","Hidden Blade"],"picked":"SKIP","floor":10},{"not_picked":["Well Laid Plans","Riddle With Holes"],"picked":"Backflip","floor":13},{"not_picked":["Concentrate+1","Dash","Slice"],"picked":"SKIP","floor":18},{"not_picked":["Backflip","Distraction+1","PiercingWail"],"picked":"SKIP","floor":19},{"not_picked":["Slice","Hidden Blade","Bouncing Flask+1"],"picked":"SKIP","floor":22},{"not_picked":["Slice","Deflect"],"picked":"Footwork","floor":24},{"not_picked":["Calculated Gamble","Finisher","Catalyst+1"],"picked":"SKIP","floor":25},{"not_picked":["Tools of the Trade","Sucker Punch+1","Poisoned Stab"],"picked":"SKIP","floor":27},{"not_picked":["Sucker Punch","Outmaneuver"],"picked":"Infinite Blades","floor":28},{"not_picked":["Acrobatics","Corpse Explosion"],"picked":"ReplayTheSpireMod:Scrap Shanks+1","floor":30},{"not_picked":["Deadly Poison","Underhanded Strike+1","Heel Hook"],"picked":"SKIP","floor":31},{"not_picked":["Poisoned Stab","ReplayTheSpireMod:Tripwire"],"picked":"Escape Plan","floor":35},{"not_picked":["Dagger Spray","Finisher","Underhanded Strike+1"],"picked":"SKIP","floor":36},{"not_picked":["Outmaneuver+1","Deflect","Riddle With Holes"],"picked":"SKIP","floor":38},{"not_picked":["Underhanded Strike+1","Sucker Punch"],"picked":"Backstab","floor":42},{"not_picked":["Deadly Poison","Flechettes+1"],"picked":"Prepared+1","floor":48}],"player_experience":849818,"relics_obtained":[{"floor":6,"key":"Ornamental Fan"},{"floor":8,"key":"Happy Flower"},{"floor":9,"key":"ReplayFunnel"},{"floor":12,"key":"beaked:ShinyBauble"},{"floor":25,"key":"Bottled Tornado"},{"floor":26,"key":"Whetstone"},{"floor":30,"key":"Lantern"},{"floor":43,"key":"MealTicket"},{"floor":46,"key":"InkBottle"},{"floor":47,"key":"Ring of Greed"},{"floor":47,"key":"ReplayTheSpireMod:Ring of Collecting"},{"floor":47,"key":"The Courier"},{"floor":48,"key":"Snack Pack"}],"event_choices":[{"damage_healed":0,"gold_gain":0,"player_choice":"Lose Max HP","damage_taken":0,"relics_obtained":["Golden Idol"],"max_hp_gain":0,"max_hp_loss":6,"event_name":"Golden Idol","floor":3,"gold_loss":0},{"damage_healed":4,"gold_gain":0,"player_choice":"LEAVE ","damage_taken":0,"relics_obtained":[],"max_hp_gain":0,"max_hp_loss":0,"event_name":"betterSkull:BetterSkull","floor":5,"gold_loss":0,"cards_upgraded":[]},{"damage_healed":4,"gold_gain":0,"player_choice":"LEAVE ","damage_taken":0,"relics_obtained":[],"max_hp_gain":0,"max_hp_loss":0,"event_name":"betterSkull:BetterSkull","floor":21,"gold_loss":0,"cards_upgraded":[]},{"damage_healed":0,"gold_gain":333,"player_choice":"Gave Idol","damage_taken":0,"max_hp_gain":0,"max_hp_loss":0,"event_name":"The Moai Head","floor":39,"relics_lost":["Golden Idol"],"gold_loss":0},{"damage_healed":18,"gold_gain":0,"player_choice":"Writhe","damage_taken":0,"max_hp_gain":0,"max_hp_loss":0,"event_name":"Winding Halls","floor":44,"gold_loss":0,"cards_obtained":["Writhe"]},{"damage_healed":0,"gold_gain":3,"player_choice":"3","damage_taken":0,"max_hp_gain":0,"max_hp_loss":0,"event_name":"betterStone:BetterStone","floor":45,"gold_loss":0,"cards_obtained":["Prepared"]}],"is_beta":false,"boss_relics":[{"not_picked":["Ring of Chaos","Painkiller Herb"],"picked":"HoveringKite"},{"not_picked":["Replay:Bronze Core","Velvet Choker"],"picked":"WristBlade"}],"items_purged_floors":[11,20,37,41],"is_endless":false,"potions_floor_spawned":[1,4,6,16,18,27,30,31,33,35,38,48],"ascension_level":2}}