{"host":"fbqvzfq8f1yzoo4u","time":1607763170,"event":{"mods":["BaseMod","Minty Spire (QoL Compilation)","Replay The Spire","StSLib"],"gold_per_floor":[111,111,111,126,144,144,162,187,213,225,257,269,301,333,345,357,357],"floor_reached":16,"playtime":453,"items_purged":[],"score":208,"play_id":"be279696-7af1-477f-ad5d-7efd635dbb4c","local_time":"20201212165250","is_ascension_mode":true,"campfire_choices":[{"data":"Zap","floor":6.0,"key":"SMITH"},{"floor":10.0,"key":"REST"},{"floor":15.0,"key":"REST"}],"circlet_count":0,"master_deck":["AscendersBane","Strike_B","Strike_B","Strike_B","Strike_B","Defend_B","Defend_B","Defend_B","Zap+1","Dualcast","Ball Lightning","Ball Lightning","Consume","Lockon","Rebound","Beam Cell","Conserve Battery","BootSequence"],"relics":["Cracked Core","Vajra","MawBank"],"acts_visited":["Exordium"],"potions_floor_usage":[16,16],"damage_taken":[{"damage":5.0,"enemies":"Small Slimes","floor":1.0,"turns":4.0},{"damage":2.0,"enemies":"Jaw Worm","floor":4.0,"turns":2.0},{"damage":6.0,"enemies":"Cultist","floor":5.0,"turns":3.0},{"damage":6.0,"enemies":"3 Louse","floor":7.0,"turns":2.0},{"damage":20.0,"enemies":"Lagavulin","floor":8.0,"turns":4.0},{"damage":11.0,"enemies":"Looter","floor":11.0,"turns":2.0},{"damage":0.0,"enemies":"Large Slime","floor":13.0,"turns":2.0},{"damage":2.0,"enemies":"2 Fungi Beasts","floor":14.0,"turns":2.0},{"damage":70,"enemies":"Fading Forest","floor":16,"turns":11}],"seed_played":"1047175840715667409","potions_obtained":[{"floor":3.0,"key":"FearPotion"},{"floor":3.0,"key":"SpeedPotion"},{"floor":11.0,"key":"SkillPotion"}],"is_trial":false,"path_per_floor":["M","?","?","M","M","R","M","E","T","R","M","$","M","M","R","B"],"character_chosen":"DEFECT","items_purchased":[],"campfire_rested":2,"item_purchase_floors":[],"current_hp_per_floor":[59,59,59,57,51,51,45,25,25,46,35,35,35,33,54,0,0],"gold":357,"neow_bonus":"REMOVE_CARD","is_daily":false,"chose_seed":false,"campfire_upgraded":1,"win_rate":0.0,"timestamp":1607763170,"path_taken":["M","?","?","M","M","R","M","E","T","R","M","$","?","M","R","BOSS"],"items_purchased_type":[],"build_version":"2020-11-30","purchased_purges":0,"victory":false,"max_hp_per_floor":[71,71,71,71,71,71,71,71,71,71,71,71,71,71,71,71,71],"card_choices":[{"not_picked":["Fusion","Go for the Eyes"],"picked":"Ball Lightning","floor":1.0},{"not_picked":["Cold Snap","Fission"],"picked":"Ball Lightning","floor":4.0},{"not_picked":["Coolheaded","BasicCrystalCard"],"picked":"Consume","floor":5.0},{"not_picked":["Panic Button","Leap"],"picked":"Lockon","floor":7.0},{"not_picked":["Storm","Cold Snap"],"picked":"Rebound","floor":8.0},{"not_picked":["Blizzard","Leap"],"picked":"Beam Cell","floor":11.0},{"not_picked":["Stack","Steam"],"picked":"Conserve Battery","floor":13.0},{"not_picked":["Ball Lightning","Double Energy"],"picked":"BootSequence","floor":14.0}],"player_experience":566837,"relics_obtained":[{"floor":8.0,"key":"Vajra"},{"floor":9.0,"key":"MawBank"}],"event_choices":[{"damage_healed":0.0,"max_hp_gain":0.0,"max_hp_loss":0.0,"gold_gain":0.0,"event_name":"Lab","player_choice":"Got Potions","floor":3.0,"gold_loss":0.0,"damage_taken":0.0}],"is_beta":false,"boss_relics":[],"items_purged_floors":[],"is_endless":false,"potions_floor_spawned":[5,11,13,14],"killed_by":"Fading Forest","ascension_level":20}}