{"host":"danq4vzudt77osor","time":1607755088,"event":{"mods":["BaseMod","Colored Map","Custom Start","Minty Spire (QoL Compilation)","StSLib","SuperFastMode"],"gold_per_floor":[110,122,139,153,170,202,213,213,284,284,317,317,330,9,9,105,105,120,120,133,133,145,170,170,205,205,205,223,238,238,256,256,358,358,377,395,448,17,35,60,60,110,110,120,0,0,15,29,29,29,29,29,29,59,59],"floor_reached":56,"playtime":2196,"items_purged":["Strike_G","Dagger Spray"],"score":1433,"play_id":"c0682684-c01e-4759-be01-cd3cae73d34c","local_time":"20201212153808","is_ascension_mode":false,"campfire_choices":[{"data":"Cloak And Dagger","floor":8.0,"key":"SMITH"},{"data":"Neutralize","floor":10.0,"key":"SMITH"},{"data":"Choke","floor":12.0,"key":"SMITH"},{"data":"Footwork","floor":15,"key":"SMITH"},{"data":"Well Laid Plans","floor":24,"key":"SMITH"},{"data":"Blur","floor":27,"key":"SMITH"},{"floor":30,"key":"RECALL"},{"data":"Quick Slash","floor":32,"key":"SMITH"},{"data":"After Image","floor":41,"key":"SMITH"},{"data":"Survivor","floor":49,"key":"SMITH"},{"data":"Poisoned Stab","floor":52,"key":"SMITH"}],"circlet_count":0,"master_deck":["Survivor+1","Neutralize+1","Blur+1","Choke+1","Cloak And Dagger+1","Poisoned Stab+1","Endless Agony","Footwork+1","Adrenaline+1","Quick Slash+1","Storm of Steel+1","Burst+1","Outmaneuver+1","Malaise+1","Malaise+1","Malaise+1","Dodge and Roll+1","Well Laid Plans+1","Prepared+1","Blade Dance+1","Dagger Throw+1","After Image+1","Backflip+1","Terror+1","Adrenaline+1","Deflect+1"],"relics":["Ring of the Snake","WristBlade","Regal Pillow","The Courier","Mummified Hand","Oddly Smooth Stone","Toxic Egg 2","Omamori","Pandora\u0027s Box","Tough Bandages","Lantern","Calling Bell","Potion Belt","Pear","Thread and Needle","Mango","TungstenRod","ClockworkSouvenir","Gremlin Horn","Unceasing Top","Molten Egg 2","Red Mask","Anchor"],"acts_visited":["Exordium","TheCity","TheBeyond","TheEnding"],"potions_floor_usage":[16,23,40,40,44,55,55,55,55,55],"damage_taken":[{"damage":0.0,"enemies":"2 Louse","floor":1.0,"turns":4.0},{"damage":0.0,"enemies":"Cultist","floor":2.0,"turns":4.0},{"damage":0.0,"enemies":"Jaw Worm","floor":3.0,"turns":4.0},{"damage":1.0,"enemies":"Red Slaver","floor":4.0,"turns":5.0},{"damage":0.0,"enemies":"Gremlin Gang","floor":5.0,"turns":2.0},{"damage":26.0,"enemies":"Lagavulin","floor":6.0,"turns":8.0},{"damage":2.0,"enemies":"3 Louse","floor":7.0,"turns":2.0},{"damage":8.0,"enemies":"Gremlin Nob","floor":11.0,"turns":3.0},{"damage":0.0,"enemies":"Blue Slaver","floor":13.0,"turns":2.0},{"damage":6,"enemies":"The Guardian","floor":16,"turns":12},{"damage":0,"enemies":"3 Byrds","floor":18,"turns":3},{"damage":0,"enemies":"Chosen","floor":20,"turns":6},{"damage":0,"enemies":"Shelled Parasite and Fungi","floor":22,"turns":3},{"damage":13,"enemies":"Gremlin Leader","floor":23,"turns":8},{"damage":0,"enemies":"Slavers","floor":25,"turns":6},{"damage":8,"enemies":"Snecko","floor":28,"turns":3},{"damage":0,"enemies":"3 Cultists","floor":29,"turns":3},{"damage":0,"enemies":"Cultist and Chosen","floor":31,"turns":2},{"damage":42,"enemies":"Collector","floor":33,"turns":9},{"damage":7,"enemies":"3 Darklings","floor":35,"turns":4},{"damage":0,"enemies":"Orb Walker","floor":36,"turns":1},{"damage":5,"enemies":"2 Orb Walkers","floor":37,"turns":3},{"damage":0,"enemies":"Spire Growth","floor":39,"turns":4},{"damage":16,"enemies":"Nemesis","floor":40,"turns":7},{"damage":0,"enemies":"Mind Bloom Boss Battle","floor":42,"turns":5},{"damage":0,"enemies":"4 Shapes","floor":44,"turns":4},{"damage":0,"enemies":"Maw","floor":47,"turns":2},{"damage":0,"enemies":"Sphere and 2 Shapes","floor":48,"turns":4},{"damage":0,"enemies":"Awakened One","floor":50,"turns":13},{"damage":0,"enemies":"Shield and Spear","floor":54,"turns":6},{"damage":0,"enemies":"The Heart","floor":55,"turns":10}],"seed_played":"1802012896354918316","potions_obtained":[{"floor":1.0,"key":"Fire Potion"},{"floor":3.0,"key":"SpeedPotion"},{"floor":6.0,"key":"Energy Potion"},{"floor":16,"key":"LiquidMemories"},{"floor":22,"key":"CunningPotion"},{"floor":25,"key":"BlessingOfTheForge"},{"floor":33,"key":"Swift Potion"},{"floor":35,"key":"PowerPotion"},{"floor":37,"key":"BlessingOfTheForge"},{"floor":40,"key":"CunningPotion"},{"floor":42,"key":"Block Potion"},{"floor":47,"key":"PowerPotion"}],"is_trial":false,"path_per_floor":["M","M","M","M","M","E","M","R","T","R","E","R","M","$","R","B",null,"M","?","M","?","M","E","R","E","T","R","M","M","R","M","R","B",null,"M","M","?","$","M","E","R","?","T","M","?","?","M","M","R","B",null,"R","$","E","B",null],"character_chosen":"THE_SILENT","items_purchased":["Oddly Smooth Stone","Toxic Egg 2","Omamori","Footwork","TungstenRod","ClockworkSouvenir"],"campfire_rested":0,"item_purchase_floors":[14,14,14,14,38,38],"current_hp_per_floor":[70,70,70,69,69,43,41,41,41,41,33,33,33,33,33,27,70,70,70,70,70,70,57,57,57,57,57,49,49,49,49,49,7,80,73,73,82,82,82,66,66,66,66,66,66,66,66,66,66,66,94,94,94,94,94],"gold":59,"neow_bonus":"REMOVE_CARD","is_daily":false,"chose_seed":false,"campfire_upgraded":10,"win_rate":0.0,"timestamp":1607755088,"path_taken":["M","M","M","M","M","E","M","R","T","R","E","R","M","$","R","BOSS","M","?","?","?","M","E","R","E","T","R","M","?","R","?","R","BOSS","M","M","?","$","M","E","R","?","T","M","?","?","?","M","R","BOSS","R","$","E","BOSS"],"items_purchased_type":["Relic","Relic","Relic","Card","Relic","Relic"],"build_version":"2020-11-30","purchased_purges":2,"victory":true,"max_hp_per_floor":[70,70,70,70,70,70,70,70,70,70,70,70,70,70,70,70,70,70,70,70,70,70,70,70,70,70,70,70,70,70,70,70,70,80,80,80,94,94,94,94,94,94,94,94,94,94,94,94,94,94,94,94,94,94,94],"card_choices":[{"not_picked":["Bouncing Flask","Dodge and Roll"],"picked":"Blur","floor":1.0},{"not_picked":["Prepared","Acrobatics"],"picked":"Choke","floor":2.0},{"not_picked":["Dagger Throw","Sucker Punch"],"picked":"Dagger Spray","floor":3.0},{"not_picked":["Well Laid Plans","Backstab"],"picked":"Cloak And Dagger","floor":4.0},{"not_picked":["Leg Sweep","Acrobatics"],"picked":"Poisoned Stab","floor":5.0},{"not_picked":["Deflect","Flying Knee"],"picked":"Endless Agony","floor":6.0},{"not_picked":["Dodge and Roll","Noxious Fumes","Setup"],"picked":"SKIP","floor":7.0},{"not_picked":["Dagger Throw","Caltrops","Catalyst"],"picked":"SKIP","floor":11.0},{"not_picked":["Dagger Throw","Caltrops","Catalyst"],"picked":"SKIP","floor":11.0},{"not_picked":["Distraction","Burst","All Out Attack"],"picked":"SKIP","floor":13.0},{"not_picked":["Distraction","All Out Attack"],"picked":"Burst","floor":13.0},{"not_picked":["Venomology+1","Grand Finale"],"picked":"Adrenaline+1","floor":16},{"not_picked":["Poisoned Stab","All Out Attack"],"picked":"Dodge and Roll+1","floor":18},{"not_picked":["Slice","Underhanded Strike+1","Choke"],"picked":"SKIP","floor":20},{"not_picked":["Cloak And Dagger+1","Dagger Throw"],"picked":"Well Laid Plans","floor":22},{"not_picked":["Quick Slash+1","Choke"],"picked":"Prepared+1","floor":23},{"not_picked":["Sucker Punch+1","A Thousand Cuts","All Out Attack"],"picked":"SKIP","floor":25},{"not_picked":["Prepared+1","Concentrate+1"],"picked":"Blade Dance+1","floor":28},{"not_picked":["Slice","Masterful Stab","Dodge and Roll+1"],"picked":"SKIP","floor":29},{"not_picked":["Prepared+1","Slice"],"picked":"Dagger Throw+1","floor":31},{"not_picked":["Adrenaline+1","Night Terror+1"],"picked":"After Image","floor":33},{"not_picked":["Bane","Poisoned Stab","Backstab"],"picked":"SKIP","floor":35},{"not_picked":["Dodge and Roll+1","Riddle With Holes+1","Cloak And Dagger+1"],"picked":"SKIP","floor":36},{"not_picked":["PiercingWail+1","Sucker Punch+1"],"picked":"Backflip+1","floor":39},{"not_picked":["Escape Plan+1","Burst+1"],"picked":"Terror+1","floor":40},{"not_picked":["Slice+1","Outmaneuver+1","Sucker Punch+1"],"picked":"SKIP","floor":44},{"not_picked":["Phantasmal Killer+1","Leg Sweep+1","Cloak And Dagger+1"],"picked":"SKIP","floor":47},{"not_picked":["Slice+1","Flechettes+1"],"picked":"Deflect+1","floor":48},{"not_picked":["Dash+1","Acrobatics+1","Backflip+1"],"picked":"SKIP","floor":54}],"player_experience":1653832,"relics_obtained":[{"floor":6.0,"key":"Regal Pillow"},{"floor":9.0,"key":"The Courier"},{"floor":11.0,"key":"Mummified Hand"},{"floor":23,"key":"Tough Bandages"},{"floor":25,"key":"Lantern"},{"floor":34,"key":"Potion Belt"},{"floor":34,"key":"Pear"},{"floor":34,"key":"Thread and Needle"},{"floor":37,"key":"Mango"},{"floor":40,"key":"Gremlin Horn"},{"floor":42,"key":"Unceasing Top"},{"floor":43,"key":"Molten Egg 2"},{"floor":54,"key":"Anchor"}],"event_choices":[{"cards_removed":["Grand Finale"],"damage_healed":0,"gold_gain":0,"player_choice":"Purged","damage_taken":0,"max_hp_gain":0,"max_hp_loss":0,"event_name":"Purifier","floor":19,"gold_loss":0},{"damage_healed":0,"gold_gain":0,"player_choice":"Bought 0 Potions","damage_taken":0,"max_hp_gain":0,"max_hp_loss":0,"event_name":"The Woman in Blue","floor":21,"gold_loss":0},{"damage_healed":0,"gold_gain":0,"player_choice":"Fight","damage_taken":0,"max_hp_gain":0,"max_hp_loss":0,"event_name":"Mysterious Sphere","floor":37,"gold_loss":0},{"damage_healed":0,"gold_gain":0,"player_choice":"Fight","damage_taken":0,"max_hp_gain":0,"max_hp_loss":0,"event_name":"MindBloom","floor":42,"gold_loss":0},{"damage_healed":0,"gold_gain":0,"player_choice":"Paid","damage_taken":0,"relics_obtained":["Red Mask"],"max_hp_gain":0,"max_hp_loss":0,"event_name":"Tomb of Lord Red Mask","floor":45,"gold_loss":120},{"damage_healed":0,"gold_gain":0,"player_choice":"Copied","damage_taken":0,"max_hp_gain":0,"max_hp_loss":0,"event_name":"Duplicator","floor":46,"gold_loss":0,"cards_obtained":["Adrenaline"]}],"is_beta":false,"boss_relics":[{"not_picked":["HoveringKite","Cursed Key"],"picked":"Pandora\u0027s Box"},{"not_picked":["SlaversCollar","Ring of the Serpent"],"picked":"Calling Bell"}],"items_purged_floors":[14,38],"is_endless":false,"potions_floor_spawned":[1,3,6,16,20,22,25,33,35,37,40,42,47,54],"ascension_level":0}}