{"host":"fqid566djxhwi0rl","time":1607804020,"event":{"mods":["2.2 Compatiblity","AchievementEnabler","Aspiration","BaseMod","Downfall","Energized Spire","Faster Ascension Climbing","GifTheSpireLib","Minty Spire (QoL Compilation)","Replay The Spire","Robot Space Explorer","StSLib","The Blackbeard","The Gatherer","Trackpad","Yuri Mod"],"gold_per_floor":[109,109,128,140,158,158,192,204,275,67,67,79,112,112,112,197,197,215,242,253,32,47,47,72,72,127,153,48,67,86,111,111,184,184,210,42,67,91,108,108,147,147,147,166,178,178,214,224,224,224],"floor_reached":51,"playtime":4419,"items_purged":["hexamod:Strike","hexamod:Defend"],"score":1638,"play_id":"63428eaa-b695-4b9e-8802-c592f6aa1bf5","local_time":"20201212221340","is_ascension_mode":true,"campfire_choices":[{"data":"hexamod:SpectralSpark","floor":6.0,"key":"SMITH"},{"data":"hexamod:EmpoweredFlame","floor":11.0,"key":"SMITH"},{"data":"hexamod:Float","floor":15.0,"key":"SMITH"},{"floor":23,"key":"REST"},{"floor":32,"key":"REST"},{"data":"hexamod:NecessarySacrifice","floor":40,"key":"SMITH"},{"data":"Finesse","floor":42,"key":"SMITH"},{"data":"hexamod:HexaLevel","floor":46,"key":"SMITH"},{"data":"Finesse","floor":49,"key":"SMITH"}],"circlet_count":0,"master_deck":["AscendersBane","hexamod:Defend","hexamod:Defend","hexamod:Sear","hexamod:Float+1","hexamod:Hexaguard","hexamod:FirstSeal","hexamod:SpectralSpark+1","hexamod:Incineration+1","hexamod:EmpoweredFlame+1","hexamod:NecessarySacrifice+1","hexamod:Hexaguard","hexamod:SecondSeal","hexamod:VolcanoVisage+1","hexamod:Haunt+1","hexamod:StepThrough","hexamod:HexaLevel+1","Finesse+1","hexamod:Hexaguard","Finesse+1","hexamod:SpectralAdrenaline+1"],"relics":["hexamod:SpiritBrand","StoneCalendar","Smiling Mask","Mirror","PreservedInsect","Replay:Baseball","Replay:Drink Me","Guide Book","Bronze Scales","hexamod:BolsterEngine","hexamod:MatchstickCase","Sozu","DollysMirror","Replay:Mystery Machine","ReplayTheSpireMod:Ninjato","Replay:Bandana"],"acts_visited":["Exordium","TheCity","TheBeyond"],"potions_floor_usage":[31,31,50],"damage_taken":[{"damage":0.0,"enemies":"2 Louse","floor":1.0,"turns":3.0},{"damage":1.0,"enemies":"Jaw Worm","floor":3.0,"turns":3.0},{"damage":0.0,"enemies":"Cultist","floor":4.0,"turns":3.0},{"damage":0.0,"enemies":"Looter","floor":5.0,"turns":3.0},{"damage":5.0,"enemies":"3 Sentries","floor":7.0,"turns":3.0},{"damage":4.0,"enemies":"Red Slaver","floor":8.0,"turns":3.0},{"damage":0.0,"enemies":"2 Fungi Beasts","floor":12.0,"turns":4.0},{"damage":6.0,"enemies":"Lagavulin","floor":13.0,"turns":6.0},{"damage":63.0,"enemies":"Fading Forest","floor":16.0,"turns":13.0},{"damage":17,"enemies":"Chosen","floor":18,"turns":6},{"damage":0,"enemies":"Shell Parasite","floor":19,"turns":5},{"damage":14,"enemies":"Cultist and Chosen","floor":20,"turns":6},{"damage":3,"enemies":"Snecko","floor":22,"turns":3},{"damage":7,"enemies":"Gremlin Leader","floor":24,"turns":5},{"damage":11,"enemies":"Centurion and Healer","floor":27,"turns":5},{"damage":0,"enemies":"Snake Plant","floor":29,"turns":3},{"damage":0,"enemies":"Sentry and Sphere","floor":30,"turns":5},{"damage":5,"enemies":"Slavers","floor":31,"turns":4},{"damage":0,"enemies":"Collector","floor":33,"turns":5},{"damage":0,"enemies":"3 Shapes","floor":35,"turns":3},{"damage":0,"enemies":"3 Darklings","floor":37,"turns":3},{"damage":0,"enemies":"4 Shapes","floor":38,"turns":3},{"damage":0,"enemies":"Transient","floor":39,"turns":5},{"damage":3,"enemies":"R_Hoarder","floor":41,"turns":6},{"damage":0,"enemies":"Jaw Worm Horde","floor":44,"turns":3},{"damage":0,"enemies":"Spire Growth","floor":45,"turns":3},{"damage":0,"enemies":"Giant Head","floor":47,"turns":4},{"damage":0,"enemies":"Transient","floor":48,"turns":3},{"damage":5,"enemies":"Awakened One","floor":50,"turns":5}],"seed_played":"-8260009029274886877","potions_obtained":[{"floor":4.0,"key":"ColorlessPotion"},{"floor":7.0,"key":"SpeedPotion"},{"floor":12.0,"key":"Explosive Potion"},{"floor":20,"key":"SteroidPotion"},{"floor":22,"key":"Ancient Potion"},{"floor":33,"key":"Regen Potion"}],"is_trial":false,"path_per_floor":["M","?","M","M","M","R","E","M","T","$","R","M","E","?","R","B",null,"M","M","M","$","M","R","E","?","T","M","$","M","M","E","R","B",null,"M","$","M","M","M","R","E","R","T","M","M","R","E","M","R","B",null],"character_chosen":"THE_SPIRIT","items_purchased":["PreservedInsect","Guide Book","Finesse","DollysMirror"],"campfire_rested":2,"item_purchase_floors":[10,21,28,36],"current_hp_per_floor":[42,35,41,48,55,55,57,60,60,60,60,63,63,63,63,15,40,30,37,23,23,20,34,27,27,27,23,23,23,23,18,32,32,44,44,44,48,48,48,48,45,45,45,48,48,48,48,48,48,48],"gold":224,"neow_bonus":"ONE_RARE_RELIC","is_daily":false,"chose_seed":false,"campfire_upgraded":7,"win_rate":0.0,"timestamp":1607804020,"path_taken":["M","?","M","M","M","R","E","M","T","$","R","M","E","?","R","BOSS","M","M","M","$","M","R","E","?","T","?","$","M","M","E","R","BOSS","M","$","M","M","M","R","E","R","T","M","M","R","E","M","R","BOSS"],"items_purchased_type":["Relic","Relic","Card","Relic"],"build_version":"2020-11-30","purchased_purges":2,"victory":true,"max_hp_per_floor":[63,63,63,63,63,63,63,63,63,63,63,63,63,63,63,63,48,48,48,48,48,48,48,48,48,48,48,48,48,48,48,48,48,48,48,48,48,48,48,48,48,48,48,48,48,48,48,48,48,48],"card_choices":[{"not_picked":["hexamod:GhostOfSpireFuture","hexamod:ThermalTransfer"],"picked":"hexamod:Hexaguard","floor":1.0},{"not_picked":["hexamod:FirstSeal","hexamod:InspiringFlames","hexamod:Again"],"picked":"SKIP","floor":3.0},{"not_picked":["hexamod:ThermalTransfer","hexamod:ShieldOfDarkness"],"picked":"hexamod:SpectralSpark","floor":4.0},{"not_picked":["hexamod:GhostOfSpirePast","hexamod:GhostShield"],"picked":"hexamod:Incineration","floor":5.0},{"not_picked":["hexamod:ThermalTransfer","hexamod:NightmareGuise"],"picked":"hexamod:EmpoweredFlame","floor":7.0},{"not_picked":["hexamod:SwordOfDarkness","hexamod:HauntingEcho"],"picked":"hexamod:NecessarySacrifice","floor":8.0},{"not_picked":["hexamod:ChargedBarrage","hexamod:BacktrackSmack"],"picked":"hexamod:Hexaguard","floor":12.0},{"not_picked":["hexamod:SwordOfDarkness","hexamod:GiftsFromTheDead"],"picked":"hexamod:SecondSeal","floor":13.0},{"not_picked":["hexamod:WildfireWeapon","hexamod:SearingWound"],"picked":"hexamod:VolcanoVisage","floor":16.0},{"not_picked":["hexamod:ShieldOfDarkness","hexamod:FlamesFromBeyond","hexamod:GhostOfSpirePresent+1"],"picked":"SKIP","floor":18},{"not_picked":["hexamod:SwordOfDarkness","hexamod:GhostOfSpirePresent","hexamod:GhostShield"],"picked":"SKIP","floor":19},{"not_picked":["hexamod:NightmareGuise","hexamod:HauntingEcho"],"picked":"hexamod:Haunt+1","floor":20},{"not_picked":["hexamod:FlamesFromBeyond","hexamod:SwordOfDarkness"],"picked":"hexamod:StepThrough","floor":22},{"not_picked":["hexamod:NightmareStrike","hexamod:GhostShield+1","hexamod:AdvancingGuard"],"picked":"SKIP","floor":24},{"not_picked":["hexamod:NightmareStrike","hexamod:HauntingEcho"],"picked":"hexamod:HexaLevel","floor":27},{"not_picked":["hexamod:GhostOfSpirePresent","hexamod:Firestarter"],"picked":"hexamod:Hexaguard","floor":29},{"not_picked":["hexamod:BurningTouch","hexamod:NightmareGuise","hexamod:GhostLash"],"picked":"SKIP","floor":30},{"not_picked":["hexamod:FastForward","hexamod:AdvancingGuard+1","hexamod:SwordOfDarkness"],"picked":"SKIP","floor":31},{"not_picked":["hexamod:GhostLash","hexamod:GhostOfSpirePast","hexamod:FourthSeal"],"picked":"SKIP","floor":35},{"not_picked":["hexamod:SwordOfDarkness+1","hexamod:SpectersWail","hexamod:ThermalTransfer"],"picked":"SKIP","floor":37},{"not_picked":["hexamod:ThermalTransfer+1","hexamod:AdvancingGuard","hexamod:FirstSeal"],"picked":"SKIP","floor":38},{"not_picked":["hexamod:NightmareGuise","hexamod:BurningTouch+1","hexamod:NightmareStrike"],"picked":"SKIP","floor":39},{"not_picked":["hexamod:UnlimitedPower","hexamod:SoulSteal"],"picked":"hexamod:SpectralAdrenaline+1","floor":41},{"not_picked":["hexamod:ChargedBarrage+1","hexamod:StepThrough","hexamod:NightmareGuise"],"picked":"SKIP","floor":44},{"not_picked":["hexamod:Firestarter","hexamod:ThermalTransfer","hexamod:NightmareGuise"],"picked":"SKIP","floor":45},{"not_picked":["hexamod:FastForward","hexamod:GhostShield","hexamod:ExtraCrispy"],"picked":"SKIP","floor":47},{"not_picked":["hexamod:NightmareGuise","hexamod:StepThrough","hexamod:FastForward+1"],"picked":"SKIP","floor":48}],"player_experience":660289,"relics_obtained":[{"floor":7.0,"key":"Smiling Mask"},{"floor":9.0,"key":"Mirror"},{"floor":13.0,"key":"Replay:Baseball"},{"floor":24,"key":"Bronze Scales"},{"floor":26,"key":"hexamod:BolsterEngine"},{"floor":31,"key":"hexamod:MatchstickCase"},{"floor":41,"key":"Replay:Mystery Machine"},{"floor":43,"key":"ReplayTheSpireMod:Ninjato"},{"floor":47,"key":"Replay:Bandana"}],"event_choices":[{"damage_healed":0.0,"max_hp_gain":0.0,"max_hp_loss":0.0,"gold_gain":0.0,"event_name":"Liars Game","player_choice":"Ignored","floor":14.0,"gold_loss":0.0,"damage_taken":0.0},{"cards_removed":["hexamod:Defend"],"damage_healed":0,"gold_gain":0,"player_choice":"Purged","damage_taken":0,"max_hp_gain":0,"max_hp_loss":0,"event_name":"Purifier","floor":25,"gold_loss":0}],"is_beta":false,"boss_relics":[{"not_picked":["trackpad:Coffee","Busted Crown"],"picked":"Replay:Drink Me"},{"not_picked":["aspiration:SilentSkillbook","SlaversCollar"],"picked":"Sozu"}],"items_purged_floors":[10,21],"is_endless":false,"potions_floor_spawned":[4,7,12,20,22,24,27,33,38,41,44,47],"ascension_level":19}}