{"host":"ueef25wtkg2eer3h","time":1607792424,"event":{"mods":["AchievementEnabler","BaseMod","Colored Map","Colored Powertips","DeckTracker","Displayed Cursed Tome","Googly Eyes","Highlight Path","Minty Spire (QoL Compilation)","Slay the Relics Exporter","StSLib"],"gold_per_floor":[110,110,120,120,45,45,76,76,100,144,169,169,169,200,200,330,330,353,20,95,24,44,44,79,79,79,79,120,133,133,151,151,151,151],"floor_reached":33,"playtime":1220,"items_purged":["Injury"],"score":552,"play_id":"3ff3295d-3558-4629-b608-3e4a70d1a3af","local_time":"20201212180024","is_ascension_mode":true,"campfire_choices":[{"data":"Sweeping Beam","floor":6,"key":"SMITH"},{"data":"Biased Cognition","floor":8,"key":"SMITH"},{"data":"Hologram","floor":12,"key":"SMITH"},{"data":"Chill","floor":15,"key":"SMITH"},{"floor":23,"key":"REST"},{"floor":30,"key":"REST"},{"floor":32,"key":"REST"}],"circlet_count":0,"master_deck":["AscendersBane","Strike_B","Strike_B+1","Strike_B+1","Strike_B","Defend_B","Defend_B","Defend_B","Defend_B","Zap","Dualcast","Chill+1","Sweeping Beam+1","Biased Cognition+1","Sunder+1","Hologram+1","Cold Snap","Echo Form","Gash+1","Doom and Gloom","Undo","Static Discharge","Capacitor","Capacitor+1","Barrage","Ghostly","Ghostly","Ghostly","Ghostly","Ghostly","Writhe","Glacier","Glacier+1","Static Discharge","Aggregate+1","Self Repair"],"relics":["Cracked Core","NeowsBlessing","Golden Idol","Lizard Tail","Happy Flower","Eternal Feather","Vajra","Fusion Hammer","Runic Capacitor","Juzu Bracelet","Art of War","Prayer Wheel","White Beast Statue"],"acts_visited":["Exordium","TheCity"],"potions_floor_usage":[11,14,16,24,28],"damage_taken":[{"damage":0,"enemies":"Small Slimes","floor":1,"turns":1},{"damage":0,"enemies":"Cultist","floor":3,"turns":1},{"damage":0,"enemies":"Gremlin Nob","floor":7,"turns":1},{"damage":24,"enemies":"Lagavulin","floor":10,"turns":5},{"damage":0,"enemies":"Jaw Worm","floor":11,"turns":1},{"damage":6,"enemies":"3 Sentries","floor":14,"turns":3},{"damage":42,"enemies":"The Guardian","floor":16,"turns":10},{"damage":5,"enemies":"Chosen","floor":18,"turns":4},{"damage":0,"enemies":"3 Byrds","floor":22,"turns":5},{"damage":24,"enemies":"Slavers","floor":24,"turns":4},{"damage":21,"enemies":"Book of Stabbing","floor":28,"turns":6},{"damage":6,"enemies":"3 Cultists","floor":29,"turns":6},{"damage":8,"enemies":"Chosen and Byrds","floor":31,"turns":12},{"damage":47,"enemies":"Champ","floor":33,"turns":11}],"seed_played":"4311126567145265686","potions_obtained":[{"floor":1,"key":"FearPotion"},{"floor":11,"key":"Energy Potion"},{"floor":14,"key":"Fire Potion"},{"floor":16,"key":"SpeedPotion"},{"floor":18,"key":"FocusPotion"},{"floor":22,"key":"Block Potion"},{"floor":29,"key":"SmokeBomb"},{"floor":31,"key":"Dexterity Potion"}],"is_trial":false,"path_per_floor":["M","?","M","?","$","R","E","R","T","E","M","R","?","E","R","B",null,"M","$","?","$","M","R","E","?","T","?","E","M","R","M","R","B"],"character_chosen":"DEFECT","items_purchased":["Runic Capacitor","Doom and Gloom","Undo","Static Discharge","Capacitor"],"campfire_rested":3,"item_purchase_floors":[19,19,19,19,21],"current_hp_per_floor":[68,53,53,53,53,53,53,53,53,29,29,38,38,32,41,36,65,60,60,53,53,53,75,51,37,37,37,16,10,37,29,37,0,0],"gold":151,"neow_bonus":"THREE_ENEMY_KILL","is_daily":false,"chose_seed":false,"campfire_upgraded":4,"win_rate":0.0,"timestamp":1607792424,"path_taken":["M","?","M","?","$","R","E","R","T","E","M","R","?","E","R","BOSS","M","$","?","$","M","R","E","?","T","?","E","M","R","M","R","BOSS"],"items_purchased_type":["Relic","Card","Card","Card","Card"],"build_version":"2020-11-30","purchased_purges":1,"victory":false,"max_hp_per_floor":[75,75,75,75,75,75,75,75,75,75,75,75,75,75,75,75,75,75,75,75,75,75,75,75,37,37,37,37,37,37,37,37,37,37],"card_choices":[{"not_picked":["Go for the Eyes","Genetic Algorithm"],"picked":"Chill","floor":1},{"not_picked":["Gash","Conserve Battery"],"picked":"Sweeping Beam","floor":3},{"not_picked":["Compile Driver","Force Field"],"picked":"Biased Cognition","floor":7},{"not_picked":["Loop","BootSequence"],"picked":"Sunder","floor":10},{"not_picked":["Hello World","Force Field"],"picked":"Hologram","floor":11},{"not_picked":["Multi-Cast","Beam Cell"],"picked":"Cold Snap","floor":14},{"not_picked":["Meteor Strike","Buffer"],"picked":"Echo Form","floor":16},{"not_picked":["Melter","Leap"],"picked":"Gash+1","floor":18},{"not_picked":["Rebound","Tempest"],"picked":"Capacitor+1","floor":22},{"not_picked":["Streamline+1","Cold Snap"],"picked":"Barrage","floor":24},{"not_picked":["Darkness","Redo"],"picked":"Glacier","floor":28},{"not_picked":["BootSequence","Stack"],"picked":"Glacier+1","floor":29},{"not_picked":["Hologram","Genetic Algorithm"],"picked":"Static Discharge","floor":29},{"not_picked":["Melter+1","Go for the Eyes"],"picked":"Aggregate+1","floor":31},{"not_picked":["Core Surge","Genetic Algorithm"],"picked":"Self Repair","floor":31}],"player_experience":254094,"relics_obtained":[{"floor":7,"key":"Lizard Tail"},{"floor":9,"key":"Happy Flower"},{"floor":10,"key":"Eternal Feather"},{"floor":14,"key":"Vajra"},{"floor":24,"key":"Juzu Bracelet"},{"floor":26,"key":"Art of War"},{"floor":28,"key":"White Beast Statue"}],"event_choices":[{"damage_healed":0,"gold_gain":0,"player_choice":"Entered Light","damage_taken":15,"max_hp_gain":0,"max_hp_loss":0,"event_name":"Shining Light","floor":2,"gold_loss":0,"cards_upgraded":["Strike_B","Strike_B"]},{"damage_healed":0,"gold_gain":0,"player_choice":"Take Wound","damage_taken":0,"relics_obtained":["Golden Idol"],"max_hp_gain":0,"max_hp_loss":0,"event_name":"Golden Idol","floor":4,"gold_loss":0,"cards_obtained":["Injury"]},{"damage_healed":0,"gold_gain":0,"player_choice":"Grow","damage_taken":0,"max_hp_gain":0,"max_hp_loss":0,"event_name":"Living Wall","floor":13,"gold_loss":0,"cards_upgraded":["Sunder"]},{"damage_healed":0,"gold_gain":75,"player_choice":"Touch","damage_taken":7,"max_hp_gain":0,"max_hp_loss":0,"event_name":"FaceTrader","floor":20,"gold_loss":0},{"damage_healed":0,"gold_gain":0,"player_choice":"Became a Ghost","damage_taken":0,"max_hp_gain":0,"max_hp_loss":38,"event_name":"Ghosts","floor":25,"gold_loss":0,"cards_obtained":["Ghostly","Ghostly","Ghostly","Ghostly","Ghostly"]},{"damage_healed":0,"gold_gain":0,"player_choice":"Opened","damage_taken":0,"relics_obtained":["Prayer Wheel"],"max_hp_gain":0,"max_hp_loss":0,"event_name":"The Mausoleum","floor":27,"gold_loss":0,"cards_obtained":["Writhe"]}],"is_beta":false,"boss_relics":[{"not_picked":["Pandora\u0027s Box","Coffee Dripper"],"picked":"Fusion Hammer"}],"items_purged_floors":[5],"is_endless":false,"potions_floor_spawned":[1,11,14,16,18,22,29,31],"killed_by":"Champ","ascension_level":11}}