{"host":"y76clbnovzmw9ubx","time":1607815333,"event":{"mods":["AchievementEnabler","BaseMod","Minty Spire (QoL Compilation)","Permanent Neow","Relic Stats"],"gold_per_floor":[118,128,142,155,172,172,172,172,244,255,272,286,299,330,330,407,407,407,407,407,407,407,407],"floor_reached":22,"playtime":1783,"items_purged":[],"score":442,"play_id":"920afd2a-bec6-45e3-86bb-1654345434c8","local_time":"20201212182213","is_ascension_mode":true,"campfire_choices":[{"data":"Defragment","floor":6,"key":"SMITH"},{"data":"Defragment","floor":8,"key":"SMITH"},{"floor":15,"key":"REST"}],"circlet_count":0,"master_deck":["AscendersBane","Strike_B","Strike_B","Strike_B+1","Defend_B","Defend_B","Defend_B","Defend_B","Zap","Dualcast","Coolheaded","Defragment+1","Beam Cell","Go for the Eyes","Rebound","Defragment+1","Coolheaded","Compile Driver","BootSequence","Coolheaded","Echo Form","Meteor Strike","Undo","Hologram","Reinforced Body"],"relics":["Cracked Core","Prayer Wheel","Ectoplasm"],"acts_visited":["Exordium","TheCity"],"potions_floor_usage":[13,14,18,19,21],"damage_taken":[{"damage":1.0,"enemies":"2 Louse","floor":1.0,"turns":2.0},{"damage":10.0,"enemies":"Cultist","floor":2.0,"turns":4.0},{"damage":0.0,"enemies":"Small Slimes","floor":3.0,"turns":2.0},{"damage":1.0,"enemies":"Looter","floor":4.0,"turns":4.0},{"damage":16,"enemies":"Lots of Slimes","floor":5,"turns":5},{"damage":10,"enemies":"Exordium Wildlife","floor":10,"turns":3},{"damage":0,"enemies":"Large Slime","floor":11,"turns":5},{"damage":3,"enemies":"Looter","floor":12,"turns":3},{"damage":0,"enemies":"Exordium Thugs","floor":13,"turns":4},{"damage":0,"enemies":"Lagavulin","floor":14,"turns":6},{"damage":28,"enemies":"Slime Boss","floor":16,"turns":9},{"damage":6,"enemies":"3 Byrds","floor":18,"turns":6},{"damage":15,"enemies":"Chosen","floor":19,"turns":7},{"damage":14,"enemies":"Centurion and Healer","floor":20,"turns":9},{"damage":20,"enemies":"Cultist and Chosen","floor":21,"turns":12},{"damage":6,"enemies":"Snake Plant","floor":22,"turns":1}],"seed_played":"-3967412974677800126","potions_obtained":[{"floor":2.0,"key":"Block Potion"},{"floor":5,"key":"PowerPotion"},{"floor":10,"key":"Fire Potion"},{"floor":16,"key":"Energy Potion"},{"floor":18,"key":"DistilledChaos"},{"floor":20,"key":"Swift Potion"}],"is_trial":false,"path_per_floor":["M","M","M","M","M","R","?","R","T","M","M","M","M","E","R","B",null,"M","M","M","M","M"],"character_chosen":"DEFECT","items_purchased":[],"campfire_rested":1,"item_purchase_floors":[],"current_hp_per_floor":[63,53,53,52,36,36,36,36,36,26,26,23,23,23,44,16,57,51,36,22,2,0,0],"gold":407,"neow_bonus":"UPGRADE_CARD","is_daily":false,"chose_seed":false,"campfire_upgraded":2,"win_rate":0.0,"timestamp":1607815333,"path_taken":["M","M","M","M","M","R","?","R","T","M","M","M","M","E","R","BOSS","M","M","M","?","M"],"items_purchased_type":[],"build_version":"2020-11-30","purchased_purges":0,"victory":false,"max_hp_per_floor":[71,71,71,71,71,71,71,71,71,71,71,71,71,71,71,71,71,71,71,71,71,71,71],"relic_stats":{"counters":[16,82],"Prayer Wheel":4,"Ectoplasm":66,"obtain_stats":[{"Prayer Wheel":14,"Ectoplasm":17,"Cracked Core":0},{"Prayer Wheel":10,"Ectoplasm":11,"Cracked Core":0},{"Prayer Wheel":38,"Ectoplasm":47,"Cracked Core":0}]},"card_choices":[{"not_picked":["Hologram","Conserve Battery"],"picked":"Coolheaded","floor":1.0},{"not_picked":["Scrape","Beam Cell"],"picked":"Defragment","floor":2.0},{"not_picked":["Force Field","White Noise"],"picked":"Beam Cell","floor":3.0},{"not_picked":["Sweeping Beam","Skim"],"picked":"Go for the Eyes","floor":4.0},{"not_picked":["Stack","Consume"],"picked":"Rebound","floor":5},{"not_picked":["Conserve Battery","Melter"],"picked":"Coolheaded","floor":10},{"not_picked":["Blizzard","Auto Shields"],"picked":"Compile Driver","floor":11},{"not_picked":["Tempest","Static Discharge"],"picked":"BootSequence","floor":12},{"not_picked":["Streamline","Rebound"],"picked":"Coolheaded","floor":13},{"not_picked":["Leap","Gash"],"picked":"Echo Form","floor":14},{"not_picked":["Seek","Rainbow"],"picked":"Meteor Strike","floor":16},{"not_picked":["Gash","Steam"],"picked":"Undo","floor":18},{"not_picked":["Darkness","Gash+1"],"picked":"Hologram","floor":18},{"not_picked":["Sunder","Sweeping Beam"],"picked":"Reinforced Body","floor":19},{"not_picked":["Gash","Sunder","Beam Cell"],"picked":"SKIP","floor":19},{"not_picked":["Cold Snap","FTL","Conserve Battery"],"picked":"SKIP","floor":20},{"not_picked":["Rebound","Cold Snap","Hologram"],"picked":"SKIP","floor":20},{"not_picked":["Barrage","Rebound","Steam"],"picked":"SKIP","floor":21},{"not_picked":["Chaos","Go for the Eyes","Redo"],"picked":"SKIP","floor":21}],"player_experience":2832295,"relics_obtained":[{"floor":14,"key":"Prayer Wheel"}],"event_choices":[{"damage_healed":0,"gold_gain":0,"cards_transformed":["Strike_B"],"player_choice":"Transformed","damage_taken":0,"max_hp_gain":0,"max_hp_loss":0,"event_name":"Transmorgrifier","floor":7,"gold_loss":0,"cards_obtained":["Defragment"]}],"is_beta":false,"boss_relics":[{"not_picked":["SacredBark","Runic Pyramid"],"picked":"Ectoplasm"}],"items_purged_floors":[],"is_endless":false,"potions_floor_spawned":[2,5,10,12,16,18,20],"killed_by":"Snake Plant","ascension_level":20}}