{"host":"k5dhp0bkccqfauyu","time":1607749541,"event":{"mods":["BaseMod","Better Note","Better Skull","Better Vampires","Colored Map","Colored Powertips","DeckTracker","Minty Spire (QoL Compilation)","Permanent Neow","StSLib","SuperFastMode"],"gold_per_floor":[110,35,50,50,62,62,88,88,167,167,194,222,239,249,249,324,324,334,345,345,85,85,85,114,131,157,157,32,58,78,105,105,176,176,190,190,208,258,273,304,304,6,6,38,73,133,148,148,148,178,238,238,238,32,66,66],"floor_reached":57,"playtime":3397,"items_purged":["Regret","Strike_P+1","Defend_P","Strike_P+1"],"score":3091,"play_id":"c02554ff-19f2-4a1f-a614-180c90289db6","local_time":"20201212160541","is_ascension_mode":true,"campfire_choices":[{"data":"Eruption","floor":6,"key":"SMITH"},{"data":"Tantrum","floor":8,"key":"SMITH"},{"floor":10,"key":"REST"},{"data":"Halt","floor":15,"key":"SMITH"},{"data":"Vault","floor":23,"key":"SMITH"},{"data":"Meditate","floor":27,"key":"SMITH"},{"data":"DeusExMachina","floor":32,"key":"SMITH"},{"floor":49,"key":"RECALL"},{"data":"MentalFortress","floor":53,"key":"SMITH"}],"circlet_count":0,"master_deck":["AscendersBane","Defend_P+1","Defend_P+1","Eruption+1","Vigilance+1","LessonLearned+1","Weave+1","Tantrum+1","Halt+1","EmptyFist","Protect+1","Conclude+1","FlurryOfBlows+1","DevaForm+1","InnerPeace+1","Vault+1","ClearTheMind+1","Halt","EmptyMind+1","FlyingSleeves+1","Evaluate+1","Meditate+1","WheelKick+1","Indignation+1","ThirdEye+1","TalkToTheHand+1","DeusExMachina+1","SpiritShield+1","TalkToTheHand","FearNoEvil+1","WheelKick+1","Vengeance+1","MentalFortress+1","InnerPeace+1","FearNoEvil","ThirdEye","Wish+1","ThirdEye+1","Omniscience+1","ThirdEye"],"relics":["PureWater","Prayer Wheel","Pen Nib","Meat on the Bone","Odd Mushroom","War Paint","Philosopher\u0027s Stone","Orrery","Bird Faced Urn","Shuriken","Centennial Puzzle","Black Star","CloakClasp","Letter Opener","Oddly Smooth Stone","Bronze Scales","Sundial","Pocketwatch","Eternal Feather","Akabeko","Bag of Preparation","Turnip","Blood Vial"],"acts_visited":["Exordium","TheCity","TheBeyond","TheEnding"],"potions_floor_usage":[16,31,56],"damage_taken":[{"damage":10,"enemies":"Jaw Worm","floor":1,"turns":3},{"damage":0,"enemies":"Small Slimes","floor":3,"turns":4},{"damage":1,"enemies":"2 Louse","floor":5,"turns":4},{"damage":28,"enemies":"Lagavulin","floor":7,"turns":6},{"damage":4,"enemies":"The Mushroom Lair","floor":11,"turns":3},{"damage":0,"enemies":"Gremlin Nob","floor":12,"turns":2},{"damage":0,"enemies":"Exordium Wildlife","floor":13,"turns":3},{"damage":7,"enemies":"3 Louse","floor":14,"turns":7},{"damage":29,"enemies":"Hexaghost","floor":16,"turns":11},{"damage":4,"enemies":"Spheric Guardian","floor":18,"turns":4},{"damage":5,"enemies":"Shell Parasite","floor":19,"turns":7},{"damage":0,"enemies":"Slavers","floor":24,"turns":2},{"damage":0,"enemies":"Centurion and Healer","floor":25,"turns":5},{"damage":1,"enemies":"Gremlin Leader","floor":29,"turns":6},{"damage":0,"enemies":"Snake Plant","floor":30,"turns":4},{"damage":0,"enemies":"Slavers","floor":31,"turns":2},{"damage":6,"enemies":"Champ","floor":33,"turns":6},{"damage":3,"enemies":"3 Shapes","floor":35,"turns":4},{"damage":2,"enemies":"Orb Walker","floor":37,"turns":4},{"damage":1,"enemies":"2 Orb Walkers","floor":38,"turns":2},{"damage":0,"enemies":"Maw","floor":39,"turns":7},{"damage":0,"enemies":"Nemesis","floor":40,"turns":7},{"damage":0,"enemies":"Giant Head","floor":44,"turns":8},{"damage":0,"enemies":"Writhing Mass","floor":45,"turns":5},{"damage":22,"enemies":"Nemesis","floor":46,"turns":8},{"damage":0,"enemies":"Sphere and 2 Shapes","floor":47,"turns":3},{"damage":8,"enemies":"Time Eater","floor":50,"turns":9},{"damage":25,"enemies":"Awakened One","floor":51,"turns":8},{"damage":18,"enemies":"Shield and Spear","floor":55,"turns":4},{"damage":7,"enemies":"The Heart","floor":56,"turns":8}],"seed_played":"13133868406522503","potions_obtained":[{"floor":3,"key":"FairyPotion"},{"floor":14,"key":"DuplicationPotion"},{"floor":16,"key":"BlessingOfTheForge"},{"floor":29,"key":"SpeedPotion"},{"floor":31,"key":"Weak Potion"}],"is_trial":false,"path_per_floor":["M","$","M","?","M","R","E","R","T","R","?","E","M","M","R","B",null,"M","M","?","$","?","R","E","M","T","R","$","E","M","E","R","B",null,"M","?","M","?","M","E","?","$","T","E","M","E","M","$","R","B","B",null,"R","$","E","B",null],"character_chosen":"WATCHER","items_purchased":["Orrery","FearNoEvil","ThirdEye","Bronze Scales","ThirdEye"],"campfire_rested":1,"item_purchase_floors":[21,42,42,42,54],"current_hp_per_floor":[51,51,51,51,50,50,22,22,22,42,38,38,38,43,43,26,58,54,49,49,49,49,49,49,51,51,51,51,52,52,52,52,48,63,60,60,58,57,59,63,63,63,63,67,67,48,50,50,68,62,41,61,68,68,50,51],"gold":66,"neow_bonus":"ONE_RARE_RELIC","is_daily":false,"chose_seed":false,"campfire_upgraded":7,"win_rate":0.0,"timestamp":1607749541,"path_taken":["M","$","M","?","M","R","E","R","T","R","?","E","M","M","R","BOSS","M","M","?","$","?","R","E","M","T","R","$","E","M","E","R","BOSS","M","?","?","?","M","E","?","$","T","E","?","E","M","$","R","BOSS","BOSS","R","$","E","BOSS"],"items_purchased_type":["Relic","Card","Card","Relic","Card"],"build_version":"2020-11-30","purchased_purges":4,"victory":true,"max_hp_per_floor":[68,68,68,68,68,68,68,68,68,68,68,68,68,68,68,68,68,68,68,68,68,68,68,68,68,68,68,68,68,68,68,68,68,68,68,68,68,68,68,68,68,68,68,68,68,68,68,68,68,68,68,68,68,68,68,68],"card_choices":[{"not_picked":["Collect","Consecrate"],"picked":"LessonLearned","floor":1},{"not_picked":["Study","JustLucky","Protect"],"picked":"SKIP","floor":1},{"not_picked":["FollowUp","BowlingBash"],"picked":"Weave","floor":3},{"not_picked":["CrushJoints","CarveReality"],"picked":"EmptyBody","floor":3},{"not_picked":["ClearTheMind","MentalFortress"],"picked":"Tantrum","floor":5},{"not_picked":["Consecrate","DeceiveReality"],"picked":"Halt","floor":5},{"not_picked":["CutThroughFate","Prostrate"],"picked":"EmptyFist","floor":7},{"not_picked":["CrushJoints","Study"],"picked":"Protect","floor":12},{"not_picked":["Wireheading","CrushJoints"],"picked":"Conclude","floor":13},{"not_picked":["SandsOfTime","WaveOfTheHand"],"picked":"FlurryOfBlows","floor":13},{"not_picked":["ForeignInfluence","CutThroughFate"],"picked":"DevaForm","floor":14},{"not_picked":["Indignation","BowlingBash"],"picked":"InnerPeace","floor":14},{"not_picked":["Ragnarok","Judgement"],"picked":"Vault","floor":16},{"not_picked":["Protect","Collect"],"picked":"ClearTheMind+1","floor":18},{"not_picked":["Crescendo","JustLucky"],"picked":"Halt","floor":18},{"not_picked":["MasterReality","Pray"],"picked":"EmptyMind+1","floor":19},{"not_picked":["SashWhip","CrushJoints","Consecrate"],"picked":"SKIP","floor":19},{"not_picked":["Worship","Brilliance"],"picked":"FlyingSleeves+1","floor":21},{"not_picked":["Study","CutThroughFate"],"picked":"Evaluate+1","floor":21},{"not_picked":["Pray","Evaluate"],"picked":"WheelKick","floor":24},{"not_picked":["ClearTheMind","Wireheading+1"],"picked":"Indignation","floor":25},{"not_picked":["FollowUp","BowlingBash"],"picked":"ThirdEye","floor":25},{"not_picked":["Conclude","Evaluate","Prostrate+1"],"picked":"SKIP","floor":29},{"not_picked":["Conclude","Evaluate","Prostrate+1"],"picked":"SKIP","floor":29},{"not_picked":["ThirdEye","JustLucky"],"picked":"TalkToTheHand","floor":30},{"not_picked":["PathToVictory","Crescendo","BowlingBash"],"picked":"SKIP","floor":30},{"not_picked":["EmptyFist","DeceiveReality"],"picked":"DeusExMachina","floor":31},{"not_picked":["MasterReality","DeusExMachina"],"picked":"SpiritShield","floor":33},{"not_picked":["ThirdEye","Conclude+1"],"picked":"TalkToTheHand","floor":35},{"not_picked":["BowlingBash","Vengeance","Consecrate"],"picked":"SKIP","floor":35},{"not_picked":["Weave","Prostrate+1"],"picked":"FearNoEvil+1","floor":37},{"not_picked":["Collect","Meditate"],"picked":"WheelKick+1","floor":37},{"not_picked":["FollowUp","Collect"],"picked":"Vengeance+1","floor":38},{"not_picked":["FollowUp+1","Evaluate"],"picked":"MentalFortress","floor":39},{"not_picked":["Crescendo","FlyingSleeves+1"],"picked":"InnerPeace+1","floor":39},{"not_picked":["WreathOfFlame","FlurryOfBlows+1","Collect"],"picked":"SKIP","floor":40},{"not_picked":["FearNoEvil+1","CutThroughFate"],"picked":"Wish","floor":44},{"not_picked":["Wireheading","Evaluate"],"picked":"ThirdEye","floor":45},{"not_picked":["SashWhip","Perseverance","Vengeance"],"picked":"SKIP","floor":45},{"not_picked":["Prostrate","SashWhip+1"],"picked":"Omniscience","floor":46},{"not_picked":["Protect","CutThroughFate","BowlingBash"],"picked":"SKIP","floor":47},{"not_picked":["Pray","BowlingBash","EmptyFist"],"picked":"SKIP","floor":47},{"not_picked":["ReachHeaven+1","FearNoEvil","CrushJoints"],"picked":"SKIP","floor":55}],"player_experience":1752608,"relics_obtained":[{"floor":7,"key":"Pen Nib"},{"floor":9,"key":"Meat on the Bone"},{"floor":11,"key":"Odd Mushroom"},{"floor":12,"key":"War Paint"},{"floor":24,"key":"Bird Faced Urn"},{"floor":29,"key":"Shuriken"},{"floor":31,"key":"Centennial Puzzle"},{"floor":38,"key":"CloakClasp"},{"floor":40,"key":"Letter Opener"},{"floor":40,"key":"Oddly Smooth Stone"},{"floor":43,"key":"Sundial"},{"floor":44,"key":"Pocketwatch"},{"floor":44,"key":"Eternal Feather"},{"floor":46,"key":"Akabeko"},{"floor":46,"key":"Bag of Preparation"},{"floor":55,"key":"Turnip"},{"floor":55,"key":"Blood Vial"}],"event_choices":[{"cards_removed":["Defend_P"],"damage_healed":0,"gold_gain":0,"player_choice":"Forget","damage_taken":0,"max_hp_gain":0,"max_hp_loss":0,"event_name":"Living Wall","floor":4,"gold_loss":0},{"damage_healed":0,"gold_gain":0,"player_choice":"Fought Mushrooms","damage_taken":0,"max_hp_gain":0,"max_hp_loss":0,"event_name":"Mushrooms","floor":11,"gold_loss":0},{"cards_removed":["Strike_P"],"damage_healed":0,"gold_gain":0,"player_choice":"Elegance","damage_taken":0,"max_hp_gain":0,"max_hp_loss":0,"event_name":"Back to Basics","floor":20,"gold_loss":0},{"damage_healed":0,"gold_gain":0,"player_choice":"Read","damage_taken":0,"max_hp_gain":0,"max_hp_loss":0,"event_name":"The Library","floor":22,"gold_loss":0,"cards_obtained":["Meditate"]},{"cards_removed":["Strike_P"],"damage_healed":0,"gold_gain":0,"player_choice":"Purged","damage_taken":0,"max_hp_gain":0,"max_hp_loss":0,"event_name":"Purifier","floor":36,"gold_loss":0},{"damage_healed":0,"gold_gain":0,"player_choice":"Fight","damage_taken":0,"max_hp_gain":0,"max_hp_loss":0,"event_name":"Mysterious Sphere","floor":38,"gold_loss":0},{"cards_removed":["EmptyBody"],"damage_healed":0,"gold_gain":0,"player_choice":"Removed Skill","damage_taken":0,"max_hp_gain":0,"max_hp_loss":0,"event_name":"Falling","floor":41,"gold_loss":0}],"is_beta":false,"boss_relics":[{"not_picked":["Ectoplasm","Cursed Key"],"picked":"Philosopher\u0027s Stone"},{"not_picked":["HolyWater","VioletLotus"],"picked":"Black Star"}],"items_purged_floors":[2,21,28,54],"is_endless":false,"potions_floor_spawned":[3,14,16,29,30,31,38,39,44,46],"ascension_level":20}}