{"host":"y9jgkjnf95sujozk","time":1607737266,"event":{"mods":["2.2 Compatiblity","AchievementEnabler","BaseMod","Block Reminder","Colored Map","Colored Powertips","Downfall","Friendly Minions","GifTheSpireLib","Hermit","Highlight Path","MarisaÅiñ∂âJÅ@ñÇóùçπÅj","Minty Spire (QoL Compilation)","Random Character Button","Rare Cards Sparkle","Replay The Spire","StSLib","SuperFastMode","The Animator","The Bug Knight","The Cursed","The Servant 0.9.4"],"gold_per_floor":[228,278,278,297,82,108,108,108,108,108,108,108,108,15,15,123,123,135,46,46,46,68,68,68,68,94,105,105,122,159,159,159,263,263,283,283,333,333,333,38,38,38],"floor_reached":41,"playtime":1322,"items_purged":[],"score":433,"play_id":"27e77062-b34a-4415-8575-4647b89de4f6","local_time":"20201212024106","is_ascension_mode":false,"campfire_choices":[{"floor":7,"key":"REST"},{"data":"animator:HighElfArcher","floor":10,"key":"SMITH"},{"floor":13,"key":"REST"},{"data":"animator:Shichika","floor":15,"key":"SMITH"},{"floor":23,"key":"REST"},{"floor":25,"key":"REST"},{"floor":28,"key":"REST"},{"floor":32,"key":"REST"}],"circlet_count":0,"master_deck":["animator:Defend_NoGameNoLife","animator:Defend","animator:Defend+1","animator:Defend","animator:DolaSchwi","animator:DolaCouronne","animator:Darkness","animator:Shichika+1","animator:Wiz+1","animator:Lelouch+1","hexamod:Haunted","animator:HighElfArcher+1","animator:Lelouch+1","animator:HomuraAkemi","animator:Megumin+3","animator:Darkness","GremboGang","Bite","Bite","Bite","Bite","Bite","animator:Kazuma","animator:Verdia+1","animator:Arpeggio","animator:Mitsurugi","ReplayTheSpireMod:Splinters","animator:HigakiRinne","animator:Sonic","animator:Verdia","animator:Kira"],"relics":["animator:LivingPicture","animator:TheMissingPiece","animator:PurgingStone","Ring of Hypnosis","Ring of Greed","Blue Doll","The Courier","Lantern","Simple Rune","Cursed Key","MutagenicStrength","Bag of Marbles","Snecko Heart","Prayer Wheel","OrangePellets","Oddly Smooth Stone"],"acts_visited":["Exordium","TheCity","TheBeyond"],"potions_floor_usage":[6,6,6,33,33,37,37],"damage_taken":[{"damage":3.0,"enemies":"Jaw Worm","floor":1.0,"turns":6.0},{"damage":0.0,"enemies":"Cultist","floor":4.0,"turns":5.0},{"damage":15,"enemies":"Lagavulin","floor":6,"turns":7},{"damage":32,"enemies":"Hexaghost","floor":16,"turns":13},{"damage":37,"enemies":"Chosen","floor":18,"turns":12},{"damage":18,"enemies":"3 Byrds","floor":19,"turns":7},{"damage":4,"enemies":"Centurion and Healer","floor":22,"turns":10},{"damage":4,"enemies":"Cultist and Chosen","floor":27,"turns":7},{"damage":19,"enemies":"Snecko","floor":29,"turns":7},{"damage":8,"enemies":"3 Cultists","floor":30,"turns":8},{"damage":23,"enemies":"Automaton","floor":33,"turns":13},{"damage":42,"enemies":"3 Darklings","floor":35,"turns":7},{"damage":31,"enemies":"Mind Bloom Boss Battle","floor":37,"turns":11}],"seed_played":"-1755182839477414390","potions_obtained":[{"floor":1.0,"key":"Explosive Potion"},{"floor":3.0,"key":"Toxic Potion"},{"floor":3.0,"key":"Explosive Potion"},{"floor":27,"key":"sneckomod:MuddlingPotion"},{"floor":30,"key":"PowerPotion"},{"floor":33,"key":"sneckomod:MuddlingPotion"},{"floor":35,"key":"SpeedPotion"}],"is_trial":false,"path_per_floor":["M","?","?","M","$","E","R","$","T","R","?","?","R","$","R","B",null,"M","M","?","?","M","R","?","R","T","M","R","M","M","?","R","B",null,"M","?","?","?","?","$","M"],"character_chosen":"THE_ANIMATOR","items_purchased":["animator:Wiz","animator:Lelouch+1","animator:Lelouch+1","animator:Kira","OrangePellets","Oddly Smooth Stone"],"campfire_rested":6,"item_purchase_floors":[5,5,14,40,40,40],"current_hp_per_floor":[63,63,63,63,63,48,66,66,66,66,41,57,66,66,66,34,66,30,12,12,12,28,41,41,46,46,44,47,34,36,36,47,36,47,19,19,8,41,38,38,0,0],"gold":38,"neow_bonus":"HUNDRED_GOLD","is_daily":false,"chose_seed":false,"campfire_upgraded":2,"win_rate":0.0,"timestamp":1607737266,"path_taken":["M","?","?","?","$","E","R","$","T","R","?","?","R","?","R","BOSS","M","M","?","?","M","R","?","R","T","M","R","M","M","?","R","BOSS","M","?","?","?","?","$","?"],"items_purchased_type":["Card","Card","Card","Card","Relic","Relic"],"build_version":"2020-11-30","purchased_purges":0,"victory":false,"max_hp_per_floor":[66,66,66,66,66,66,66,66,66,66,66,66,66,66,66,66,66,67,67,67,46,46,46,46,46,46,47,47,47,47,47,47,47,47,47,47,47,41,38,38,38,38],"card_choices":[{"not_picked":["animator:YachiyoNanami","animator:YaoHaDucy"],"picked":"animator:Darkness","floor":1.0},{"not_picked":["animator:Sonic","animator:Azekura"],"picked":"animator:Shichika","floor":4.0},{"not_picked":["animator:Layla","animator:Rimuru"],"picked":"animator:HighElfArcher","floor":6},{"not_picked":["animator:Gilgamesh","animator:MadokaKaname"],"picked":"animator:HomuraAkemi","floor":16},{"not_picked":["animator:YunYun","animator:Kazuma"],"picked":"animator:Megumin","floor":18},{"not_picked":["animator:Lu","animator:HighElfArcher"],"picked":"animator:Darkness","floor":19},{"not_picked":["animator:YunYun","animator:Elsword"],"picked":"animator:Kazuma","floor":22},{"not_picked":["animator:AcuraShin","animator:Megumin"],"picked":"animator:Verdia+1","floor":27},{"not_picked":["animator:LeleiLaLalena","animator:TukaLunaMarceau"],"picked":"animator:Arpeggio","floor":29},{"not_picked":["animator:Lancer","animator:Viivi"],"picked":"animator:Mitsurugi","floor":30},{"not_picked":["animator:FeridBathory","animator:MadokaKaname"],"picked":"animator:HigakiRinne","floor":33},{"not_picked":["animator:Azekura+1","animator:DolaCouronne+1"],"picked":"animator:Sonic","floor":35},{"not_picked":["animator:Rena","animator:Kaijin+1"],"picked":"animator:Verdia","floor":37}],"player_experience":86322,"relics_obtained":[{"floor":2.0,"key":"Ring of Hypnosis"},{"floor":2.0,"key":"Ring of Greed"},{"floor":2.0,"key":"Blue Doll"},{"floor":2.0,"key":"The Courier"},{"floor":6,"key":"Gremlin Food"},{"floor":9,"key":"Lantern"},{"floor":26,"key":"Bag of Marbles"},{"floor":37,"key":"Prayer Wheel"}],"event_choices":[{"damage_healed":0.0,"max_hp_gain":0.0,"max_hp_loss":0.0,"gold_gain":0.0,"event_name":"Lab","player_choice":"Got Potions","floor":3.0,"gold_loss":0.0,"damage_taken":0.0},{"damage_healed":0,"gold_gain":0,"player_choice":"Success","damage_taken":25,"relics_obtained":["Simple Rune"],"max_hp_gain":0,"max_hp_loss":0,"event_name":"Scrap Ooze","floor":11,"gold_loss":0},{"damage_healed":16,"gold_gain":0,"player_choice":"Healed and dodged fight","damage_taken":0,"max_hp_gain":0,"max_hp_loss":0,"event_name":"Mushrooms","floor":12,"gold_loss":0,"cards_obtained":["Parasite"]},{"damage_healed":0,"gold_gain":0,"player_choice":"Became a vampire","damage_taken":0,"max_hp_gain":0,"max_hp_loss":21,"event_name":"Vampires","floor":21,"gold_loss":0,"cards_obtained":["Bite","Bite","Bite","Bite","Bite"]},{"damage_healed":0,"gold_gain":0,"player_choice":"Inject Mutagens","damage_taken":0,"relics_obtained":["MutagenicStrength"],"max_hp_gain":0,"max_hp_loss":0,"event_name":"Drug Dealer","floor":24,"gold_loss":0},{"cards_removed":["ReplayTheSpireMod:Restless Dread"],"damage_healed":0,"gold_gain":0,"player_choice":"Removed","damage_taken":0,"max_hp_gain":0,"max_hp_loss":0,"event_name":"The Cursed Forest","floor":31,"gold_loss":0},{"cards_removed":["Doubt"],"damage_healed":0,"gold_gain":0,"player_choice":"Removed","damage_taken":0,"max_hp_gain":0,"max_hp_loss":0,"event_name":"The Cursed Forest","floor":31,"gold_loss":0},{"damage_healed":0,"gold_gain":0,"player_choice":"Ignored","damage_taken":0,"max_hp_gain":0,"max_hp_loss":0,"event_name":"Mysterious Sphere","floor":36,"gold_loss":0},{"damage_healed":0,"gold_gain":0,"player_choice":"Fight","damage_taken":0,"max_hp_gain":0,"max_hp_loss":0,"event_name":"MindBloom","floor":37,"gold_loss":0},{"damage_healed":41,"gold_gain":0,"player_choice":"Heal","damage_taken":0,"max_hp_gain":0,"max_hp_loss":6,"event_name":"The Moai Head","floor":38,"gold_loss":0},{"cards_removed":["Parasite"],"damage_healed":0,"gold_gain":0,"player_choice":"Removed","damage_taken":0,"max_hp_gain":0,"max_hp_loss":0,"event_name":"The Cursed Forest","floor":39,"gold_loss":0},{"cards_removed":["ReplayTheSpireMod:Restless Dread"],"damage_healed":0,"gold_gain":0,"player_choice":"Removed","damage_taken":0,"max_hp_gain":0,"max_hp_loss":0,"event_name":"The Cursed Forest","floor":39,"gold_loss":0}],"is_beta":false,"boss_relics":[{"not_picked":["animator:HolyGrailRelic","animator:VividPicture"],"picked":"Cursed Key"},{"not_picked":["Replay:Wanted Poster","Painkiller Herb"],"picked":"Snecko Heart"}],"items_purged_floors":[],"is_endless":false,"potions_floor_spawned":[1,4,27,30,33,35],"killed_by":"3 Shapes","ascension_level":0}}