{"host":"h6fxguf8sfpbpxj4","time":1607739377,"event":{"mods":["BaseMod","Colored Map","Minty Spire (QoL Compilation)","Relic Stats","StSLib","The Bug Knight","The Hayseed"],"gold_per_floor":[114,18,33,48,48,48,76,76,76,76,86,96,129,204,204,305,305,322,237,2,17,28,28,54,54,54,84,84,104,104,104],"floor_reached":30,"playtime":2490,"items_purged":[],"score":292,"play_id":"c68d27ea-c697-43b8-b26e-79d7f908ef25","local_time":"20201211211617","is_ascension_mode":true,"campfire_choices":[{"data":"HollowMod:FocusHealStart","floor":6,"key":"SMITH"},{"data":"HollowMod:BrokenVessel","floor":8,"key":"SMITH"},{"data":"HollowMod:InfectedCysts","floor":10,"key":"SMITH"},{"floor":15,"key":"REST"},{"data":"HollowMod:MothsMistake","floor":23,"key":"SMITH"},{"data":"HollowMod:LifebloodCocoon","floor":25,"key":"SMITH"},{"data":"HollowMod:Weaversong","floor":28,"key":"SMITH"}],"circlet_count":0,"master_deck":["HollowMod:NailStrikeStart","HollowMod:NailStrikeStart","HollowMod:NailStrikeStart","HollowMod:QuickDashStart+1","HollowMod:QuickDashStart","HollowMod:QuickDashStart","HollowMod:FocusHealStart+1","HollowMod:PogoStrike","HollowMod:BrokenVessel+1","HollowMod:DashSlash","HollowMod:InfectedAttack","HollowMod:CycloneSlash","HollowMod:InfectedCysts+1","HollowMod:BrokenVessel","HollowMod:DashSlash","HollowMod:ZotesMagnificence","HollowMod:SlysStrikes","HollowMod:SiblingsSouls+1","HollowMod:SoulStrike+1","HollowMod:SiblingsSouls+1","HollowMod:DashSlash","HollowMod:LifebloodCocoon+1","HollowMod:CoiledNail","HollowMod:CycloneSlash+1","HollowMod:MothsMistake+1","HollowMod:Weaversong+1","HollowMod:DoubleDash"],"relics":["Snecko Eye","Bottled Tornado","The Courier","War Paint","Astrolabe","Mercury Hourglass","Happy Flower","HollowMod:LifeEnderRelic","HollowMod:StagPassRelic"],"acts_visited":["Exordium","TheCity"],"potions_floor_usage":[16,24,27,27,29,29,30,30],"damage_taken":[{"damage":3,"enemies":"Jaw Worm","floor":1,"turns":4},{"damage":1,"enemies":"Cultist","floor":3,"turns":3},{"damage":0,"enemies":"2 Louse","floor":4,"turns":2},{"damage":28,"enemies":"Gremlin Nob","floor":7,"turns":4},{"damage":3,"enemies":"2 Fungi Beasts","floor":11,"turns":2},{"damage":4,"enemies":"Exordium Wildlife","floor":12,"turns":6},{"damage":14,"enemies":"HollowMod:MossKnight","floor":13,"turns":5},{"damage":43,"enemies":"Hexaghost","floor":16,"turns":9},{"damage":22,"enemies":"2 Thieves","floor":18,"turns":2},{"damage":0,"enemies":"Shell Parasite","floor":21,"turns":3},{"damage":3,"enemies":"Snecko","floor":22,"turns":3},{"damage":26,"enemies":"Gremlin Leader","floor":24,"turns":5},{"damage":50,"enemies":"Slavers","floor":27,"turns":3},{"damage":19,"enemies":"Shelled Parasite and Fungi","floor":29,"turns":3},{"damage":28,"enemies":"HollowMod:Nosk","floor":30,"turns":3}],"seed_played":"5589151557281721752","potions_obtained":[{"floor":4,"key":"LiquidMemories"},{"floor":7,"key":"Weak Potion"},{"floor":11,"key":"EntropicBrew"},{"floor":13,"key":"Energy Potion"},{"floor":24,"key":"FairyPotion"},{"floor":29,"key":"AttackPotion"}],"is_trial":false,"path_per_floor":["M","$","M","M","?","R","E","R","T","R","M","M","E","?","R","B",null,"M","?","$","M","M","R","E","R","T","E","R","M","E"],"character_chosen":"THE_BUGKNIGHT","items_purchased":["HollowMod:BrokenVessel","HollowMod:DashSlash","HollowMod:LifebloodCocoon","Happy Flower","HollowMod:CoiledNail","AttackPotion"],"campfire_rested":1,"item_purchase_floors":[2,2,20,20,20,20],"current_hp_per_floor":[72,72,71,71,64,64,36,36,36,36,39,45,37,26,48,15,75,53,53,53,59,62,62,42,42,42,28,28,15,0,0],"gold":104,"neow_bonus":"BOSS_RELIC","is_daily":false,"chose_seed":false,"campfire_upgraded":6,"win_rate":0.0,"timestamp":1607739377,"path_taken":["M","$","M","M","?","R","E","R","T","R","?","M","E","?","R","BOSS","M","?","$","M","M","R","E","R","T","E","R","M","E"],"items_purchased_type":["Card","Card","Card","Relic","Card","Potion"],"build_version":"2020-11-30","purchased_purges":0,"victory":false,"max_hp_per_floor":[75,75,75,75,75,75,75,75,75,75,75,75,75,75,75,75,75,75,75,75,75,75,75,75,75,75,75,75,75,75,75],"relic_stats":{"Happy Flower":[6],"counters":[15,57],"Astrolabe":["HollowMod:SiblingsSouls","HollowMod:SoulStrike","HollowMod:SiblingsSouls"],"Snecko Eye":[135,114,124,96],"War Paint":["HollowMod:ShadowDash","HollowMod:QuickDashStart"],"obtain_stats":[{"HollowMod:LifeEnderRelic":24,"Happy Flower":20,"Astrolabe":17,"Snecko Eye":0,"HollowMod:VesselMask":0,"The Courier":9,"Bottled Tornado":7,"War Paint":13,"HollowMod:StagPassRelic":27,"Mercury Hourglass":19},{"HollowMod:LifeEnderRelic":12,"Happy Flower":9,"Astrolabe":8,"Snecko Eye":0,"HollowMod:VesselMask":0,"The Courier":4,"Bottled Tornado":4,"War Paint":7,"HollowMod:StagPassRelic":13,"Mercury Hourglass":9},{"HollowMod:LifeEnderRelic":48,"Happy Flower":37,"Astrolabe":35,"Snecko Eye":0,"HollowMod:VesselMask":0,"The Courier":13,"Bottled Tornado":13,"War Paint":26,"HollowMod:StagPassRelic":51,"Mercury Hourglass":37}],"Mercury Hourglass":[84]},"card_choices":[{"not_picked":["HollowMod:SoulStrike","HollowMod:NewLittleFool"],"picked":"HollowMod:ShadowDash","floor":1},{"not_picked":["HollowMod:DescendingDark","HollowMod:HuntersJournal"],"picked":"HollowMod:InfectedAttack","floor":3},{"not_picked":["HollowMod:LifebloodCocoon","HollowMod:SharpenedNail"],"picked":"HollowMod:CycloneSlash","floor":4},{"not_picked":["HollowMod:FallenFury","HollowMod:Grubsong"],"picked":"HollowMod:InfectedCysts","floor":7},{"not_picked":["HollowMod:ChannelNail","HollowMod:VengefulVoid"],"picked":"HollowMod:BrokenVessel","floor":11},{"not_picked":["HollowMod:ShadowDash","HollowMod:SoulStrike"],"picked":"HollowMod:DashSlash","floor":12},{"not_picked":["HollowMod:GoodIntentions","HollowMod:CloakDash"],"picked":"HollowMod:ZotesMagnificence","floor":13},{"not_picked":["HollowMod:HornetsHelp","HollowMod:LifebloodCore"],"picked":"HollowMod:SlysStrikes","floor":16},{"not_picked":["HollowMod:NewLittleFool+1","HollowMod:QuirrelsAssistance"],"picked":"HollowMod:DashSlash","floor":18},{"not_picked":["HollowMod:CornifersMapStart+1","HollowMod:BaldurShell"],"picked":"HollowMod:CycloneSlash+1","floor":21},{"not_picked":["HollowMod:DashSlash+1","HollowMod:SiblingsShadow"],"picked":"HollowMod:MothsMistake","floor":22},{"not_picked":["HollowMod:VengefulSpirit","HollowMod:SharpenedNail","HollowMod:SoulStrike"],"picked":"SKIP","floor":24},{"not_picked":["HollowMod:SoulVessel","HollowMod:MawleksShell+1"],"picked":"HollowMod:Weaversong","floor":27},{"not_picked":["HollowMod:DashSlash","HollowMod:InfectedCysts"],"picked":"HollowMod:DoubleDash","floor":29}],"player_experience":547526,"relics_obtained":[{"floor":7,"key":"Bottled Tornado"},{"floor":9,"key":"The Courier"},{"floor":13,"key":"War Paint"},{"floor":24,"key":"HollowMod:LifeEnderRelic"},{"floor":27,"key":"HollowMod:StagPassRelic"}],"event_choices":[{"damage_healed":0,"gold_gain":0,"player_choice":"Damaged","damage_taken":7,"max_hp_gain":0,"max_hp_loss":0,"event_name":"Wheel of Change","floor":5,"gold_loss":0},{"damage_healed":0,"gold_gain":75,"player_choice":"Gather Gold","damage_taken":11,"max_hp_gain":0,"max_hp_loss":0,"event_name":"World of Goop","floor":14,"gold_loss":0},{"damage_healed":0,"gold_gain":0,"player_choice":"Obtained Relic","damage_taken":0,"relics_obtained":["Mercury Hourglass"],"max_hp_gain":0,"max_hp_loss":0,"event_name":"Addict","floor":19,"gold_loss":85}],"is_beta":false,"boss_relics":[{"not_picked":["Ectoplasm","Empty Cage"],"picked":"Astrolabe"}],"items_purged_floors":[],"is_endless":false,"potions_floor_spawned":[4,7,11,13,21,24,29],"killed_by":"HollowMod:Nosk","ascension_level":1}}