{"host":"cmxkjr0hek4mqvmn","time":1607734466,"event":{"mods":["BaseMod","Beaked The Cultist","Better Match","Better Skull","Better Third Choice","BetterRewards","Clawfect","Colored Map","Displayed Cursed Tome","Duelist Mod","GifTheSpireLib","Hermit","Hubris","JesterMod","Mimic Mod","Minty Spire (QoL Compilation)","Quick Restart","Robot Space Explorer","StSLib","The Bladedancer","The Blue Laboratory","The Cursed","Thieving Mod","Waifu the Spire"],"gold_per_floor":[112,122,122,142,154,154,154,179,179,197,210,236,248,60,60,158,158,168,168,186,186,198,198,225,225,225,25,25,44,71,71,71,173,173,187,205,19,38,38,70,70,100,132,143,158,31,0,20,20,20,20,20,20,46,46],"floor_reached":56,"playtime":5294,"items_purged":[],"score":1334,"play_id":"6331624a-3b22-4bcb-915d-64c7b121a9be","local_time":"20201211195426","is_ascension_mode":false,"campfire_choices":[{"data":"Static Discharge","floor":6.0,"key":"SMITH"},{"floor":15.0,"key":"REST"},{"floor":23.0,"key":"RECALL"},{"floor":25.0,"key":"DIG"},{"floor":32.0,"key":"REST"},{"floor":41.0,"key":"REST"},{"floor":49.0,"key":"DIG"},{"floor":52.0,"key":"DIG"}],"circlet_count":0,"master_deck":["Gash+1","Gash","Gash","Gash","Gash","Defend_B","Defend_B","Defend_B","Defend_B","Defend_B","Genetic Algorithm+1","Clawfect:ClawLightning","Static Discharge+1","Clawfect:ClawSnap","BootSequence","Undo","Fusion","Clawfect:ClawForTheEyes","Hello World","Defragment","Machine Learning","hubris:Ukulele","Auto Shields+1","Clawfect:ClawAndTear","Clawfect:ClawAndGloom","Machine Learning","Clawfect:Clawrage","Clawfect:ClawForTheEyes+1","BootSequence","Clawfect:ClawForOne","Stack","Auto Shields","Apotheosis","Chaos+1","Clawfect:ClawLightning","Clawfect:ClawSnap+1","BootSequence+1","Loop","Parasite","Clawfect:ClawCell","Conserve Battery+1","Clawfect:ClawSnap"],"relics":["Clawfect:DRClaw","hubris:Icosahedron","Boot","hubris:SlimyHat","Unceasing Top","Cauldron","Fusion Hammer","hubris:Towel","Shovel","Toy Ornithopter","Strange Spoon","MealTicket","Oddly Smooth Stone","Bag of Preparation","Bottled Flame","hubris:BallOfYels","DataDisk","Calipers","Turnip","Red Mask","Gremlin Horn","Symbiotic Virus","hubris:MysteriousPyramids"],"acts_visited":["Exordium","TheCity","TheBeyond","TheEnding"],"potions_floor_usage":[],"damage_taken":[{"damage":1.0,"enemies":"2 Louse","floor":1.0,"turns":4.0},{"damage":5.0,"enemies":"Jaw Worm","floor":2.0,"turns":5.0},{"damage":0.0,"enemies":"Cultist","floor":4.0,"turns":4.0},{"damage":4.0,"enemies":"Blue Slaver","floor":5.0,"turns":4.0},{"damage":7.0,"enemies":"3 Sentries","floor":8.0,"turns":5.0},{"damage":13.0,"enemies":"Gremlin Gang","floor":10.0,"turns":4.0},{"damage":12.0,"enemies":"Exordium Thugs","floor":11.0,"turns":4.0},{"damage":30.0,"enemies":"Gremlin Nob","floor":12.0,"turns":5.0},{"damage":0.0,"enemies":"Looter","floor":13.0,"turns":3.0},{"damage":6.0,"enemies":"The Guardian","floor":16.0,"turns":10.0},{"damage":0.0,"enemies":"Shell Parasite","floor":18.0,"turns":5.0},{"damage":0.0,"enemies":"Spheric Guardian","floor":20.0,"turns":5.0},{"damage":0.0,"enemies":"Cultist and Chosen","floor":22.0,"turns":6.0},{"damage":7.0,"enemies":"theDuelist:KaibaA2","floor":24.0,"turns":5.0},{"damage":7.0,"enemies":"Centurion and Healer","floor":29.0,"turns":4.0},{"damage":16.0,"enemies":"Slavers","floor":30.0,"turns":4.0},{"damage":0.0,"enemies":"Automaton","floor":33.0,"turns":6.0},{"damage":5.0,"enemies":"3 Darklings","floor":35.0,"turns":4.0},{"damage":12.0,"enemies":"3 Shapes","floor":36.0,"turns":5.0},{"damage":0.0,"enemies":"Maw","floor":38.0,"turns":4.0},{"damage":52.0,"enemies":"Reptomancer","floor":40.0,"turns":4.0},{"damage":1.0,"enemies":"Giant Head","floor":42.0,"turns":4.0},{"damage":0.0,"enemies":"3 Darklings","floor":43.0,"turns":7.0},{"damage":0.0,"enemies":"3 Darklings","floor":44.0,"turns":5.0},{"damage":0.0,"enemies":"Writhing Mass","floor":45.0,"turns":4.0},{"damage":2.0,"enemies":"Jaw Worm Horde","floor":48.0,"turns":4.0},{"damage":4.0,"enemies":"Awakened One","floor":50.0,"turns":8.0},{"damage":0,"enemies":"Shield and Spear","floor":54,"turns":5},{"damage":28,"enemies":"The Heart","floor":55,"turns":6}],"seed_played":"-2619921568034214025","potions_obtained":[{"floor":2.0,"key":"BlessingOfTheForge"},{"floor":4.0,"key":"blueLaboratory:AbyssPotion"},{"floor":5.0,"key":"EntropicBrew"},{"floor":14.0,"key":"SteroidPotion"},{"floor":14.0,"key":"blueLaboratory:RecallPotion"},{"floor":14.0,"key":"PowerPotion"},{"floor":16.0,"key":"LiquidBronze"},{"floor":22.0,"key":"blueLaboratory:BubblePotion"},{"floor":24.0,"key":"blueLaboratory:TrueEctoplasm"},{"floor":29.0,"key":"blueLaboratory:BottleOfRum"},{"floor":30.0,"key":"blueLaboratory:FrostheartPotion"},{"floor":31.0,"key":"PotionOfCapacity"},{"floor":31.0,"key":"SkillPotion"},{"floor":36.0,"key":"blueLaboratory:FrostheartPotion"},{"floor":38.0,"key":"blueLaboratory:PyrophylliteBrew"},{"floor":44.0,"key":"AttackPotion"},{"floor":48.0,"key":"blueLaboratory:Moonshine"}],"is_trial":false,"path_per_floor":["M","M","?","M","M","R","?","E","T","M","M","E","M","$","R","B",null,"M","?","M","?","M","R","E","R","T","$","?","M","E","?","R","B",null,"M","M","$","M","?","E","R","E","MIM","M","M","$","?","M","R","B",null,"R","$","E","B",null],"character_chosen":"DEFECT","items_purchased":["Defragment","Cauldron","Strange Spoon","Clawfect:Clawrage","Apotheosis","blueLaboratory:FruitPunch","blueLaboratory:EnragingPotion"],"campfire_rested":3,"item_purchase_floors":[14,14,27,27,37,46,46],"current_hp_per_floor":[74,69,69,69,65,65,65,58,58,45,33,3,3,3,25,19,75,75,75,75,75,75,75,68,68,68,68,16,14,13,13,35,35,75,70,63,75,75,71,19,40,49,49,49,54,69,69,67,67,69,73,73,73,73,45],"gold":46,"neow_bonus":"UPGRADE_CARD","is_daily":false,"chose_seed":false,"campfire_upgraded":1,"win_rate":0.0,"timestamp":1607734466,"path_taken":["M","M","?","M","M","R","?","E","T","M","M","E","M","$","R","BOSS","M","?","M","?","M","R","E","R","T","$","?","?","E","?","R","BOSS","M","?","$","M","?","E","R","E","MIM","M","M","$","?","M","R","BOSS","R","$","E","BOSS"],"items_purchased_type":["Card","Relic","Relic","Card","Card","Potion","Potion"],"build_version":"2020-11-30","purchased_purges":0,"victory":true,"max_hp_per_floor":[75,75,75,75,75,75,75,75,75,75,75,75,75,75,75,75,75,75,75,75,75,75,75,75,75,75,75,75,75,75,75,75,75,75,75,75,75,75,71,71,71,71,71,71,71,71,71,71,71,73,73,73,73,73,73],"card_choices":[{"not_picked":["Clawfect:ScrapingClaw","Storm"],"picked":"Genetic Algorithm","floor":1.0},{"not_picked":["Coolheaded","Turbo"],"picked":"Clawfect:ClawLightning","floor":2.0},{"not_picked":["Hologram","Chill"],"picked":"Static Discharge","floor":4.0},{"not_picked":["Clawfect:ClawCell","Clawfect:ClawpileDriver"],"picked":"Clawfect:ClawSnap","floor":5.0},{"not_picked":["Reinforced Body","Recycle"],"picked":"BootSequence","floor":8.0},{"not_picked":["Thunder Strike","Leap"],"picked":"Undo","floor":10.0},{"not_picked":["Undo","Clawfect:ClawCell"],"picked":"Fusion","floor":11.0},{"not_picked":["Clawfect:ClawpileDriver","Hyperbeam"],"picked":"Clawfect:ClawForTheEyes","floor":12.0},{"not_picked":["Redo","Leap"],"picked":"Hello World","floor":13.0},{"not_picked":["Hyperbeam","Rainbow"],"picked":"Machine Learning","floor":16.0},{"not_picked":["Blizzard","Clawfect:ClawingBeam"],"picked":"hubris:Ukulele","floor":18.0},{"not_picked":["Clawfect:ClawCell","Blizzard"],"picked":"Auto Shields+1","floor":20.0},{"not_picked":["Coolheaded","Gash"],"picked":"Clawfect:ClawAndGloom","floor":22.0},{"not_picked":["Clawfect:ClawLightning","Redo+1"],"picked":"Machine Learning","floor":24.0},{"not_picked":["Coolheaded","Clawfect:ScrapingClaw+1"],"picked":"Clawfect:ClawForTheEyes+1","floor":29.0},{"not_picked":["Self Repair","Clawfect:ClawLightning"],"picked":"BootSequence","floor":30.0},{"not_picked":["Seek","Machine Learning"],"picked":"Clawfect:ClawForOne","floor":33.0},{"not_picked":["Gash+1","White Noise"],"picked":"Stack","floor":35.0},{"not_picked":["Recycle","Genetic Algorithm"],"picked":"Auto Shields","floor":36.0},{"not_picked":["Aggregate","Clawfect:Clawline+1"],"picked":"Chaos+1","floor":38.0},{"not_picked":["Clawfect:ClawCell","Redo+1"],"picked":"Clawfect:ClawLightning","floor":40.0},{"not_picked":["Double Energy","BootSequence+1"],"picked":"Clawfect:ClawSnap+1","floor":42.0},{"not_picked":["Clawfect:Clawrage","Leap"],"picked":"BootSequence+1","floor":43.0},{"not_picked":["Clawfect:ClawSnap","Clawfect:ClawLightning"],"picked":"Loop","floor":44.0},{"not_picked":["Consume+1","Static Discharge+1"],"picked":"Clawfect:ClawCell","floor":45.0},{"not_picked":["Auto Shields","Coolheaded"],"picked":"Conserve Battery+1","floor":48.0},{"not_picked":["Force Field","Chaos"],"picked":"Clawfect:ClawSnap","floor":54}],"player_experience":500869,"relics_obtained":[{"floor":8.0,"key":"Boot"},{"floor":9.0,"key":"hubris:SlimyHat"},{"floor":12.0,"key":"Unceasing Top"},{"floor":24.0,"key":"Shovel"},{"floor":25.0,"key":"Toy Ornithopter"},{"floor":30.0,"key":"Bottled Flame"},{"floor":40.0,"key":"hubris:BallOfYels"},{"floor":42.0,"key":"DataDisk"},{"floor":43.0,"key":"Calipers"},{"floor":43.0,"key":"Turnip"},{"floor":49.0,"key":"Gremlin Horn"},{"floor":52.0,"key":"Symbiotic Virus"},{"floor":54,"key":"hubris:MysteriousPyramids"}],"event_choices":[{"damage_healed":0.0,"max_hp_gain":0.0,"max_hp_loss":0.0,"gold_gain":0.0,"event_name":"The Library","player_choice":"Read","floor":21.0,"gold_loss":0.0,"damage_taken":0.0,"cards_obtained":["Clawfect:ClawAndTear"]},{"damage_healed":0.0,"max_hp_gain":0.0,"max_hp_loss":0.0,"gold_gain":0.0,"event_name":"betterSkull:BetterSkull","player_choice":"RE RE RE ","floor":28.0,"gold_loss":0.0,"damage_taken":58.0,"cards_upgraded":[],"relics_obtained":["MealTicket","Oddly Smooth Stone","Bag of Preparation"]},{"damage_healed":0.0,"max_hp_gain":0.0,"max_hp_loss":0.0,"gold_gain":0.0,"event_name":"Lab","player_choice":"Got Potions","floor":31.0,"gold_loss":0.0,"damage_taken":0.0},{"damage_healed":0.0,"max_hp_gain":0.0,"max_hp_loss":4.0,"gold_gain":0.0,"event_name":"Winding Halls","player_choice":"Max HP","floor":39.0,"gold_loss":0.0,"damage_taken":0.0},{"damage_healed":0.0,"max_hp_gain":0.0,"max_hp_loss":0.0,"gold_gain":0.0,"event_name":"Tomb of Lord Red Mask","player_choice":"Paid","floor":47.0,"gold_loss":31.0,"damage_taken":0.0,"relics_obtained":["Red Mask"]}],"is_beta":false,"boss_relics":[{"not_picked":["Runic Dome","hubris:HollowSoul"],"picked":"Fusion Hammer"},{"not_picked":["hubris:CrackedHourglass","hubris:VirtuousBlindfold","hubris:BlackHole"]}],"items_purged_floors":[],"is_endless":false,"potions_floor_spawned":[2,4,5,10,16,22,24,29,30,36,38,44,48],"ascension_level":0}}