{"host":"agflykcedf93aoo8","time":1607796773,"event":{"mods":["BaseMod","Hermit","Minty Spire (QoL Compilation)","StSLib","Td1madao Mod","The Bug Knight","The Cursed","The Gatherer","The Hierophant","The Jungle","The Runesmith"],"gold_per_floor":[111,111,111,126,141,141,172,182,182,182,182,182,202,277,277,377,377,389,304,106,116,66,66,78,96,96,96,111,138,138,138,138,242,242,252,252,252,262,275,310,310,310,310,362,362,391,391,450,450,450,450,450,76,106,106,106,106],"floor_reached":55,"playtime":3565,"items_purged":["Gatherer:Strike_Gatherer","Gatherer:Strike_Gatherer"],"score":768,"play_id":"05af7a74-2ba2-48f8-a7be-15861e7c36e4","local_time":"20201213031253","is_ascension_mode":false,"metric_token":733,"campfire_choices":[{"data":"Gatherer:EnergyBasket","floor":6.0,"key":"SMITH"},{"data":"Gatherer:BomberForm","floor":10.0,"key":"SMITH"},{"floor":12.0,"key":"REST"},{"floor":15.0,"key":"REST"},{"data":"Gatherer:HeartToFruit","floor":23.0,"key":"SMITH"},{"data":"Gatherer:MindSearch","floor":30.0,"key":"SMITH"},{"floor":32.0,"key":"RECALL"},{"data":"Gatherer:BomberForm","floor":42.0,"key":"SMITH"},{"floor":45.0,"key":"REST"},{"data":"Gatherer:Centralize","floor":47.0,"key":"SMITH"},{"floor":49.0,"key":"REST"},{"data":"Gatherer:FlowerFalling+1","floor":52.0,"key":"SMITH"}],"circlet_count":0,"master_deck":["Gatherer:Strike_Gatherer","Gatherer:Strike_Gatherer","Gatherer:Strike_Gatherer","Gatherer:Defend_Gatherer","Gatherer:Defend_Gatherer","Gatherer:Defend_Gatherer","Gatherer:Defend_Gatherer","Gatherer:Defend_Gatherer","Gatherer:Centralize+1","Gatherer:FlowerWhip","Gatherer:BomberForm+1","Gatherer:OddSpoils+1","Gatherer:EnergyBasket+1","Gatherer:QuickSynthesis+1","Gatherer:HeartToFruit+1","Gatherer:MiningStrike+1","Gatherer:MindSearch+1","Gatherer:BomberForm+1","Gatherer:FlowerFalling+2","Gatherer:QuickSynthesis+1","Gatherer:EnergyBasket+1","Gatherer:MindSearch+1","Gatherer:Duplicator+1","Madness+1","Madness+1","Gatherer:GlowingPlant+1","Gatherer:Shadow+1","Gatherer:Light+1","Gatherer:FruitForce+1","Gatherer:GatherMaterial+1","Gatherer:FlowerPower"],"relics":["Gatherer:AlchemyBag","FaceOfCleric","Smiling Mask","Molten Egg 2","SacredBark","Gatherer:Leftovers","Toy Ornithopter","Toxic Egg 2","MutagenicStrength","Oddly Smooth Stone","Philosopher\u0027s Stone","InkBottle","Darkstone Periapt","Pocketwatch","MealTicket","Mummified Hand","HollowMod:StagPassRelic"],"acts_visited":["Exordium","TheCity","TheBeyond","TheEnding"],"potions_floor_usage":[],"damage_taken":[{"damage":9.0,"enemies":"Small Slimes","floor":1.0,"turns":4.0},{"damage":0.0,"enemies":"Cultist","floor":4.0,"turns":3.0},{"damage":13.0,"enemies":"Jaw Worm","floor":5.0,"turns":3.0},{"damage":11.0,"enemies":"Lagavulin","floor":7.0,"turns":5.0},{"damage":12.0,"enemies":"2 Fungi Beasts","floor":8.0,"turns":2.0},{"damage":7.0,"enemies":"Looter","floor":13.0,"turns":3.0},{"damage":25.0,"enemies":"Hexaghost","floor":16.0,"turns":7.0},{"damage":7.0,"enemies":"Shell Parasite","floor":18.0,"turns":3.0},{"damage":0.0,"enemies":"2 Thieves","floor":21.0,"turns":1.0},{"damage":4.0,"enemies":"3 Cultists","floor":24.0,"turns":4.0},{"damage":21.0,"enemies":"Snake Plant","floor":25.0,"turns":3.0},{"damage":1.0,"enemies":"Centurion and Healer","floor":28.0,"turns":2.0},{"damage":15.0,"enemies":"HollowMod:Nosk","floor":29.0,"turns":3.0},{"damage":12.0,"enemies":"Automaton","floor":33.0,"turns":3.0},{"damage":33.0,"enemies":"3 Darklings","floor":35.0,"turns":3.0},{"damage":0.0,"enemies":"Orb Walker","floor":38.0,"turns":1.0},{"damage":22.0,"enemies":"Jaw Worm Horde","floor":39.0,"turns":3.0},{"damage":1.0,"enemies":"Giant Head","floor":40.0,"turns":5.0},{"damage":0.0,"enemies":"2 Orb Walkers","floor":44.0,"turns":2.0},{"damage":14.0,"enemies":"HollowMod:StalkingDevout","floor":46.0,"turns":4.0},{"damage":0.0,"enemies":"4 Shapes","floor":48.0,"turns":2.0},{"damage":24.0,"enemies":"Time Eater","floor":50.0,"turns":3.0},{"damage":44.0,"enemies":"Shield and Spear","floor":54.0,"turns":3.0},{"damage":87,"enemies":"The Heart","floor":55,"turns":3}],"seed_played":"-362261356826675402","potions_obtained":[{"floor":1.0,"key":"SpeedPotion"},{"floor":4.0,"key":"GamblersBrew"},{"floor":13.0,"key":"PowerPotion"},{"floor":16.0,"key":"Explosive Potion"},{"floor":25.0,"key":"SkillPotion"},{"floor":29.0,"key":"Ancient Potion"},{"floor":40.0,"key":"GhostInAJar"},{"floor":46.0,"key":"ColorlessPotion"}],"is_trial":false,"path_per_floor":["M","$","?","M","M","R","E","M","T","R","?","R","M","?","R","B",null,"M","?","$","M","?","R","M","M","T","?","M","E","R","T","R","B",null,"M","?","?","M","M","E","?","R","T","?","R","E","R","M","R","B",null,"R","$","E","B"],"character_chosen":"THE_GATHERER","items_purchased":["Toy Ornithopter","Mummified Hand","Gatherer:FlowerPower"],"campfire_rested":4,"item_purchase_floors":[20,53,53],"current_hp_per_floor":[63,63,63,64,52,52,42,34,34,34,18,41,38,27,51,30,87,81,81,81,87,87,87,88,72,72,72,81,67,67,67,67,66,106,74,61,61,66,49,54,54,54,54,59,95,82,82,92,129,111,130,130,130,87,0,0,0],"gold":106,"neow_bonus":"ONE_RANDOM_RARE_CARD","is_daily":false,"chose_seed":false,"campfire_upgraded":7,"win_rate":0.0,"timestamp":1607796773,"path_taken":["M","$","?","?","M","R","E","?","T","R","?","R","M","?","R","BOSS","M","?","$","M","?","R","?","M","T","?","M","E","R","?","R","BOSS","M","?","?","M","?","E","?","R","T","?","R","E","R","M","R","BOSS","R","$","E","BOSS"],"items_purchased_type":["Relic","Relic","Card"],"build_version":"2020-11-30","purchased_purges":2,"victory":false,"max_hp_per_floor":[72,72,72,73,74,74,75,79,79,79,79,79,83,83,83,87,87,88,88,88,89,89,89,94,99,99,99,104,105,105,105,105,106,106,107,107,107,112,117,118,118,118,118,123,123,124,124,129,129,130,130,130,130,131,131,131,131],"card_choices":[{"not_picked":["Gatherer:FragileHammer","Gatherer:TreeGrowth"],"picked":"Gatherer:OddSpoils","floor":1.0},{"not_picked":["Gatherer:TreeGrowth","Gatherer:SealedBomb"],"picked":"Gatherer:EnergyBasket","floor":4.0},{"not_picked":["Gatherer:SmartManeuver","Gatherer:Nutrients"],"picked":"Gatherer:QuickSynthesis","floor":5.0},{"not_picked":["Gatherer:Liquidism","Gatherer:Snatch"],"picked":"Gatherer:HeartToFruit","floor":7.0},{"not_picked":["Gatherer:Convert","Gatherer:OddSpoils","Gatherer:Duality"],"picked":"SKIP","floor":8.0},{"not_picked":["Gatherer:Frenzy+1","Gatherer:Enchant"],"picked":"Gatherer:MiningStrike+1","floor":13.0},{"not_picked":["Gatherer:PoisonMastery","Gatherer:FinishingStrike+1"],"picked":"Gatherer:MindSearch","floor":16.0},{"not_picked":["Gatherer:Polymorphism+1","Gatherer:AromaProtection","Gatherer:PotentialSlash+1"],"picked":"SKIP","floor":18.0},{"not_picked":["Gatherer:AromaProtection","Gatherer:EchoOfNature+1","Gatherer:CarefulStrike+1"],"picked":"SKIP","floor":21.0},{"not_picked":["Gatherer:WoolGloves","Gatherer:BalancedGrowth"],"picked":"Gatherer:BomberForm","floor":24.0},{"not_picked":["Gatherer:FlowerShield","Gatherer:BambuSword+1"],"picked":"Gatherer:FlowerFalling+1","floor":25.0},{"not_picked":["Gatherer:Frenzy+1","Gatherer:FragileHammer+1"],"picked":"Gatherer:QuickSynthesis+1","floor":28.0},{"not_picked":["Gatherer:Duplicator+1","Gatherer:Snatch+1"],"picked":"Gatherer:EnergyBasket+1","floor":29.0},{"not_picked":["Gatherer:CursedBlade+1","Gatherer:StoneFence"],"picked":"Gatherer:MindSearch+1","floor":33.0},{"not_picked":["Gatherer:Convert+1","Gatherer:PotentialSlash+1"],"picked":"Gatherer:Duplicator+1","floor":35.0},{"not_picked":["Gatherer:BambuSword+1","Gatherer:AcidicSpray+1"],"picked":"Gatherer:GlowingPlant+1","floor":38.0},{"not_picked":["Gatherer:Frenzy+1","Gatherer:ScentOfRosmari+1"],"picked":"Gatherer:FruitForce+1","floor":39.0},{"not_picked":["Gatherer:FlowerShield+1","Gatherer:Nutrients+1","Gatherer:Frenzy+1"],"picked":"SKIP","floor":40.0},{"not_picked":["Gatherer:AlchemyTrial","Gatherer:Duality+1"],"picked":"Gatherer:GatherMaterial+1","floor":46.0},{"not_picked":["Gatherer:GatherMaterial+1","Gatherer:CursedBlade+1","Gatherer:AcidicSpray+1"],"picked":"SKIP","floor":48.0},{"not_picked":["Gatherer:Enchant+1","Gatherer:Transmute+1","Gatherer:WitheringStrike+1"],"picked":"SKIP","floor":54.0}],"player_experience":325159,"relics_obtained":[{"floor":7.0,"key":"Smiling Mask"},{"floor":9.0,"key":"Molten Egg 2"},{"floor":26.0,"key":"Toxic Egg 2"},{"floor":29.0,"key":"Oddly Smooth Stone"},{"floor":40.0,"key":"InkBottle"},{"floor":43.0,"key":"Darkstone Periapt"},{"floor":44.0,"key":"Pocketwatch"},{"floor":46.0,"key":"MealTicket"},{"floor":54.0,"key":"HollowMod:StagPassRelic"}],"event_choices":[{"damage_healed":0.0,"max_hp_gain":0.0,"max_hp_loss":0.0,"gold_gain":0.0,"event_name":"FaceTrader","player_choice":"Trade","floor":3.0,"gold_loss":0.0,"damage_taken":0.0,"relics_obtained":["FaceOfCleric"]},{"damage_healed":0.0,"max_hp_gain":0.0,"max_hp_loss":0.0,"gold_gain":0.0,"event_name":"Shining Light","player_choice":"Entered Light","floor":11.0,"gold_loss":0.0,"damage_taken":16.0,"cards_upgraded":["Gatherer:OddSpoils","Gatherer:QuickSynthesis"]},{"damage_healed":0.0,"max_hp_gain":0.0,"max_hp_loss":0.0,"gold_gain":75.0,"event_name":"World of Goop","player_choice":"Gather Gold","floor":14.0,"gold_loss":0.0,"damage_taken":11.0},{"damage_healed":0.0,"max_hp_gain":0.0,"max_hp_loss":0.0,"gold_gain":0.0,"event_name":"Addict","player_choice":"Obtained Relic","floor":19.0,"gold_loss":85.0,"damage_taken":0.0,"relics_obtained":["Gatherer:Leftovers"]},{"damage_healed":0.0,"max_hp_gain":0.0,"max_hp_loss":0.0,"gold_gain":0.0,"event_name":"The Joust","player_choice":"Bet on Owner","floor":22.0,"gold_loss":50.0,"damage_taken":0.0},{"damage_healed":0.0,"max_hp_gain":0.0,"max_hp_loss":0.0,"gold_gain":0.0,"event_name":"Drug Dealer","player_choice":"Inject Mutagens","floor":27.0,"gold_loss":0.0,"damage_taken":0.0,"relics_obtained":["MutagenicStrength"]},{"damage_healed":0.0,"max_hp_gain":0.0,"max_hp_loss":0.0,"gold_gain":0.0,"event_name":"Winding Halls","player_choice":"Embrace Madness","floor":36.0,"gold_loss":0.0,"damage_taken":13.0,"cards_obtained":["Madness","Madness"]},{"damage_healed":0.0,"max_hp_gain":0.0,"max_hp_loss":0.0,"gold_gain":0.0,"event_name":"Match and Keep!","player_choice":"0 cards matched","floor":37.0,"gold_loss":0.0,"damage_taken":0.0,"cards_obtained":[]},{"damage_healed":0.0,"max_hp_gain":0.0,"max_hp_loss":0.0,"gold_gain":0.0,"event_name":"The Moai Head","player_choice":"Ignored","floor":41.0,"gold_loss":0.0,"damage_taken":0.0},{"damage_healed":0.0,"max_hp_gain":0.0,"max_hp_loss":0.0,"gold_gain":0.0,"event_name":"Mysterious Sphere","player_choice":"Fight","floor":44.0,"gold_loss":0.0,"damage_taken":0.0}],"is_beta":false,"boss_relics":[{"not_picked":["Runic Dome","Calling Bell"],"picked":"SacredBark"},{"not_picked":["Astrolabe","Runic Pyramid"],"picked":"Philosopher\u0027s Stone"}],"items_purged_floors":[20,53],"is_endless":false,"potions_floor_spawned":[1,4,13,16,25,29,40,46],"killed_by":"The Heart","ascension_level":0}}