{"host":"BK","time":1607747842,"event":{"mods":["BaseMod","Highlight Path","Minty Spire (QoL Compilation)","StSLib"],"gold_per_floor":[118,128,128,147,162,162,197,212,212,225,254,266,266,283,283,357,357,368,368,380,91,110,135,135,147,147,163,163,178,178,228,228,228,228],"floor_reached":33,"playtime":2292,"items_purged":["Strike_R"],"score":641,"play_id":"8a2e65de-0e0e-4572-88eb-0e94cbefeb52","local_time":"20201211213722","is_ascension_mode":true,"campfire_choices":[{"data":"Carnage","floor":6,"key":"SMITH"},{"floor":15,"key":"REST"},{"floor":24,"key":"DIG"},{"floor":28,"key":"REST"},{"floor":30,"key":"DIG"},{"floor":32,"key":"REST"}],"circlet_count":0,"master_deck":["AscendersBane","Strike_R","Strike_R","Strike_R","Defend_R","Defend_R","Defend_R","Defend_R","Bash","Carnage+1","Pommel Strike","Iron Wave","Flame Barrier","Shockwave+1","Metallicize","Burning Pact","Battle Trance","Armaments"],"relics":["Philosopher\u0027s Stone","Singing Bowl","Kunai","Bag of Preparation","SacredBark","Lantern","Shovel","Centennial Puzzle","White Beast Statue","Darkstone Periapt"],"acts_visited":["Exordium","TheCity"],"potions_floor_usage":[11,23,23,23,23,27,33],"damage_taken":[{"damage":8,"enemies":"Jaw Worm","floor":1,"turns":3},{"damage":6,"enemies":"Small Slimes","floor":2,"turns":2},{"damage":4,"enemies":"2 Louse","floor":4,"turns":2},{"damage":5,"enemies":"Red Slaver","floor":5,"turns":3},{"damage":21,"enemies":"3 Sentries","floor":7,"turns":8},{"damage":2,"enemies":"2 Fungi Beasts","floor":8,"turns":3},{"damage":9,"enemies":"Blue Slaver","floor":10,"turns":3},{"damage":3,"enemies":"Lagavulin","floor":11,"turns":4},{"damage":9,"enemies":"Exordium Thugs","floor":12,"turns":4},{"damage":7,"enemies":"Lots of Slimes","floor":14,"turns":4},{"damage":28,"enemies":"Slime Boss","floor":16,"turns":7},{"damage":11,"enemies":"Chosen","floor":18,"turns":7},{"damage":23,"enemies":"Spheric Guardian","floor":20,"turns":5},{"damage":11,"enemies":"3 Cultists","floor":22,"turns":5},{"damage":0,"enemies":"Gremlin Leader","floor":23,"turns":9},{"damage":8,"enemies":"Snake Plant","floor":25,"turns":5},{"damage":0,"enemies":"Centurion and Healer","floor":27,"turns":6},{"damage":20,"enemies":"Cultist and Chosen","floor":29,"turns":5},{"damage":118,"enemies":"Automaton","floor":33,"turns":12}],"seed_played":"-996908544398189694","potions_obtained":[{"floor":4,"key":"Energy Potion"},{"floor":5,"key":"HeartOfIron"},{"floor":10,"key":"Fruit Juice"},{"floor":11,"key":"EntropicBrew"},{"floor":23,"key":"PowerPotion"},{"floor":25,"key":"Energy Potion"},{"floor":27,"key":"Swift Potion"}],"is_trial":false,"path_per_floor":["M","M","?","M","M","R","E","M","T","M","E","M","?","M","R","B",null,"M","?","M","$","M","E","R","M","T","M","R","M","R","?","R","B"],"character_chosen":"IRONCLAD","items_purchased":["Lantern","Armaments"],"campfire_rested":3,"item_purchase_floors":[21,21],"current_hp_per_floor":[60,54,59,55,50,50,31,29,29,20,22,15,15,8,34,8,70,61,61,38,38,29,31,31,25,25,27,57,39,39,39,69,0,0],"gold":228,"neow_bonus":"BOSS_RELIC","is_daily":false,"chose_seed":false,"campfire_upgraded":1,"win_rate":0.0,"timestamp":1607747842,"path_taken":["M","M","?","M","M","R","E","M","T","M","E","M","?","M","R","BOSS","M","?","M","$","?","E","R","M","T","M","R","M","R","?","R","BOSS"],"items_purchased_type":["Relic","Card"],"build_version":"2020-12-07","purchased_purges":1,"victory":false,"max_hp_per_floor":[75,75,80,80,80,80,82,82,82,82,87,89,89,89,89,91,91,93,93,93,93,95,97,97,99,99,101,101,103,103,103,103,103,103],"card_choices":[{"not_picked":["Twin Strike","Clash"],"picked":"Carnage","floor":1},{"not_picked":["Armaments","Sword Boomerang"],"picked":"Pommel Strike","floor":2},{"not_picked":["Sword Boomerang","True Grit"],"picked":"Iron Wave","floor":4},{"not_picked":["Fiend Fire","Havoc","Feel No Pain"],"picked":"SKIP","floor":5},{"not_picked":["Twin Strike","Searing Blow","Disarm"],"picked":"Singing Bowl","floor":7},{"not_picked":["Heavy Blade","Havoc"],"picked":"Flame Barrier","floor":8},{"not_picked":["Thunderclap","Twin Strike"],"picked":"Shockwave","floor":10},{"not_picked":["Demon Form","Warcry"],"picked":"Metallicize","floor":11},{"not_picked":["Hemokinesis","Heavy Blade","Warcry"],"picked":"Singing Bowl","floor":12},{"not_picked":["Wild Strike","Armaments"],"picked":"Burning Pact","floor":14},{"not_picked":["Exhume","Bludgeon","Fiend Fire"],"picked":"Singing Bowl","floor":16},{"not_picked":["Anger","Feel No Pain","Flex+1"],"picked":"Singing Bowl","floor":18},{"not_picked":["Body Slam","Perfected Strike"],"picked":"Battle Trance","floor":20},{"not_picked":["Anger","Heavy Blade+1","Wild Strike"],"picked":"Singing Bowl","floor":22},{"not_picked":["Rampage","Dark Embrace","Battle Trance"],"picked":"Singing Bowl","floor":23},{"not_picked":["Perfected Strike","Headbutt","Shrug It Off"],"picked":"Singing Bowl","floor":25},{"not_picked":["Rampage","Sword Boomerang","Body Slam"],"picked":"Singing Bowl","floor":27},{"not_picked":["Blood for Blood","Limit Break","True Grit"],"picked":"Singing Bowl","floor":29}],"player_experience":2353255,"relics_obtained":[{"floor":7,"key":"Singing Bowl"},{"floor":9,"key":"Kunai"},{"floor":11,"key":"Bag of Preparation"},{"floor":23,"key":"Shovel"},{"floor":24,"key":"Centennial Puzzle"},{"floor":26,"key":"White Beast Statue"},{"floor":30,"key":"Darkstone Periapt"}],"event_choices":[{"damage_healed":0,"gold_gain":0,"player_choice":"Donut","damage_taken":0,"max_hp_gain":5,"max_hp_loss":0,"event_name":"Big Fish","floor":3,"gold_loss":0},{"damage_healed":0,"gold_gain":0,"player_choice":"Grow","damage_taken":0,"max_hp_gain":0,"max_hp_loss":0,"event_name":"Living Wall","floor":13,"gold_loss":0,"cards_upgraded":["Shockwave"]},{"cards_removed":["Strike_R"],"damage_healed":0,"gold_gain":0,"player_choice":"Offered Basic","damage_taken":0,"max_hp_gain":0,"max_hp_loss":0,"event_name":"Bonfire Elementals","floor":19,"gold_loss":0},{"damage_healed":0,"gold_gain":50,"player_choice":"Stole From Cult","damage_taken":0,"max_hp_gain":0,"max_hp_loss":0,"event_name":"Nest","floor":31,"gold_loss":0}],"is_beta":true,"boss_relics":[{"not_picked":["Ectoplasm","SlaversCollar"],"picked":"SacredBark"}],"items_purged_floors":[21],"is_endless":false,"potions_floor_spawned":[4,5,8,10,11,16,22,23,25,27,29],"killed_by":"Automaton","ascension_level":20}}