{"host":"ve9aztkoyqeblvav","time":1607782711,"event":{"mods":["Act Like it!","BaseMod","Colored Map","Colored Powertips","Highlight Path","Minty Spire (QoL Compilation)","Quick Restart","StSLib","The Hierophant","Waifu the Spire"],"gold_per_floor":[115,115,40,59,70,70,70,70,70,41,41,41,41,37,37,37,37],"floor_reached":16,"playtime":295,"items_purged":["hierophant:Defend_Hierophant"],"score":180,"play_id":"e9061073-9999-437e-b425-cb4ef3253794","local_time":"20201212221831","is_ascension_mode":true,"campfire_choices":[{"data":"hierophant:ChurchCoffers","floor":6.0,"key":"SMITH"},{"data":"hierophant:Shelter","floor":11.0,"key":"SMITH"},{"data":"hierophant:FieryStrike","floor":15.0,"key":"SMITH"}],"circlet_count":0,"master_deck":["AscendersBane","hierophant:Strike_Hierophant","hierophant:Strike_Hierophant","hierophant:Strike_Hierophant","hierophant:Punish+1","hierophant:Defend_Hierophant","hierophant:Defend_Hierophant","hierophant:Defend_Hierophant","hierophant:ChurchCoffers+1","hierophant:Shelter+1","hierophant:Chorus+1","hierophant:FieryStrike+1"],"relics":["hierophant:PropheticMaskRelic","NeowsBlessing","Omamori","Golden Idol","Question Card"],"acts_visited":["Exordium"],"potions_floor_usage":[16,16],"damage_taken":[{"damage":0.0,"enemies":"Jaw Worm","floor":1.0,"turns":1.0},{"damage":0.0,"enemies":"2 Louse","floor":4.0,"turns":1.0},{"damage":0.0,"enemies":"Small Slimes","floor":5.0,"turns":1.0},{"damage":11.0,"enemies":"Exordium Thugs","floor":10.0,"turns":4.0},{"damage":0.0,"enemies":"Looter","floor":14.0,"turns":2.0},{"damage":23,"enemies":"The Guardian","floor":16,"turns":10}],"seed_played":"-2635542186398957664","potions_obtained":[{"floor":1.0,"key":"Swift Potion"},{"floor":10.0,"key":"LiquidMemories"},{"floor":14.0,"key":"Explosive Potion"}],"is_trial":false,"path_per_floor":["M","?","$","M","M","R","?","?","T","M","R","?","T","M","R","B"],"character_chosen":"HIEROPHANT","items_purchased":[],"campfire_rested":0,"item_purchase_floors":[],"current_hp_per_floor":[68,61,61,61,61,61,66,42,42,31,31,31,31,31,31,8,8],"gold":37,"neow_bonus":"THREE_ENEMY_KILL","is_daily":false,"chose_seed":false,"campfire_upgraded":3,"win_rate":0.0,"timestamp":1607782711,"path_taken":["M","?","$","M","M","R","?","?","T","M","R","?","?","M","R","BOSS"],"items_purchased_type":[],"build_version":"2020-11-30","purchased_purges":1,"victory":false,"max_hp_per_floor":[75,75,75,75,75,75,80,80,80,80,80,72,72,72,72,72,72],"card_choices":[{"not_picked":["hierophant:SolarFlare","hierophant:OrnateBuckler","hierophant:HolyVerse"],"picked":"SKIP","floor":1.0},{"not_picked":["hierophant:Patience","hierophant:Remorse"],"picked":"hierophant:Shelter","floor":4.0},{"not_picked":["hierophant:Empathy","hierophant:Mercenaries"],"picked":"hierophant:Chorus","floor":5.0},{"not_picked":["hierophant:Shelter","hierophant:Doomsaying","hierophant:AuricBeam"],"picked":"SKIP","floor":10.0},{"not_picked":["hierophant:RepressedViolence","hierophant:Zeal","hierophant:AuricBeam"],"picked":"hierophant:FieryStrike","floor":14.0}],"player_experience":1626405,"relics_obtained":[{"floor":9.0,"key":"Omamori"},{"floor":13.0,"key":"Question Card"}],"event_choices":[{"cards_removed":["hierophant:Strike_Hierophant"],"damage_healed":0.0,"max_hp_gain":0.0,"max_hp_loss":0.0,"gold_gain":0.0,"event_name":"Golden Wing","player_choice":"Card Removal","floor":2.0,"gold_loss":0.0,"damage_taken":7.0},{"damage_healed":0.0,"max_hp_gain":5.0,"max_hp_loss":0.0,"gold_gain":0.0,"event_name":"Big Fish","player_choice":"Donut","floor":7.0,"gold_loss":0.0,"damage_taken":0.0},{"damage_healed":0.0,"max_hp_gain":0.0,"max_hp_loss":0.0,"gold_gain":0.0,"event_name":"Shining Light","player_choice":"Entered Light","floor":8.0,"gold_loss":0.0,"damage_taken":24.0,"cards_upgraded":["hierophant:Punish","hierophant:Chorus"]},{"damage_healed":0.0,"max_hp_gain":0.0,"max_hp_loss":8.0,"gold_gain":0.0,"event_name":"Golden Idol","player_choice":"Lose Max HP","floor":12.0,"gold_loss":0.0,"damage_taken":0.0,"relics_obtained":["Golden Idol"]}],"is_beta":false,"boss_relics":[],"items_purged_floors":[3],"is_endless":false,"potions_floor_spawned":[1,10,14],"killed_by":"The Guardian","ascension_level":20}}