{"host":"j0a1jfichhxu8b8p","time":1607758430,"event":{"mods":["BaseMod","Colored Map","DeckTracker","Keyboard Shortcuts","Minty Spire (QoL Compilation)","Permanent Neow","everything is the same but u backflip on backflip"],"gold_per_floor":[115,132,149,161,181,181,199,199,199],"floor_reached":8,"playtime":716,"items_purged":[],"score":75,"play_id":"bc107924-da39-4ed3-96d9-fe31e7f8a090","local_time":"20201212163350","is_ascension_mode":true,"campfire_choices":[{"data":"Zap","floor":6,"key":"SMITH"}],"circlet_count":0,"master_deck":["Strike_B","Strike_B","Strike_B","Strike_B","Defend_B","Defend_B","Defend_B","Defend_B","Zap+1","Dualcast","Creative AI","Steam","Genetic Algorithm","Scrape","All For One","Conserve Battery","Streamline"],"relics":["Cracked Core"],"acts_visited":[],"potions_floor_usage":[],"damage_taken":[{"damage":6,"enemies":"Cultist","floor":1,"turns":4},{"damage":5,"enemies":"2 Louse","floor":2,"turns":3},{"damage":4,"enemies":"Small Slimes","floor":3,"turns":4},{"damage":1,"enemies":"2 Fungi Beasts","floor":4,"turns":3},{"damage":16,"enemies":"3 Louse","floor":5,"turns":4},{"damage":35,"enemies":"Exordium Thugs","floor":7,"turns":6},{"damage":2,"enemies":"Lagavulin","floor":8,"turns":5}],"seed_played":"6266377388190153886","potions_obtained":[{"floor":2,"key":"Strength Potion"},{"floor":5,"key":"Weak Potion"},{"floor":7,"key":"ColorlessPotion"}],"is_trial":false,"path_per_floor":["M","M","M","M","M","R","M","E"],"character_chosen":"DEFECT","items_purchased":[],"campfire_rested":0,"item_purchase_floors":[],"current_hp_per_floor":[62,57,53,52,36,36,1,0,0],"gold":199,"neow_bonus":"ONE_RANDOM_RARE_CARD","is_daily":false,"chose_seed":false,"campfire_upgraded":1,"win_rate":0.0,"timestamp":1607758430,"path_taken":["M","M","?","M","M","R","M","E"],"items_purchased_type":[],"build_version":"2020-11-30","purchased_purges":0,"victory":false,"max_hp_per_floor":[75,75,75,75,75,75,75,75,75],"card_choices":[{"not_picked":["Rebound","Force Field"],"picked":"Steam","floor":1},{"not_picked":["Turbo","Sunder"],"picked":"Genetic Algorithm","floor":2},{"not_picked":["Aggregate","Streamline"],"picked":"Scrape","floor":3},{"not_picked":["Steam","Darkness"],"picked":"All For One","floor":4},{"not_picked":["Leap","Go for the Eyes"],"picked":"Conserve Battery","floor":5},{"not_picked":["Darkness","Skim"],"picked":"Streamline","floor":7}],"player_experience":288927,"relics_obtained":[],"event_choices":[],"is_beta":false,"boss_relics":[],"items_purged_floors":[],"is_endless":false,"potions_floor_spawned":[2,5,7],"killed_by":"Lagavulin","ascension_level":9}}