{"host":"f7oa3d5f3fx74imu","time":1607735137,"event":{"mods":["AchievementEnabler","Aspiration","BaseMod","Better Altar","Better Third Choice","BetterRewards","Conspire","Downfall","Hubris","Infinite Spire","Lobotomy","Minty Spire (QoL Compilation)","Replay The Spire","Shop Mod","Spicy Shops","StSLib"],"gold_per_floor":[119,34,34,34,58,86,106,132,213,231,231,231,259,275,275,375,375,393,413,433,433,822,822,836,836,836,836,870,889,914,934,934,1038,1038,1123,1123,1206,1206,1213,1213],"floor_reached":39,"playtime":3599,"items_purged":["Porccubus","Mercenary","CommonCold"],"score":1065,"play_id":"16311ff9-4b61-4fb0-ae5d-7e57489e0bd5","local_time":"20201211170537","is_ascension_mode":true,"campfire_choices":[{"floor":12,"key":"REST"},{"data":"Zap","floor":12,"key":"SMITH"},{"floor":15,"key":"REST"},{"data":"Dualcast","floor":15,"key":"SMITH"},{"floor":23,"key":"REST"},{"data":"expansioncontent:DonusPower","floor":23,"key":"SMITH"},{"floor":27,"key":"REST"},{"data":"Injury","floor":27,"key":"PURGE"},{"floor":32,"key":"REST"},{"data":"FieryBird","floor":32,"key":"PURGE"}],"circlet_count":0,"master_deck":["Zap+1","Dualcast+1","Rudolta","SingingMachine","Sweeping Beam","Bloodbath","Leap","conspire:Rain","BlackSwan","Auto Shields","MHz","Gash","Ball Lightning","Core Surge","BigBadWolf","Machine Learning+1","RedShoes","Defragment+1","expansioncontent:DonusPower+1","Scorched","BigBird","HeroicMonk","Beam Cell+1","GreedKing","Echo Form+1","BlueStar","Electrodynamics+1","Hyperbeam","Lockon","hubris:Prefetch","FTL","Darkness","Buffer+1","Auto Shields","Reboot","Woodsman","Pot Of Greed+1","Pot Of Greed+1","Pot Of Greed+1","Pot Of Greed+1","DreamingCurrent","Hologram","hubris:Fate"],"relics":["Cracked Core","CogitoBucket","Raider\u0027s Mask","Replay:Lucky Slots","MerchantsRug","infinitespire:Magic Flask","Unceasing Top","Onion Ring","Frozen Egg 2","hubris:Towel","infinitespire:Beetle Shell","aspiration:EnhancedActuators","aspiration:MysteriousAuxiliaryCore","hubris:Metronome","infinitespire:Satchel","Theresia","Snecko Eye","conspire:IceCreamScoop","Inserter","ClockworkSouvenir","Potion Belt","Counterbalance","Peace Pipe","BackwardClock","Ring of Peace","Ring of Fury","Replay:Towering Pillar of Hats","Pen Nib","hubris:SlimyHat","Pandora\u0027s Box","infinitespire:EvilPickle","AtMidnight","ChangeAnything","Honey Jar","Grinning Jar","hubris:Backtick","Replay:Bottled Eggs"],"acts_visited":["Exordium","TheCity","TheBeyond"],"potions_floor_usage":[6,14,24,39],"damage_taken":[{"damage":1,"enemies":"Cultist","floor":1,"turns":3},{"damage":56,"enemies":"Gremlin Nob","floor":6,"turns":5},{"damage":2,"enemies":"Jaw Worm","floor":7,"turns":2},{"damage":31,"enemies":"Lagavulin","floor":8,"turns":5},{"damage":0,"enemies":"2 Louse","floor":10,"turns":2},{"damage":18,"enemies":"3 Sentries","floor":13,"turns":6},{"damage":11,"enemies":"Exordium Wildlife","floor":14,"turns":3},{"damage":40,"enemies":"Fading Forest","floor":16,"turns":11},{"damage":0,"enemies":"3 Byrds","floor":18,"turns":2},{"damage":9,"enemies":"Chosen","floor":19,"turns":3},{"damage":24,"enemies":"conspire:HollyBat","floor":20,"turns":6},{"damage":22,"enemies":"Snecko","floor":24,"turns":3},{"damage":8,"enemies":"Replay:Snechameleon","floor":28,"turns":4},{"damage":23,"enemies":"Shelled Parasite and Fungi","floor":29,"turns":3},{"damage":14,"enemies":"Book of Stabbing","floor":30,"turns":3},{"damage":1,"enemies":"Cultist and Chosen","floor":31,"turns":3},{"damage":65,"enemies":"Pondfish","floor":33,"turns":6},{"damage":63,"enemies":"3 Shapes","floor":35,"turns":3},{"damage":0,"enemies":"Orb Walker","floor":37,"turns":1},{"damage":0,"enemies":"infinitespire:Three Voidlings","floor":39,"turns":1},{"damage":167,"enemies":"Nightmare_Alpha","floor":39,"turns":5}],"seed_played":"5503827123397580290","potions_obtained":[{"floor":1,"key":"Block Potion"},{"floor":10,"key":"Swift Potion"},{"floor":20,"key":"Adrenaline Potion"},{"floor":28,"key":"Dexterity Potion"},{"floor":31,"key":"PowerPotion"},{"floor":33,"key":"PowerPotion"}],"is_trial":false,"path_per_floor":["M","$","?","?","T","E","M","E","T","M","?","R","E","M","R","B",null,"M","M","M","AVR","$","R","M","?","T","R","E","M","E","M","R","B",null,"M","AVR","M","?","?"],"character_chosen":"DEFECT","items_purchased":["Raider\u0027s Mask","Replay:Lucky Slots","MerchantsRug","infinitespire:Magic Flask","Unceasing Top","Onion Ring","expansioncontent:DonusPower","ClockworkSouvenir","Potion Belt","Counterbalance","Peace Pipe"],"campfire_rested":5,"item_purchase_floors":[2,2,2,2,2,2,22,22,22,22,22],"current_hp_per_floor":[67,67,67,67,67,11,9,19,19,19,19,41,25,15,37,12,59,68,67,46,46,46,66,45,45,45,65,57,34,21,20,40,37,61,39,39,45,27,0,0],"gold":1213,"neow_bonus":"","is_daily":false,"chose_seed":false,"campfire_upgraded":3,"win_rate":0.0,"timestamp":1607735137,"path_taken":["M","$","?","?","?","E","?","E","T","M","?","R","E","M","R","BOSS","M","M","M","AVR","?","R","M","?","T","R","E","M","E","M","R","BOSS","M","AVR","M","?","?"],"items_purchased_type":["Relic","Relic","Relic","Relic","Relic","Relic","Card","Relic","Relic","Relic","Relic"],"build_version":"2020-11-30","purchased_purges":3,"victory":false,"max_hp_per_floor":[75,75,75,75,75,75,75,75,75,75,75,75,75,75,75,75,75,72,69,69,69,69,69,69,69,69,69,69,69,69,69,69,69,69,69,69,69,69,69,69],"card_choices":[{"not_picked":["MeatLantern","Bloodbath"],"picked":"Rudolta","floor":1},{"not_picked":["Recycle","ReplayTheSpireMod:System Scan"],"picked":"Cold Snap","floor":1},{"not_picked":["DespairKnight","ShyLook"],"picked":"SingingMachine","floor":6},{"not_picked":["Steam","ReplaySolidLightProjector"],"picked":"Sweeping Beam","floor":6},{"not_picked":["UniverseFragment","CrumblingArmor"],"picked":"Bloodbath","floor":7},{"not_picked":["Compile Driver","Rebound"],"picked":"Leap","floor":7},{"not_picked":["QueenOfHatred","CherryBlossoms"],"picked":"Porccubus","floor":8},{"not_picked":["Steam Power","ReplayTheSpireMod:GoodbyeWorld+1"],"picked":"conspire:Rain","floor":8},{"not_picked":["LongBird","SpiderBud"],"picked":"BlackSwan","floor":10},{"not_picked":["Ball Lightning","Compile Driver"],"picked":"Auto Shields","floor":10},{"not_picked":["Alriune","Funeral"],"picked":"MHz","floor":13},{"not_picked":["Auto Shields","Skim"],"picked":"Gash","floor":13},{"not_picked":["Wellcheers","HeroicMonk"],"picked":"Mercenary","floor":14},{"not_picked":["Hologram","ReplayTheSpireMod:Repulse"],"picked":"Ball Lightning","floor":14},{"not_picked":["ReplayTheSpireMod:Fabricate Wheel","Seek"],"picked":"Core Surge","floor":16},{"not_picked":["Murderer","WallGazer"],"picked":"BigBadWolf","floor":16},{"not_picked":["PunishingBird","QueenOfHatred"],"picked":"FieryBird","floor":18},{"not_picked":["BasicCrystalCard","Fusion+1"],"picked":"Machine Learning+1","floor":18},{"not_picked":["Funeral","ShyLook"],"picked":"RedShoes","floor":19},{"not_picked":["Compile Driver","Conserve Battery"],"picked":"Defragment+1","floor":19},{"not_picked":["Rebound","Streamline","Barrage"],"picked":"SKIP","floor":20},{"not_picked":["WhitesApple","CrumblingArmor","BigBird"],"picked":"Singing Bowl","floor":24},{"not_picked":["NakedNest","OSAHOGD"],"picked":"Scorched","floor":24},{"not_picked":["Melter","Rebound","Ball Lightning"],"picked":"SKIP","floor":24},{"not_picked":["MeatLantern","Laetitia"],"picked":"BigBird","floor":28},{"not_picked":["Machine Learning+1","Genetic Algorithm+1","Redo+1"],"picked":"SKIP","floor":28},{"not_picked":["GalaxyChild","Murderer"],"picked":"HeroicMonk","floor":29},{"not_picked":["aspiration:Polymerization","hubris:PowerSurge+1"],"picked":"Beam Cell+1","floor":29},{"not_picked":["BeautyBeast","Wellcheers","VoidDream"],"picked":"Singing Bowl","floor":30},{"not_picked":["Porccubus","Laetitia"],"picked":"GreedKing","floor":30},{"not_picked":["Beam Cell","Force Field"],"picked":"Echo Form+1","floor":30},{"not_picked":["SilentOrchestra","FairyFestival"],"picked":"BlueStar","floor":31},{"not_picked":["Compile Driver+1","Gash","conspire:SharedLibrary+1"],"picked":"SKIP","floor":31},{"not_picked":["Compile Driver+1","Gash","conspire:SharedLibrary+1"],"picked":"SKIP","floor":31},{"not_picked":["PlagueDoctor","SilentOrchestra"],"picked":"LittlePrince","floor":33},{"not_picked":["Thunder Strike","Core Surge"],"picked":"Electrodynamics+1","floor":33},{"not_picked":["FieryBird","LittlePrince"],"picked":"Woodsman","floor":35},{"not_picked":["ReplayTheSpireMod:System Scan","Leap+1","Time Bomb+1"],"picked":"SKIP","floor":35},{"not_picked":["ReplayTheSpireMod:System Scan","Leap+1","Time Bomb+1"],"picked":"SKIP","floor":35},{"not_picked":["Funeral","CENSORED"],"picked":"DreamingCurrent","floor":37},{"not_picked":["Time Bomb","BasicCrystalCard","Streamline+1"],"picked":"Hologram","floor":37},{"not_picked":["hubris:InfiniteBlow","Replay:Fractal Strike"],"picked":"hubris:Fate","floor":38}],"player_experience":211880,"relics_obtained":[{"floor":5,"key":"infinitespire:Beetle Shell"},{"floor":6,"key":"aspiration:EnhancedActuators"},{"floor":8,"key":"aspiration:MysteriousAuxiliaryCore"},{"floor":9,"key":"hubris:Metronome"},{"floor":13,"key":"infinitespire:Satchel"},{"floor":25,"key":"Ring of Peace"},{"floor":25,"key":"Ring of Fury"},{"floor":26,"key":"Replay:Towering Pillar of Hats"},{"floor":28,"key":"Pen Nib"},{"floor":30,"key":"hubris:SlimyHat"},{"floor":35,"key":"AtMidnight"}],"event_choices":[{"damage_healed":0,"gold_gain":0,"player_choice":"Leave","damage_taken":0,"max_hp_gain":0,"max_hp_loss":0,"event_name":"conspire:Investor","floor":11,"gold_loss":0}],"is_beta":false,"boss_relics":[{"not_picked":["Calling Bell","conspire:SeveredTorchhead"],"picked":"Snecko Eye"},{"not_picked":["Astrolabe","ReplayTheSpireMod:SealedPack"],"picked":"Pandora\u0027s Box"}],"items_purged_floors":[21,22,36],"is_endless":false,"potions_floor_spawned":[1,10,20,24,28,31,33],"killed_by":"Nightmare_Alpha","ascension_level":9}}