{"host":"32tuqnjc9ph8o6ph","time":1607783476,"event":{"mods":["AchievementEnabler","BaseMod","Downfall","Minty Spire (QoL Compilation)","Remilia£®¿Ÿ√◊¿Ú—«£©","StSLib"],"gold_per_floor":[110,134,146,163,173,173,204,204,285,315,315,315,342,342,342,439,439,452,467,467,467,479,479,492,492,492],"floor_reached":25,"playtime":1252,"items_purged":[],"score":309,"play_id":"a4dcc492-39e9-4253-89ab-ca99097994d3","local_time":"20201212223116","is_ascension_mode":true,"campfire_choices":[{"data":"MastersStateliness","floor":6.0,"key":"SMITH"},{"data":"ScarletShoot","floor":8.0,"key":"SMITH"},{"data":"Stigmanizer","floor":11.0,"key":"SMITH"},{"data":"RedMoon","floor":15.0,"key":"SMITH"},{"floor":23,"key":"REST"}],"circlet_count":0,"master_deck":["Strike_RM","Strike_RM","Strike_RM","Defend_RM","Defend_RM","Defend_RM","Defend_RM","RedMoon+1","ScarletShoot+1","Stigmanizer+1","FitfulNightmare","MastersStateliness+1","DiffusionOfMisfortune+1","ScarletImprint+1"],"relics":["ScarletHat","Omamori","Bottled Flame","Darkstone Periapt","Calipers","Molten Egg 2","APieceOfRedMist"],"acts_visited":["TheCity"],"potions_floor_usage":[22,25],"damage_taken":[{"damage":0.0,"enemies":"Cultist","floor":1.0,"turns":4.0},{"damage":0.0,"enemies":"Jaw Worm","floor":3.0,"turns":4.0},{"damage":3.0,"enemies":"Small Slimes","floor":4.0,"turns":4.0},{"damage":0.0,"enemies":"Exordium Wildlife","floor":5.0,"turns":4.0},{"damage":1.0,"enemies":"3 Sentries","floor":7.0,"turns":5.0},{"damage":11.0,"enemies":"Gremlin Nob","floor":10.0,"turns":4.0},{"damage":15.0,"enemies":"3 Sentries","floor":13.0,"turns":8.0},{"damage":35.0,"enemies":"Slime Boss","floor":16.0,"turns":13.0},{"damage":23.0,"enemies":"3 Byrds","floor":18.0,"turns":5.0},{"damage":7.0,"enemies":"Spheric Guardian","floor":19.0,"turns":4.0},{"damage":48,"enemies":"3 Cultists","floor":22,"turns":7},{"damage":17,"enemies":"Snake Plant","floor":24,"turns":5},{"damage":32,"enemies":"Book of Stabbing","floor":25,"turns":7}],"seed_played":"-606039345488434506","potions_obtained":[{"floor":0.0,"key":"Ancient Potion"},{"floor":0.0,"key":"LiquidBronze"},{"floor":0.0,"key":"DestinyDice"},{"floor":7.0,"key":"ColorlessPotion"},{"floor":22,"key":"Ancient Potion"},{"floor":24,"key":"hexamod:EctoCoolerPotion"}],"is_trial":false,"path_per_floor":["M","T","M","M","M","R","E","R","T","E","R","?","E","?","R","B",null,"M","M","?","?","M","R","M","E"],"character_chosen":"REMILIA","items_purchased":[],"campfire_rested":1,"item_purchase_floors":[],"current_hp_per_floor":[68,68,68,65,65,65,70,70,70,66,66,59,51,56,56,44,71,49,44,44,44,5,29,16,0,0],"gold":492,"neow_bonus":"THREE_SMALL_POTIONS","is_daily":false,"chose_seed":false,"campfire_upgraded":4,"win_rate":0.0,"timestamp":1607783476,"path_taken":["M","?","M","M","M","R","E","R","T","E","R","?","E","?","R","BOSS","M","M","?","?","M","R","M","E"],"items_purchased_type":[],"build_version":"2020-11-30","purchased_purges":0,"victory":false,"max_hp_per_floor":[75,75,75,75,75,75,75,75,75,75,75,75,75,80,80,80,80,80,80,80,80,80,80,80,80,80],"card_choices":[{"not_picked":["TwelveNightmare","UnderTheZenith"],"picked":"Stigmanizer","floor":1.0},{"not_picked":["VampireKiss","BombardNight","ReincarnationDial"],"picked":"SKIP","floor":3.0},{"not_picked":["VampireKiss","ScarletDevil"],"picked":"FitfulNightmare","floor":4.0},{"not_picked":["ScarletImprint","CeilingFear"],"picked":"MastersStateliness","floor":5.0},{"not_picked":["BloodySeventeenLaser","ScarletDream","NightDance"],"picked":"SKIP","floor":7.0},{"not_picked":["UnderTheZenith","BloodyTrap","QueenOfMidnight"],"picked":"SKIP","floor":10.0},{"not_picked":["UnderTheZenith","BombardNight+1","BatForm"],"picked":"SKIP","floor":13.0},{"not_picked":["RedNightlessCastle+1","NightDance+1"],"picked":"DiffusionOfMisfortune+1","floor":18.0},{"not_picked":["DiffusionOfMisfortune+1","BlasphemousPunishment"],"picked":"ScarletImprint+1","floor":19.0},{"not_picked":["ScarletNetherworld+1","MillenniumVampire","HunterOfTheNight+1"],"picked":"SKIP","floor":22},{"not_picked":["DiffusionOfMisfortune+1","NightLord+1","Septette"],"picked":"SKIP","floor":24}],"player_experience":845241,"relics_obtained":[{"floor":2.0,"key":"Omamori"},{"floor":7.0,"key":"Bottled Flame"},{"floor":9.0,"key":"Darkstone Periapt"},{"floor":10.0,"key":"Calipers"},{"floor":13.0,"key":"Molten Egg 2"}],"event_choices":[{"cards_removed":["Strike_RM"],"damage_healed":0.0,"max_hp_gain":0.0,"max_hp_loss":0.0,"gold_gain":0.0,"event_name":"Golden Wing","player_choice":"Card Removal","floor":12.0,"gold_loss":0.0,"damage_taken":7.0},{"damage_healed":0.0,"max_hp_gain":5.0,"max_hp_loss":0.0,"gold_gain":0.0,"event_name":"Big Fish","player_choice":"Donut","floor":14.0,"gold_loss":0.0,"damage_taken":0.0},{"damage_healed":0.0,"max_hp_gain":0.0,"max_hp_loss":0.0,"gold_gain":0.0,"event_name":"Ghosts","player_choice":"Ignored","floor":20.0,"gold_loss":0.0,"damage_taken":0.0},{"damage_healed":0,"gold_gain":0,"player_choice":"Ignored","damage_taken":0,"max_hp_gain":0,"max_hp_loss":0,"event_name":"Cursed Tome","floor":21,"gold_loss":0}],"is_beta":false,"boss_relics":[{"not_picked":["Fusion Hammer","SacredBark"],"picked":"APieceOfRedMist"}],"items_purged_floors":[],"is_endless":false,"potions_floor_spawned":[3,7,22,24],"killed_by":"Book of Stabbing","ascension_level":8}}