{"host":"bbjnqymry46jz0fa","time":1607791184,"event":{"mods":["BaseMod","DeckTracker","Minty Spire (QoL Compilation)","Quick Restart","StSLib","SuperFastMode"],"gold_per_floor":[118,138,288,288,288,323,341,341,341,352,371,371,371,391,391,462,512,531,161,76,76,93,93,118,136,136,161,161,161],"floor_reached":28,"playtime":539,"items_purged":["Doubt"],"score":513,"play_id":"b45126cd-b1f7-4938-8f20-bb4e2fe77c49","local_time":"20201213013944","is_ascension_mode":true,"campfire_choices":[{"data":"White Noise","floor":8.0,"key":"SMITH"},{"data":"Chaos","floor":12.0,"key":"SMITH"},{"data":"Beam Cell","floor":15.0,"key":"SMITH"},{"data":"Zap","floor":23,"key":"SMITH"}],"circlet_count":0,"master_deck":["AscendersBane","Strike_B","Strike_B+1","Strike_B","Strike_B","Defend_B","Defend_B","Defend_B","Defend_B","Zap+1","Dualcast","Chaos+1","White Noise+1","Sweeping Beam","Beam Cell+1","Conserve Battery+1","Cold Snap","Ball Lightning","Electrodynamics","Self Repair","Coolheaded+1","White Noise+1","Turbo+1","Coolheaded+1","Loop","Storm"],"relics":["Cracked Core","NeowsBlessing","Letter Opener","Question Card","Sundial","Toxic Egg 2","Tiny House","Strange Spoon","Centennial Puzzle","Pear","Singing Bowl","Vajra"],"acts_visited":["Exordium","TheCity"],"potions_floor_usage":[27],"damage_taken":[{"damage":0.0,"enemies":"Small Slimes","floor":1.0,"turns":1.0},{"damage":0.0,"enemies":"Jaw Worm","floor":2.0,"turns":1.0},{"damage":0.0,"enemies":"3 Sentries","floor":6.0,"turns":1.0},{"damage":3.0,"enemies":"Cultist","floor":7.0,"turns":4.0},{"damage":22.0,"enemies":"Large Slime","floor":10.0,"turns":5.0},{"damage":5.0,"enemies":"Exordium Wildlife","floor":11.0,"turns":3.0},{"damage":0.0,"enemies":"Exordium Thugs","floor":13.0,"turns":1.0},{"damage":0.0,"enemies":"2 Fungi Beasts","floor":14.0,"turns":3.0},{"damage":11.0,"enemies":"The Guardian","floor":16.0,"turns":11.0},{"damage":15.0,"enemies":"Spheric Guardian","floor":18.0,"turns":4.0},{"damage":18,"enemies":"3 Byrds","floor":22,"turns":3},{"damage":17,"enemies":"Gremlin Leader","floor":24,"turns":6},{"damage":10,"enemies":"Snake Plant","floor":25,"turns":4},{"damage":34,"enemies":"Slavers","floor":27,"turns":2},{"damage":6,"enemies":"Chosen and Byrds","floor":28,"turns":1}],"seed_played":"6664250012689538777","potions_obtained":[{"floor":2.0,"key":"Dexterity Potion"},{"floor":10.0,"key":"AttackPotion"},{"floor":11.0,"key":"SmokeBomb"},{"floor":16.0,"key":"FearPotion"},{"floor":22,"key":"PowerPotion"}],"is_trial":false,"path_per_floor":["M","M","?","?","T","E","M","R","T","M","M","R","M","M","R","B",null,"M","$","?","?","M","R","E","M","T","E","M"],"character_chosen":"DEFECT","items_purchased":["White Noise+1","Turbo+1","Strange Spoon"],"campfire_rested":0,"item_purchase_floors":[19,19,19],"current_hp_per_floor":[64,64,64,46,46,46,43,43,43,21,16,16,16,16,16,5,60,52,52,52,52,41,41,41,38,38,4,0,0],"gold":161,"neow_bonus":"THREE_ENEMY_KILL","is_daily":false,"chose_seed":false,"campfire_upgraded":4,"win_rate":0.0,"timestamp":1607791184,"path_taken":["M","M","?","?","?","E","M","R","T","M","M","R","M","?","R","BOSS","M","$","?","?","M","R","E","?","T","E","M"],"items_purchased_type":["Card","Card","Relic"],"build_version":"2020-11-30","purchased_purges":1,"victory":false,"max_hp_per_floor":[71,71,71,71,71,71,71,71,71,71,71,71,71,71,71,71,76,76,76,76,76,76,76,86,86,86,86,86,86],"card_choices":[{"not_picked":["Conserve Battery","Leap"],"picked":"Chaos","floor":1.0},{"not_picked":["Loop","Beam Cell"],"picked":"White Noise","floor":2.0},{"not_picked":["BootSequence","Rip and Tear","Go for the Eyes"],"picked":"Sweeping Beam","floor":6.0},{"not_picked":["Sweeping Beam","Turbo","Rip and Tear"],"picked":"Beam Cell","floor":7.0},{"not_picked":["Leap+1","Double Energy+1","Barrage"],"picked":"Conserve Battery+1","floor":10.0},{"not_picked":["Amplify+1","Hologram+1","Compile Driver"],"picked":"Cold Snap","floor":11.0},{"not_picked":["Leap+1","Hologram+1","Conserve Battery+1"],"picked":"Ball Lightning","floor":14.0},{"not_picked":["Core Surge","All For One","Seek+1"],"picked":"Electrodynamics","floor":16.0},{"not_picked":["FTL","Gash","Go for the Eyes"],"picked":"Self Repair","floor":17.0},{"not_picked":["Turbo+1","Hologram+1","FTL"],"picked":"Coolheaded+1","floor":18.0},{"not_picked":["Melter","Go for the Eyes","Leap+1"],"picked":"Coolheaded+1","floor":22},{"not_picked":["Melter","Conserve Battery+1","Blizzard"],"picked":"Loop","floor":24},{"not_picked":["Scrape","Hologram+1","Static Discharge","Beam Cell"],"picked":"SKIP","floor":25},{"not_picked":["Scrape","Hologram+1","Static Discharge","Beam Cell"],"picked":"SKIP","floor":25},{"not_picked":["Chaos+1","Gash","Double Energy+1"],"picked":"Storm","floor":27}],"player_experience":709339,"relics_obtained":[{"floor":5.0,"key":"Question Card"},{"floor":6.0,"key":"Sundial"},{"floor":9.0,"key":"Toxic Egg 2"},{"floor":24,"key":"Pear"},{"floor":26,"key":"Singing Bowl"},{"floor":27,"key":"Vajra"}],"event_choices":[{"damage_healed":0.0,"max_hp_gain":0.0,"max_hp_loss":0.0,"gold_gain":150.0,"event_name":"Liars Game","player_choice":"AGREE","floor":3.0,"gold_loss":0.0,"damage_taken":0.0,"cards_obtained":["Doubt"]},{"damage_healed":0.0,"max_hp_gain":0.0,"max_hp_loss":0.0,"gold_gain":0.0,"event_name":"Scrap Ooze","player_choice":"Success","floor":4.0,"gold_loss":0.0,"damage_taken":18.0,"relics_obtained":["Letter Opener"]},{"damage_healed":0,"gold_gain":0,"player_choice":"Obtained Relic","damage_taken":0,"relics_obtained":["Centennial Puzzle"],"max_hp_gain":0,"max_hp_loss":0,"event_name":"Addict","floor":20,"gold_loss":85},{"damage_healed":0,"gold_gain":0,"player_choice":"Ignored","damage_taken":0,"max_hp_gain":0,"max_hp_loss":0,"event_name":"Ghosts","floor":21,"gold_loss":0}],"is_beta":false,"boss_relics":[{"not_picked":["Fusion Hammer","Ectoplasm"],"picked":"Tiny House"}],"items_purged_floors":[19],"is_endless":false,"potions_floor_spawned":[2,10,11,16,22,25],"killed_by":"Chosen and Byrds","ascension_level":16}}