{"host":"foq4mrde4mssg7vt","time":1607803411,"event":{"mods":["AchievementEnabler","BaseMod","Colored Map","Colored Powertips","Highlight Path","Minty Spire (QoL Compilation)","Relic Stats","everything is the same but u backflip on backflip"],"gold_per_floor":[114,131,141,316,44,44,71,71,125,157,177,207,224,22,22,22,22],"floor_reached":16,"playtime":513,"items_purged":["Strike_B"],"score":156,"play_id":"a31b2bff-b33a-4996-9630-6feda08f3205","local_time":"20201213040331","is_ascension_mode":true,"campfire_choices":[{"data":"Loop","floor":6,"key":"SMITH"},{"floor":15,"key":"REST"}],"circlet_count":0,"master_deck":["Strike_B","Strike_B","Strike_B","Defend_B","Defend_B","Defend_B+1","Defend_B+1","Zap","Dualcast","Compile Driver","Coolheaded","Doom and Gloom","Ball Lightning","Loop+1","Barrage","Conserve Battery","Self Repair"],"relics":["Cracked Core","Omamori","War Paint","CultistMask","Blood Vial","Matryoshka","Toy Ornithopter","Strawberry"],"acts_visited":["Exordium"],"potions_floor_usage":[10],"damage_taken":[{"damage":0,"enemies":"Small Slimes","floor":1,"turns":3},{"damage":1,"enemies":"Cultist","floor":2,"turns":3},{"damage":2,"enemies":"Jaw Worm","floor":3,"turns":3},{"damage":26,"enemies":"Lagavulin","floor":7,"turns":6},{"damage":18,"enemies":"3 Sentries","floor":10,"turns":5},{"damage":13,"enemies":"3 Louse","floor":11,"turns":3},{"damage":6,"enemies":"Lagavulin","floor":12,"turns":7},{"damage":10,"enemies":"Exordium Wildlife","floor":13,"turns":3},{"damage":45,"enemies":"Slime Boss","floor":16,"turns":8}],"seed_played":"-8825998951372455805","potions_obtained":[{"floor":1,"key":"DuplicationPotion"},{"floor":3,"key":"Regen Potion"},{"floor":10,"key":"ColorlessPotion"},{"floor":11,"key":"Strength Potion"}],"is_trial":false,"path_per_floor":["M","M","M","?","$","R","E","?","T","E","M","E","M","$","R","B"],"character_chosen":"DEFECT","items_purchased":["Ball Lightning","Loop","PotionOfCapacity","Strawberry","Swift Potion"],"campfire_rested":1,"item_purchase_floors":[5,5,5,14,14],"current_hp_per_floor":[68,67,65,65,65,65,39,39,39,35,24,20,12,19,43,0,0],"gold":22,"neow_bonus":"RANDOM_COMMON_RELIC","is_daily":false,"chose_seed":false,"campfire_upgraded":1,"win_rate":0.0,"timestamp":1607803411,"path_taken":["M","M","M","?","$","R","E","?","T","E","M","E","?","$","R","BOSS"],"items_purchased_type":["Card","Card","Potion","Relic","Potion"],"build_version":"2020-11-30","purchased_purges":1,"victory":false,"max_hp_per_floor":[75,75,75,75,75,75,75,75,75,75,75,75,75,82,82,82,82],"relic_stats":{"Blood Vial":10,"counters":[9,41],"War Paint":["Defend_B","Defend_B"],"obtain_stats":[{"Blood Vial":9,"Matryoshka":10,"Strawberry":14,"CultistMask":8,"Omamori":0,"War Paint":7,"Cracked Core":0,"Toy Ornithopter":12},{"Blood Vial":4,"Matryoshka":5,"Strawberry":8,"CultistMask":4,"Omamori":0,"War Paint":4,"Cracked Core":0,"Toy Ornithopter":7},{"Blood Vial":15,"Matryoshka":20,"Strawberry":33,"CultistMask":15,"Omamori":0,"War Paint":15,"Cracked Core":0,"Toy Ornithopter":30}],"Toy Ornithopter":0},"card_choices":[{"not_picked":["Auto Shields","Conserve Battery"],"picked":"Compile Driver","floor":1},{"not_picked":["Beam Cell","Chill"],"picked":"Coolheaded","floor":2},{"not_picked":["Chaos","Sweeping Beam"],"picked":"Doom and Gloom","floor":3},{"not_picked":["BootSequence","Steam","Rip and Tear"],"picked":"SKIP","floor":7},{"not_picked":["Hologram","Buffer"],"picked":"Barrage","floor":10},{"not_picked":["Streamline","Barrage"],"picked":"Conserve Battery","floor":11},{"not_picked":["Scrape","Leap","Gash"],"picked":"SKIP","floor":12},{"not_picked":["Steam","Sweeping Beam"],"picked":"Self Repair","floor":13}],"player_experience":168283,"relics_obtained":[{"floor":7,"key":"War Paint"},{"floor":9,"key":"Blood Vial"},{"floor":10,"key":"Matryoshka"},{"floor":12,"key":"Toy Ornithopter"}],"event_choices":[{"damage_healed":0,"gold_gain":175,"player_choice":"AGREE","damage_taken":0,"max_hp_gain":0,"max_hp_loss":0,"event_name":"Liars Game","floor":4,"gold_loss":0,"cards_obtained":["Doubt"]},{"damage_healed":0,"gold_gain":0,"player_choice":"Trade","damage_taken":0,"relics_obtained":["CultistMask"],"max_hp_gain":0,"max_hp_loss":0,"event_name":"FaceTrader","floor":8,"gold_loss":0}],"is_beta":false,"boss_relics":[],"items_purged_floors":[5],"is_endless":false,"potions_floor_spawned":[1,3,10,11],"killed_by":"Slime Boss","ascension_level":6}}