{"host":"se2kry7a7ac49ar7","time":1607742817,"event":{"mods":["BaseMod","Bestiary","Googly Eyes","Hubris","Minty Spire (QoL Compilation)","Replay The Spire","StSLib"],"gold_per_floor":[144,189,189,189,234,279,324,324,369,369,394,439,484,484,574,624,624,924,924,969,744,1284,1341,1400,1400,1459,1469,1469],"floor_reached":27,"playtime":1784,"items_purged":["Spreading Infection"],"score":269,"play_id":"db41ed24-321b-41e1-9a2e-4bd5bbe9fb91","local_time":"20201211191337","daily_mods":["Chimera","ControlledChaos","Midas"],"is_ascension_mode":false,"campfire_choices":[{"floor":8,"key":"REST"},{"floor":10,"key":"REST"},{"floor":17,"key":"REST"},{"floor":25,"key":"REST"}],"circlet_count":0,"master_deck":["Bash","Survivor","Zap","Eruption","Strike_R","Strike_G+1","Strike_B+1","Defend_R","Defend_G","Defend_P","Replay:Battleflow+1","ForeignInfluence","SashWhip","SandsOfTime","Judgement","Sanctity","MentalFortress","Replay:Hum","Conclude","DeusExMachina","CutThroughFate+1","CarveReality+1","Perseverance+1"],"relics":["PureWater","Frozen Eye","Whetstone","Replay:Mystery Machine","Nunchaku","ChewingGum","Replay:Bandana","Regal Pillow","ReplayTheSpireMod:CursedCoin"],"acts_visited":["Exordium","TheCity"],"potions_floor_usage":[6,12,13,15,27],"damage_taken":[{"damage":0,"enemies":"Jaw Worm","floor":1,"turns":3},{"damage":0,"enemies":"Small Slimes","floor":2,"turns":4},{"damage":0,"enemies":"Cultist","floor":5,"turns":2},{"damage":0,"enemies":"Large Slime","floor":6,"turns":3},{"damage":1,"enemies":"Red Slaver","floor":7,"turns":3},{"damage":0,"enemies":"Exordium Wildlife","floor":9,"turns":3},{"damage":0,"enemies":"Large Slime","floor":12,"turns":3},{"damage":5,"enemies":"Exordium Thugs","floor":13,"turns":3},{"damage":0,"enemies":"Lagavulin","floor":15,"turns":2},{"damage":65,"enemies":"The Guardian","floor":18,"turns":6},{"damage":0,"enemies":"Spheric Guardian","floor":20,"turns":1},{"damage":14,"enemies":"2 Thieves","floor":23,"turns":2},{"damage":0,"enemies":"Snake Plant","floor":24,"turns":2},{"damage":0,"enemies":"Snecko","floor":26,"turns":2},{"damage":37,"enemies":"Book of Stabbing","floor":27,"turns":2}],"seed_played":"-2740983366772686195","potions_obtained":[{"floor":1,"key":"Swift Potion"},{"floor":5,"key":"BlessingOfTheForge"},{"floor":7,"key":"Block Potion"},{"floor":12,"key":"Block Potion"},{"floor":26,"key":"Cursed Concoction"}],"is_trial":false,"path_per_floor":["M","M","PTL","PTL","M","M","M","R","M","R","T","M","M","?","E","T","R","B",null,"M","$","?","M","M","R","M","E"],"character_chosen":"WATCHER","items_purchased":["Replay:Bandana","Regal Pillow","ReplayTheSpireMod:CursedCoin"],"campfire_rested":4,"item_purchase_floors":[21,21,21],"current_hp_per_floor":[72,72,72,72,72,72,71,72,72,72,72,72,67,67,67,67,72,7,72,72,72,15,1,1,37,37,0,0],"gold":1469,"neow_bonus":"","is_daily":true,"chose_seed":false,"campfire_upgraded":0,"win_rate":0.0,"timestamp":1607742817,"path_taken":["M","M","PTL","PTL","M","M","M","R","M","R","T","M","M","?","E","?","R","BOSS","M","$","?","?","M","R","M","E"],"items_purchased_type":["Relic","Relic","Relic"],"build_version":"2020-11-30","purchased_purges":1,"victory":false,"max_hp_per_floor":[72,72,72,72,72,72,72,72,72,72,72,72,72,72,72,72,72,72,72,72,72,72,72,72,72,72,72,72],"card_choices":[{"not_picked":["PathToVictory","SignatureMove"],"picked":"Replay:Battleflow","floor":1},{"not_picked":["WheelKick","EmptyFist"],"picked":"ForeignInfluence","floor":2},{"not_picked":["ThirdEye","Evaluate"],"picked":"SashWhip","floor":5},{"not_picked":["Replay:AtTheReady","FollowUp"],"picked":"SandsOfTime","floor":6},{"not_picked":["BattleHymn","Replay:DivineShield"],"picked":"Judgement","floor":7},{"not_picked":["PathToVictory","CrushJoints"],"picked":"Sanctity","floor":9},{"not_picked":["FlyingSleeves","JustLucky"],"picked":"MentalFortress","floor":12},{"not_picked":["PathToVictory","ThirdEye"],"picked":"Replay:Hum","floor":13},{"not_picked":["Replay:AtTheReady","ThirdEye"],"picked":"Conclude","floor":15},{"not_picked":["ConjureBlade","Alpha"],"picked":"DeusExMachina","floor":18},{"not_picked":["FollowUp","Replay:BluntJabs"],"picked":"CutThroughFate+1","floor":20},{"not_picked":["BattleHymn","InnerPeace+1","Fasting2"],"picked":"SKIP","floor":23},{"not_picked":["Protect","Replay:Battleflow"],"picked":"CarveReality+1","floor":24},{"not_picked":["CutThroughFate","FlyingSleeves"],"picked":"Perseverance+1","floor":26}],"player_experience":609029,"relics_obtained":[{"floor":11,"key":"Whetstone"},{"floor":15,"key":"Replay:Mystery Machine"},{"floor":16,"key":"Nunchaku"}],"event_choices":[{"damage_healed":0,"gold_gain":0,"player_choice":"Grow","damage_taken":0,"max_hp_gain":0,"max_hp_loss":0,"event_name":"Living Wall","floor":14,"gold_loss":0,"cards_upgraded":["Replay:Battleflow"]},{"damage_healed":0,"gold_gain":540,"player_choice":"GOLD GOLD GOLD GOLD GOLD GOLD ","damage_taken":57,"max_hp_gain":0,"max_hp_loss":0,"event_name":"Knowing Skull","floor":22,"potions_obtained":[],"gold_loss":0,"cards_obtained":[]}],"is_beta":false,"boss_relics":[{"not_picked":["Empty Cage","ReplayTheSpireMod:DimensionalGlitch"],"picked":"ChewingGum"}],"items_purged_floors":[21],"is_endless":false,"potions_floor_spawned":[1,5,7,12,26],"killed_by":"Book of Stabbing","ascension_level":0}}