{"host":"2pffx5rqbod9ds0c","time":1607791638,"event":{"mods":["BaseMod","Better Altar","Better Match","Better Note","Better Sensory Stone","Better Skull","Better Third Choice","Custom Start","Hubris","Minty Spire (QoL Compilation)","Quick Restart","Relic Stats","Robot Space Explorer","Spicy Shops","StSLib"],"gold_per_floor":[113,126,146,146,158,185,198,231,231,231,257,332,332,332,332,429,429,439,439,439,349,349,377,394,419,419,436,68,68,85,85,85,181,181,198,210,210,225,237,265,265,299,299,27,27,44,44,70,70,70],"floor_reached":51,"playtime":2484,"items_purged":["RobotSpaceExplorer:Strike","RobotSpaceExplorer:Defend"],"score":1038,"play_id":"68b531ad-b1f6-488e-9bb4-a240c0bd103a","local_time":"20201212084718","is_ascension_mode":true,"campfire_choices":[{"data":"RobotSpaceExplorer:MiniBoosters","floor":10.0,"key":"SMITH"},{"data":"RobotSpaceExplorer:MiniDrones","floor":15.0,"key":"SMITH"},{"data":"RobotSpaceExplorer:PowerGlove","floor":32,"key":"SMITH"},{"data":"RobotSpaceExplorer:ScrapToss","floor":41,"key":"SMITH"},{"data":"RobotSpaceExplorer:Scan","floor":47,"key":"SMITH"},{"data":"RobotSpaceExplorer:Defend","floor":49,"key":"SMITH"}],"circlet_count":0,"master_deck":["RobotSpaceExplorer:Strike+1","RobotSpaceExplorer:Defend+1","RobotSpaceExplorer:Defend","RobotSpaceExplorer:Defend+1","RobotSpaceExplorer:Scan+1","RobotSpaceExplorer:MiniLasers+1","RobotSpaceExplorer:MiniBoosters+1","RobotSpaceExplorer:Probe+1","RobotSpaceExplorer:ChargingLaser+1","RobotSpaceExplorer:MiniDrones+1","RobotSpaceExplorer:PowerGlove+1","RobotSpaceExplorer:ScrapToss+1","RobotSpaceExplorer:MiniBoosters+1","RobotSpaceExplorer:ShovelStrike+1"],"relics":["RobotSpaceExplorer:RoboCore","Whetstone","hubris:PeanutButter","Juzu Bracelet","The Courier","Ginger","Black Star","hubris:Icosahedron","Bloody Idol","Toy Ornithopter","Letter Opener","hubris:SlimyHat","Regal Pillow","Blue Candle","Blood Vial","hubris:TinFlute","Nilry\u0027s Codex","Coffee Dripper","hubris:CuriousFeather","Shuriken","Turnip","Akabeko","Question Card","Ornamental Fan","Pantograph","HornCleat"],"acts_visited":["Exordium","TheCity","TheBeyond"],"potions_floor_usage":[23,25,33,50,50,50,50,50],"damage_taken":[{"damage":1.0,"enemies":"Cultist","floor":1.0,"turns":3.0},{"damage":3.0,"enemies":"Small Slimes","floor":2.0,"turns":4.0},{"damage":1.0,"enemies":"Jaw Worm","floor":3.0,"turns":4.0},{"damage":8.0,"enemies":"Exordium Thugs","floor":5.0,"turns":5.0},{"damage":5.0,"enemies":"Gremlin Nob","floor":6.0,"turns":3.0},{"damage":1.0,"enemies":"Large Slime","floor":7.0,"turns":4.0},{"damage":6.0,"enemies":"Lagavulin","floor":8.0,"turns":9.0},{"damage":6.0,"enemies":"Gremlin Nob","floor":11.0,"turns":4.0},{"damage":15.0,"enemies":"The Guardian","floor":16.0,"turns":11.0},{"damage":3.0,"enemies":"Spheric Guardian","floor":18.0,"turns":4.0},{"damage":2,"enemies":"Gremlin Leader","floor":23,"turns":6},{"damage":0,"enemies":"Chosen","floor":24,"turns":3},{"damage":10,"enemies":"Slavers","floor":25,"turns":3},{"damage":0,"enemies":"Centurion and Healer","floor":27,"turns":4},{"damage":0,"enemies":"Chosen and Byrds","floor":30,"turns":3},{"damage":0,"enemies":"Automaton","floor":33,"turns":5},{"damage":0,"enemies":"3 Darklings","floor":35,"turns":3},{"damage":4,"enemies":"3 Shapes","floor":36,"turns":3},{"damage":1,"enemies":"Sphere and 2 Shapes","floor":38,"turns":5},{"damage":0,"enemies":"Jaw Worm Horde","floor":39,"turns":3},{"damage":24,"enemies":"Nemesis","floor":40,"turns":5},{"damage":0,"enemies":"Giant Head","floor":42,"turns":6},{"damage":0,"enemies":"Transient","floor":46,"turns":5},{"damage":0,"enemies":"Nemesis","floor":48,"turns":4},{"damage":0,"enemies":"Donu and Deca","floor":50,"turns":4}],"seed_played":"-628117717886913752","potions_obtained":[{"floor":1.0,"key":"FearPotion"},{"floor":3.0,"key":"BlessingOfTheForge"},{"floor":7.0,"key":"GamblersBrew"},{"floor":14.0,"key":"EntropicBrew"},{"floor":14.0,"key":"BlessingOfTheForge"},{"floor":14.0,"key":"BlessingOfTheForge"},{"floor":24,"key":"Energy Potion"},{"floor":27,"key":"Swift Potion"},{"floor":33,"key":"AttackPotion"}],"is_trial":false,"path_per_floor":["M","M","M","?","M","E","M","E","T","R","E","?","?","?","R","B",null,"M","?","?","?","?","E","M","E","T","M","$","?","M","?","R","B",null,"M","M","?","M","M","E","R","E","T","$","?","M","R","E","R","B",null],"character_chosen":"RobotSpaceExplorer","items_purchased":["Blood Vial","hubris:TinFlute","Ornamental Fan"],"campfire_rested":0,"item_purchase_floors":[28,28,44],"current_hp_per_floor":[74,71,70,70,62,57,56,50,50,50,44,37,30,30,30,15,75,72,72,34,34,34,37,42,42,42,47,47,31,38,38,38,50,75,75,75,75,75,75,56,56,63,63,63,63,70,70,71,71,71],"gold":70,"neow_bonus":"UPGRADE_CARD","is_daily":false,"chose_seed":false,"campfire_upgraded":6,"win_rate":0.0,"timestamp":1607791638,"path_taken":["M","?","M","?","M","E","M","E","T","R","E","?","?","?","R","BOSS","M","?","?","?","?","E","M","E","T","M","$","?","M","?","R","BOSS","M","M","?","M","M","E","R","E","T","$","?","M","R","E","R","BOSS"],"items_purchased_type":["Relic","Relic","Relic"],"build_version":"2020-11-30","purchased_purges":2,"victory":true,"max_hp_per_floor":[75,75,75,75,75,75,75,75,75,75,75,75,75,75,75,75,75,75,75,75,75,75,75,75,75,75,75,75,75,75,75,75,75,75,75,75,75,75,75,75,75,75,75,75,71,71,71,71,71,71],"relic_stats":{"Regal Pillow":0,"counters":[25,113],"Blue Candle":[0],"Juzu Bracelet":4,"Whetstone":["RobotSpaceExplorer:Strike","RobotSpaceExplorer:Probe"],"Ginger":[2],"Letter Opener":[63],"Question Card":2,"Blood Vial":9,"Shuriken":[24],"Ornamental Fan":[68],"Bloody Idol":50,"Pantograph":0,"Turnip":[0],"Black Star":5,"obtain_stats":[{"Regal Pillow":25,"Nilry\u0027s Codex":29,"Juzu Bracelet":8,"hubris:SlimyHat":25,"Whetstone":6,"Ginger":11,"Blood Vial":28,"hubris:Icosahedron":19,"HornCleat":48,"Pantograph":48,"hubris:CuriousFeather":40,"hubris:TinFlute":28,"Blue Candle":26,"RobotSpaceExplorer:RoboCore":0,"The Courier":9,"Letter Opener":23,"Question Card":43,"Akabeko":42,"Shuriken":40,"Ornamental Fan":44,"Bloody Idol":20,"hubris:PeanutButter":8,"Turnip":42,"Black Star":17,"Coffee Dripper":34,"Toy Ornithopter":23},{"Regal Pillow":13,"Nilry\u0027s Codex":14,"Juzu Bracelet":7,"hubris:SlimyHat":13,"Whetstone":5,"Ginger":8,"Blood Vial":14,"hubris:Icosahedron":10,"HornCleat":24,"Pantograph":24,"hubris:CuriousFeather":21,"hubris:TinFlute":14,"Blue Candle":13,"RobotSpaceExplorer:RoboCore":0,"The Courier":7,"Letter Opener":11,"Question Card":22,"Akabeko":22,"Shuriken":21,"Ornamental Fan":22,"Bloody Idol":10,"hubris:PeanutButter":7,"Turnip":22,"Black Star":9,"Coffee Dripper":16,"Toy Ornithopter":11},{"Regal Pillow":63,"Nilry\u0027s Codex":67,"Juzu Bracelet":32,"hubris:SlimyHat":63,"Whetstone":19,"Ginger":36,"Blood Vial":67,"hubris:Icosahedron":51,"HornCleat":109,"Pantograph":109,"hubris:CuriousFeather":94,"hubris:TinFlute":67,"Blue Candle":63,"RobotSpaceExplorer:RoboCore":0,"The Courier":32,"Letter Opener":57,"Question Card":100,"Akabeko":100,"Shuriken":94,"Ornamental Fan":100,"Bloody Idol":51,"hubris:PeanutButter":32,"Turnip":100,"Black Star":47,"Coffee Dripper":75,"Toy Ornithopter":57}],"Toy Ornithopter":10},"card_choices":[{"not_picked":["RobotSpaceExplorer:SlimeMissile","RobotSpaceExplorer:FranticSearch"],"picked":"RobotSpaceExplorer:MiniBoosters","floor":1.0},{"not_picked":["RobotSpaceExplorer:Counterblock","RobotSpaceExplorer:GlueSpray"],"picked":"RobotSpaceExplorer:Probe","floor":2.0},{"not_picked":["RobotSpaceExplorer:StunGrenade","RobotSpaceExplorer:SelfCleaning"],"picked":"RobotSpaceExplorer:Exploration","floor":3.0},{"not_picked":["RobotSpaceExplorer:SurgingStrike","RobotSpaceExplorer:Ammunition","RobotSpaceExplorer:SlimeMissile"],"picked":"SKIP","floor":5.0},{"not_picked":["RobotSpaceExplorer:SurgingShield","RobotSpaceExplorer:GlueShot","RobotSpaceExplorer:GlueSpray"],"picked":"SKIP","floor":6.0},{"not_picked":["RobotSpaceExplorer:ShockKick","RobotSpaceExplorer:ScrapShield"],"picked":"RobotSpaceExplorer:MiniDrones","floor":7.0},{"not_picked":["RobotSpaceExplorer:RigExplosive","RobotSpaceExplorer:Counterblock","RobotSpaceExplorer:DoubleBlock"],"picked":"SKIP","floor":8.0},{"not_picked":["RobotSpaceExplorer:MetalStrike","RobotSpaceExplorer:GlueShot","RobotSpaceExplorer:StarDust"],"picked":"SKIP","floor":11.0},{"not_picked":["RobotSpaceExplorer:Counterblock","RobotSpaceExplorer:Ammunition","RobotSpaceExplorer:StarDust"],"picked":"SKIP","floor":18.0},{"not_picked":["RobotSpaceExplorer:Comet","RobotSpaceExplorer:RigExplosive","RobotSpaceExplorer:Autoloader"],"picked":"SKIP","floor":23},{"not_picked":["RobotSpaceExplorer:Pulsar","RobotSpaceExplorer:Counterblock"],"picked":"RobotSpaceExplorer:ScrapToss","floor":24},{"not_picked":["RobotSpaceExplorer:Ammunition","RobotSpaceExplorer:StarDust","RobotSpaceExplorer:Jetpack"],"picked":"SKIP","floor":25},{"not_picked":["RobotSpaceExplorer:Smokescreen","RobotSpaceExplorer:SlimeMissile","RobotSpaceExplorer:Ammunition"],"picked":"SKIP","floor":27},{"not_picked":["RobotSpaceExplorer:FrostMissile","RobotSpaceExplorer:Blitz+1","RobotSpaceExplorer:ToxicBomb+1"],"picked":"SKIP","floor":30},{"not_picked":["RobotSpaceExplorer:Ammunition","RobotSpaceExplorer:ImprovisedAttack","RobotSpaceExplorer:StarDust"],"picked":"SKIP","floor":35},{"not_picked":["RobotSpaceExplorer:Discharger+1","RobotSpaceExplorer:Probe+1","RobotSpaceExplorer:Pulsar+1"],"picked":"SKIP","floor":36},{"not_picked":["RobotSpaceExplorer:MetalStrike+1","RobotSpaceExplorer:StarLightning+1","RobotSpaceExplorer:Blitz+1"],"picked":"SKIP","floor":38},{"not_picked":["RobotSpaceExplorer:ImprovisedAttack","RobotSpaceExplorer:Counterblock"],"picked":"RobotSpaceExplorer:ShovelStrike+1","floor":39},{"not_picked":["RobotSpaceExplorer:HighVoltage","RobotSpaceExplorer:FrostMissile","RobotSpaceExplorer:SurgingShield"],"picked":"SKIP","floor":40},{"not_picked":["RobotSpaceExplorer:LaserBurst+1","RobotSpaceExplorer:Ammunition","RobotSpaceExplorer:GlueShot+1"],"picked":"SKIP","floor":42},{"not_picked":["RobotSpaceExplorer:ToxicBomb","RobotSpaceExplorer:Pulsar","RobotSpaceExplorer:FrostMissile+1","RobotSpaceExplorer:Probe+1"],"picked":"SKIP","floor":46},{"not_picked":["RobotSpaceExplorer:ImprovisedAttack","RobotSpaceExplorer:GlueShot","RobotSpaceExplorer:SwiftStep","RobotSpaceExplorer:Autoloader"],"picked":"SKIP","floor":48}],"player_experience":748511,"relics_obtained":[{"floor":6.0,"key":"Whetstone"},{"floor":8.0,"key":"hubris:PeanutButter"},{"floor":8.0,"key":"Juzu Bracelet"},{"floor":9.0,"key":"The Courier"},{"floor":11.0,"key":"Ginger"},{"floor":23,"key":"Toy Ornithopter"},{"floor":23,"key":"Letter Opener"},{"floor":25,"key":"hubris:SlimyHat"},{"floor":25,"key":"Regal Pillow"},{"floor":26,"key":"Blue Candle"},{"floor":29,"key":"Nilry\u0027s Codex"},{"floor":40,"key":"hubris:CuriousFeather"},{"floor":40,"key":"Shuriken"},{"floor":42,"key":"Turnip"},{"floor":42,"key":"Akabeko"},{"floor":43,"key":"Question Card"},{"floor":48,"key":"Pantograph"},{"floor":48,"key":"HornCleat"}],"event_choices":[{"cards_removed":["RobotSpaceExplorer:Exploration"],"damage_healed":0.0,"max_hp_gain":0.0,"max_hp_loss":0.0,"gold_gain":0.0,"event_name":"betterNote:BetterNote","player_choice":"Take \u0026 Give","floor":4.0,"gold_loss":0.0,"damage_taken":0.0,"cards_obtained":["RobotSpaceExplorer:ChargingLaser"]},{"damage_healed":0.0,"max_hp_gain":0.0,"max_hp_loss":0.0,"gold_gain":75.0,"event_name":"FaceTrader","player_choice":"Touch","floor":12.0,"gold_loss":0.0,"damage_taken":7.0},{"cards_removed":["RobotSpaceExplorer:Strike"],"damage_healed":0.0,"max_hp_gain":0.0,"max_hp_loss":0.0,"gold_gain":0.0,"event_name":"Golden Wing","player_choice":"Card Removal","floor":13.0,"gold_loss":0.0,"damage_taken":7.0},{"damage_healed":0.0,"max_hp_gain":0.0,"max_hp_loss":0.0,"gold_gain":0.0,"event_name":"Lab","player_choice":"Got Potions","floor":14.0,"gold_loss":0.0,"damage_taken":0.0},{"damage_healed":0.0,"max_hp_gain":72.0,"max_hp_loss":34.0,"gold_gain":0.0,"event_name":"betterAltar:BetterAltar","player_choice":" Idol ","floor":20.0,"potions_obtained":[],"relics_lost":[],"gold_loss":0.0,"damage_taken":38.0,"relics_obtained":["Bloody Idol"]},{"cards_removed":["RobotSpaceExplorer:Strike"],"damage_healed":0.0,"max_hp_gain":0.0,"max_hp_loss":0.0,"gold_gain":0.0,"event_name":"Designer","player_choice":"Upgrade and Remove","floor":21.0,"gold_loss":90.0,"damage_taken":0.0,"cards_upgraded":["RobotSpaceExplorer:Defend"]},{"damage_healed":0,"gold_gain":0,"player_choice":"Obtained Book","damage_taken":16,"max_hp_gain":0,"max_hp_loss":0,"event_name":"Cursed Tome","floor":29,"gold_loss":0},{"damage_healed":0,"gold_gain":0,"player_choice":"Ignored","damage_taken":0,"max_hp_gain":0,"max_hp_loss":0,"event_name":"Vampires","floor":31,"gold_loss":0},{"damage_healed":0,"gold_gain":0,"player_choice":"Copied","damage_taken":0,"max_hp_gain":0,"max_hp_loss":0,"event_name":"Duplicator","floor":37,"gold_loss":0,"cards_obtained":["RobotSpaceExplorer:MiniBoosters"]},{"damage_healed":0,"gold_gain":0,"player_choice":"Max HP","damage_taken":0,"max_hp_gain":0,"max_hp_loss":4,"event_name":"Winding Halls","floor":45,"gold_loss":0}],"is_beta":false,"boss_relics":[{"not_picked":["hubris:VirtuousBlindfold","Snecko Eye"],"picked":"Black Star"},{"not_picked":["hubris:ScarierMask","Runic Dome"],"picked":"Coffee Dripper"}],"items_purged_floors":[28,44],"is_endless":false,"potions_floor_spawned":[1,3,7,16,24,27,33,35,36,42],"ascension_level":1}}