{"host":"6ko66ogg91i6g7xq","time":1607769501,"event":{"mods":["AchievementEnabler","Act Like it!","BaseMod","Colored Map","Colored Powertips","Downfall","Hermit","Minty Spire (QoL Compilation)","Quick Restart","Relic Stats","StSLib","The Jungle","everything is the same but u backflip on backflip"],"gold_per_floor":[110,110,185,203,203,203,235,235],"floor_reached":7,"playtime":47,"items_purged":[],"score":78,"play_id":"e487252b-33b7-4115-8b97-2c0d7abdb7e1","local_time":"20201212053821","is_ascension_mode":true,"campfire_choices":[{"floor":6,"key":"RECALL"}],"circlet_count":0,"master_deck":["Strike_G","Strike_G","Strike_G","Strike_G","Strike_G","Defend_G","Defend_G","Defend_G","Defend_G","Defend_G","Survivor","Neutralize+1","Poisoned Stab"],"relics":["Ring of the Snake","NeowsBlessing","Toy Ornithopter","Regal Pillow"],"acts_visited":["Exordium"],"potions_floor_usage":[],"damage_taken":[{"damage":0,"enemies":"2 Louse","floor":1,"turns":1},{"damage":0,"enemies":"Small Slimes","floor":4,"turns":1},{"damage":0,"enemies":"Lagavulin","floor":7,"turns":1}],"seed_played":"-6917961822689850331","potions_obtained":[{"floor":4,"key":"FearPotion"},{"floor":7,"key":"SpeedPotion"}],"is_trial":false,"path_per_floor":["M","?","?","M","?","R","E"],"character_chosen":"THE_SILENT","items_purchased":[],"campfire_rested":0,"item_purchase_floors":[],"current_hp_per_floor":[70,70,59,59,41,41,41,41],"gold":235,"neow_bonus":"THREE_ENEMY_KILL","is_daily":false,"chose_seed":false,"campfire_upgraded":0,"win_rate":0.0,"timestamp":1607769501,"path_taken":["M","?","?","M","?","R","E"],"items_purchased_type":[],"build_version":"2020-11-30","purchased_purges":0,"victory":false,"max_hp_per_floor":[70,70,70,70,70,70,70,70],"relic_stats":{"Regal Pillow":0,"counters":[3,3],"obtain_stats":[{"Regal Pillow":7,"NeowsBlessing":0,"Toy Ornithopter":5,"Ring of the Snake":0},{"Regal Pillow":3,"NeowsBlessing":0,"Toy Ornithopter":2,"Ring of the Snake":0},{"Regal Pillow":3,"NeowsBlessing":0,"Toy Ornithopter":2,"Ring of the Snake":0}],"Toy Ornithopter":0,"Ring of the Snake":[6]},"card_choices":[{"not_picked":["Cloak And Dagger","All Out Attack","Endless Agony"],"picked":"SKIP","floor":1},{"not_picked":["Tactician","Dodge and Roll"],"picked":"Poisoned Stab","floor":4}],"player_experience":257347,"relics_obtained":[{"floor":7,"key":"Regal Pillow"}],"event_choices":[{"damage_healed":0,"gold_gain":0,"player_choice":"Grow","damage_taken":0,"max_hp_gain":0,"max_hp_loss":0,"event_name":"Living Wall","floor":2,"gold_loss":0,"cards_upgraded":["Neutralize"]},{"damage_healed":0,"gold_gain":75,"player_choice":"Gather Gold","damage_taken":11,"max_hp_gain":0,"max_hp_loss":0,"event_name":"World of Goop","floor":3,"gold_loss":0},{"damage_healed":0,"gold_gain":0,"player_choice":"Success","damage_taken":18,"relics_obtained":["Toy Ornithopter"],"max_hp_gain":0,"max_hp_loss":0,"event_name":"Scrap Ooze","floor":5,"gold_loss":0}],"is_beta":false,"boss_relics":[],"items_purged_floors":[],"is_endless":false,"potions_floor_spawned":[4,7],"killed_by":"Lagavulin","ascension_level":1}}