{"host":"ea1gz0s8chhg5p89","time":1607807438,"event":{"mods":["Act Like it!","BaseMod","Decade(王小明)","Gensokyo","Marisa（F雨　魔理沙）","Minty Spire (QoL Compilation)","Pale of the Ancients","Remilia（蕾米莉亚）","Replay The Spire","StSLib","The Servant 0.9.4","WarShipGirlsR/战舰少女R mod","Youmu（魂魄妖梦）"],"gold_per_floor":[110,110,129,229,241,267,267,300,300,334,345,376,376,376,376],"floor_reached":14,"playtime":1108,"items_purged":[],"score":193,"play_id":"3055235d-23a7-40f0-bd31-29c2d697d8d7","local_time":"20201213051038","daily_mods":["DeadlyEvents","Elite Swarm"],"is_ascension_mode":false,"campfire_choices":[{"data":"BloodyCatastrophe","floor":7,"key":"SMITH"},{"data":"QueenOfMidnight","floor":13,"key":"SMITH"}],"circlet_count":0,"master_deck":["Strike_RM","Strike_RM","Strike_RM","Strike_RM","Defend_RM","Defend_RM","Defend_RM","Defend_RM","RedMoon","ScarletShoot","NightDance","Doubt","RedRainbow","ScarletSymphony","BloodyCatastrophe+1","QueenOfMidnight+1","EquivalentExchange","Maim","BloodRain"],"relics":["ScarletHat","replay:Trail_Library","ReplayTheSpireMod:Ring of Addiction","Toy Ornithopter","White Beast Statue","Bag of Marbles","Question Card","Garlic","Girya"],"acts_visited":["Gensokyo:Gensokyo"],"potions_floor_usage":[6,6,6,12,12,14,14],"damage_taken":[{"damage":0,"enemies":"Gensokyo:2_Kodama","floor":1,"turns":4},{"damage":0,"enemies":"Gensokyo:3_Fairies","floor":3,"turns":7},{"damage":3,"enemies":"Gensokyo:Gryphon","floor":5,"turns":4},{"damage":0,"enemies":"Gensokyo:Cirno","floor":6,"turns":10},{"damage":13,"enemies":"Gensokyo:Mamizou","floor":8,"turns":9},{"damage":55,"enemies":"Gensokyo:Aya","floor":10,"turns":8},{"damage":1,"enemies":"Gensokyo:Python_and_Kodama","floor":11,"turns":3},{"damage":23,"enemies":"Gensokyo:Cirno","floor":12,"turns":9},{"damage":70,"enemies":"Gensokyo:Mamizou","floor":14,"turns":13}],"seed_played":"-339358209740445250","potions_obtained":[{"floor":2,"key":"SteroidPotion"},{"floor":2,"key":"Swift Potion"},{"floor":2,"key":"EssenceOfSteel"},{"floor":6,"key":"EssenceOfSteel"},{"floor":8,"key":"DistilledChaos"},{"floor":10,"key":"LiquidBronze"},{"floor":11,"key":"LiquidMemories"},{"floor":12,"key":"Languid Potion"}],"is_trial":true,"path_per_floor":["M","?","M","?","M","E","R","E","T","E","M","E","R","E"],"character_chosen":"REMILIA","items_purchased":[],"campfire_rested":0,"item_purchase_floors":[],"current_hp_per_floor":[75,75,75,75,72,73,73,60,60,23,23,19,19,0,0],"gold":376,"neow_bonus":"","is_daily":false,"chose_seed":false,"campfire_upgraded":2,"win_rate":0.0,"timestamp":1607807438,"path_taken":["M","?","M","?","?","E","R","E","T","E","?","E","R","E"],"items_purchased_type":[],"build_version":"2020-11-30","purchased_purges":0,"victory":false,"max_hp_per_floor":[75,75,75,75,75,73,73,73,73,71,71,71,71,71,71],"card_choices":[{"not_picked":["CharismaGuard","UnderTheZenith"],"picked":"NightDance","floor":1},{"not_picked":["VampireKiss","StarOfDavid"],"picked":"RedRainbow","floor":3},{"not_picked":["MillenniumVampire","BlasphemousPunishment"],"picked":"ScarletSymphony","floor":5},{"not_picked":["CurseOfVladTepes","CeilingFear"],"picked":"BloodyCatastrophe","floor":6},{"not_picked":["ScarletMeister","KillingBlow"],"picked":"QueenOfMidnight","floor":8},{"not_picked":["DemonKingCradle","BloodyHallows","ChaoticDestiny"],"picked":"EquivalentExchange","floor":10},{"not_picked":["ScarletImprint","ScarletDream","CharismaGuard"],"picked":"Maim","floor":11},{"not_picked":["QueenOfMidnight","CeilingFear","HellCatastrophe"],"picked":"BloodRain","floor":12}],"player_experience":493820,"relics_obtained":[{"floor":2,"key":"ReplayTheSpireMod:Ring of Addiction"},{"floor":2,"key":"Toy Ornithopter"},{"floor":2,"key":"White Beast Statue"},{"floor":6,"key":"Bag of Marbles"},{"floor":8,"key":"Question Card"},{"floor":10,"key":"Garlic"},{"floor":12,"key":"Girya"}],"event_choices":[],"is_beta":false,"boss_relics":[],"items_purged_floors":[],"is_endless":true,"potions_floor_spawned":[3,5,6,8,10,11,12],"killed_by":"Gensokyo:Mamizou","ascension_level":0}}