{"host":"Jedit","time":1607815088,"event":{"mods":["BaseMod","Minty Spire (QoL Compilation)","Relic Stats","StSLib"],"gold_per_floor":[115,129,13,25,40,40,75,35,88,119,119,154,165,198,198,299,299,311,311,321,321,337,337,354,384,462,462,481,493,493,506,506,604,604,616,666,666,686,371,371,26,60,115,147,147,157,175,200,200,200,200,200,75,104,104],"floor_reached":56,"playtime":2172,"items_purged":["Pain","Strike_G","Strike_G"],"score":1661,"play_id":"57e98271-a374-40a2-b7d5-e61496850086","local_time":"20201212231808","is_ascension_mode":true,"campfire_choices":[{"data":"Cloak And Dagger","floor":6.0,"key":"SMITH"},{"data":"Blade Dance","floor":11.0,"key":"SMITH"},{"data":"Accuracy","floor":15.0,"key":"SMITH"},{"data":"A Thousand Cuts","floor":23.0,"key":"SMITH"},{"data":"After Image","floor":27.0,"key":"SMITH"},{"floor":32.0,"key":"REST"},{"floor":40.0,"key":"RECALL"},{"floor":49.0,"key":"REST"},{"data":"Terror","floor":52,"key":"SMITH"}],"circlet_count":0,"master_deck":["Strike_G","Strike_G","Strike_G","Defend_G","Defend_G","Defend_G","Defend_G","Defend_G","Survivor","Neutralize","Slice","Blade Dance+1","Choke","Deadly Poison","Cloak And Dagger+1","Accuracy","Blade Dance","Accuracy+1","Terror+1","Deadly Poison","A Thousand Cuts+1","Deflect","Cloak And Dagger","Blade Dance+1","Catalyst","After Image+1","Dodge and Roll+1","Distraction+1","Malaise","Deflect+1","Footwork","PiercingWail","Parasite","Cloak And Dagger+1","Malaise"],"relics":["SacredBark","InkBottle","Blood Vial","Potion Belt","Ornamental Fan","Bag of Marbles","Cursed Key","Nunchaku","Bottled Lightning","WristBlade","Ginger","HornCleat","ClockworkSouvenir","Gremlin Horn","Mummified Hand","Ancient Tea Set","Akabeko"],"acts_visited":["Exordium","TheCity","TheBeyond","TheEnding"],"potions_floor_usage":[50,54,55,55,55,55,55,55,55,55],"damage_taken":[{"damage":11.0,"enemies":"Cultist","floor":1.0,"turns":6.0},{"damage":2.0,"enemies":"2 Louse","floor":2.0,"turns":3.0},{"damage":10.0,"enemies":"Small Slimes","floor":4.0,"turns":3.0},{"damage":0.0,"enemies":"Exordium Wildlife","floor":5.0,"turns":2.0},{"damage":1.0,"enemies":"Gremlin Nob","floor":7.0,"turns":3.0},{"damage":7.0,"enemies":"Lagavulin","floor":10.0,"turns":5.0},{"damage":11.0,"enemies":"Gremlin Nob","floor":12.0,"turns":3.0},{"damage":0.0,"enemies":"Blue Slaver","floor":13.0,"turns":3.0},{"damage":6.0,"enemies":"3 Sentries","floor":14.0,"turns":4.0},{"damage":0.0,"enemies":"Slime Boss","floor":16.0,"turns":5.0},{"damage":0.0,"enemies":"3 Byrds","floor":18.0,"turns":3.0},{"damage":0.0,"enemies":"Chosen","floor":20.0,"turns":3.0},{"damage":15.0,"enemies":"Snake Plant","floor":22.0,"turns":3.0},{"damage":14.0,"enemies":"Shelled Parasite and Fungi","floor":24.0,"turns":4.0},{"damage":0.0,"enemies":"Book of Stabbing","floor":25.0,"turns":2.0},{"damage":3.0,"enemies":"Centurion and Healer","floor":28.0,"turns":5.0},{"damage":9.0,"enemies":"Cultist and Chosen","floor":29.0,"turns":3.0},{"damage":0.0,"enemies":"Snecko","floor":31.0,"turns":4.0},{"damage":13.0,"enemies":"Automaton","floor":33.0,"turns":6.0},{"damage":3.0,"enemies":"3 Shapes","floor":35.0,"turns":3.0},{"damage":0.0,"enemies":"Mind Bloom Boss Battle","floor":36.0,"turns":5.0},{"damage":0.0,"enemies":"Orb Walker","floor":38.0,"turns":1.0},{"damage":0.0,"enemies":"Reptomancer","floor":42.0,"turns":4.0},{"damage":23.0,"enemies":"Nemesis","floor":44.0,"turns":5.0},{"damage":0.0,"enemies":"4 Shapes","floor":46.0,"turns":2.0},{"damage":0.0,"enemies":"Jaw Worm Horde","floor":47.0,"turns":2.0},{"damage":20.0,"enemies":"Giant Head","floor":48.0,"turns":6.0},{"damage":3,"enemies":"Donu and Deca","floor":50,"turns":6},{"damage":0,"enemies":"Shield and Spear","floor":54,"turns":6},{"damage":15,"enemies":"The Heart","floor":55,"turns":6}],"seed_played":"-8310057393877743946","potions_obtained":[{"floor":5.0,"key":"DuplicationPotion"},{"floor":7.0,"key":"Block Potion"},{"floor":8.0,"key":"SkillPotion"},{"floor":8.0,"key":"LiquidBronze"},{"floor":12.0,"key":"CultistPotion"},{"floor":13.0,"key":"SteroidPotion"},{"floor":20.0,"key":"GhostInAJar"},{"floor":25.0,"key":"LiquidMemories"},{"floor":29.0,"key":"Strength Potion"},{"floor":31.0,"key":"AttackPotion"},{"floor":33.0,"key":"Strength Potion"},{"floor":35.0,"key":"DistilledChaos"},{"floor":36.0,"key":"BlessingOfTheForge"},{"floor":48.0,"key":"ColorlessPotion"}],"is_trial":false,"path_per_floor":["M","M","$","M","M","R","E","?","T","E","R","E","M","E","R","B",null,"M","?","M","?","M","R","M","E","T","R","M","M","?","M","R","B",null,"M","?","?","M","$","R","$","E","T","E","T","M","M","E","R","B",null,"R","$","E","B",null],"character_chosen":"THE_SILENT","items_purchased":["Choke","Explosive Potion","HornCleat","ClockworkSouvenir","EntropicBrew"],"campfire_rested":2,"item_purchase_floors":[3,3,39,41,41],"current_hp_per_floor":[59,57,57,47,47,47,46,46,46,41,41,32,34,30,30,32,70,70,70,70,70,55,55,43,45,45,45,44,37,37,39,60,49,70,67,69,69,70,70,70,70,70,70,47,47,49,51,33,54,53,70,70,70,70,55],"gold":104,"neow_bonus":"BOSS_RELIC","is_daily":false,"chose_seed":false,"campfire_upgraded":6,"win_rate":0.0,"timestamp":1607815088,"path_taken":["M","M","$","M","M","R","E","?","T","E","R","E","?","E","R","BOSS","M","?","M","?","M","R","?","E","T","R","M","M","?","?","R","BOSS","M","?","?","M","$","R","$","E","T","E","?","?","M","E","R","BOSS","R","$","E","BOSS"],"items_purchased_type":["Card","Potion","Relic","Relic","Potion"],"build_version":"2020-12-07","purchased_purges":3,"victory":true,"max_hp_per_floor":[70,70,70,70,70,70,70,70,70,70,70,70,70,70,70,70,70,70,70,70,70,70,70,70,70,70,70,70,70,70,70,70,70,70,70,70,70,70,70,70,70,70,70,70,70,70,70,70,70,70,70,70,70,70,70],"relic_stats":{"Blood Vial":33,"Nunchaku":[24],"Gremlin Horn":[7,7],"counters":[30,116],"Ornamental Fan":[308],"Mummified Hand":[30],"Ginger":[5],"Cursed Key":2,"obtain_stats":[{"Potion Belt":10,"Gremlin Horn":42,"SacredBark":0,"Ginger":36,"Cursed Key":17,"Ancient Tea Set":48,"Akabeko":54,"ClockworkSouvenir":41,"Blood Vial":9,"Nunchaku":25,"HornCleat":39,"WristBlade":34,"Ornamental Fan":12,"Mummified Hand":44,"Bag of Marbles":14,"Bottled Lightning":26,"InkBottle":7,"Ring of the Snake":0},{"Potion Belt":6,"Gremlin Horn":23,"SacredBark":0,"Ginger":21,"Cursed Key":10,"Ancient Tea Set":27,"Akabeko":29,"ClockworkSouvenir":22,"Blood Vial":5,"Nunchaku":15,"HornCleat":22,"WristBlade":19,"Ornamental Fan":7,"Mummified Hand":24,"Bag of Marbles":9,"Bottled Lightning":15,"InkBottle":5,"Ring of the Snake":0},{"Potion Belt":22,"Gremlin Horn":83,"SacredBark":0,"Ginger":78,"Cursed Key":37,"Ancient Tea Set":98,"Akabeko":110,"ClockworkSouvenir":79,"Blood Vial":17,"Nunchaku":52,"HornCleat":79,"WristBlade":70,"Ornamental Fan":25,"Mummified Hand":88,"Bag of Marbles":32,"Bottled Lightning":52,"InkBottle":17,"Ring of the Snake":0}],"InkBottle":[63]},"card_choices":[{"not_picked":["Cloak And Dagger","Dodge and Roll"],"picked":"Slice","floor":1.0},{"not_picked":["Calculated Gamble","Caltrops"],"picked":"Blade Dance","floor":2.0},{"not_picked":["Leg Sweep","Outmaneuver"],"picked":"Deadly Poison","floor":4.0},{"not_picked":["Choke","Dodge and Roll"],"picked":"Cloak And Dagger","floor":5.0},{"not_picked":["Masterful Stab","Prepared"],"picked":"Accuracy","floor":7.0},{"not_picked":["Choke","Quick Slash"],"picked":"Blade Dance","floor":10.0},{"not_picked":["A Thousand Cuts","Dodge and Roll"],"picked":"Accuracy","floor":12.0},{"not_picked":["Poisoned Stab","Acrobatics"],"picked":"Terror","floor":13.0},{"not_picked":["Expertise","Heel Hook"],"picked":"Deadly Poison","floor":14.0},{"not_picked":["Unload","Glass Knife"],"picked":"A Thousand Cuts","floor":16.0},{"not_picked":["Reflex","Acrobatics"],"picked":"Deflect","floor":18.0},{"not_picked":["Eviscerate","Quick Slash","Sucker Punch"],"picked":"SKIP","floor":20.0},{"not_picked":["Dagger Spray+1","Flechettes"],"picked":"Catalyst","floor":22.0},{"not_picked":["Deflect","Underhanded Strike+1"],"picked":"After Image","floor":24.0},{"not_picked":["Acrobatics+1","Blade Dance","Slice"],"picked":"SKIP","floor":25.0},{"not_picked":["Outmaneuver","Quick Slash"],"picked":"Dodge and Roll+1","floor":28.0},{"not_picked":["Crippling Poison","Leg Sweep","Quick Slash"],"picked":"SKIP","floor":29.0},{"not_picked":["Outmaneuver","Dagger Throw"],"picked":"Distraction+1","floor":31.0},{"not_picked":["Wraith Form v2","After Image"],"picked":"Malaise","floor":33.0},{"not_picked":["Underhanded Strike+1","Acrobatics+1"],"picked":"Deflect+1","floor":35.0},{"not_picked":["Slice","Acrobatics"],"picked":"Footwork","floor":36.0},{"not_picked":["Poisoned Stab","Tactician"],"picked":"PiercingWail","floor":38.0},{"not_picked":["Predator+1","Catalyst+1","Choke+1"],"picked":"SKIP","floor":42.0},{"not_picked":["Quick Slash+1","Sucker Punch+1","PiercingWail+1"],"picked":"SKIP","floor":44.0},{"not_picked":["Deflect","Dagger Spray","Calculated Gamble"],"picked":"SKIP","floor":46.0},{"not_picked":["Flechettes","Quick Slash"],"picked":"Cloak And Dagger+1","floor":47.0},{"not_picked":["Choke+1","Prepared+1"],"picked":"Malaise","floor":48.0},{"not_picked":["Poisoned Stab+1","Deflect","Deadly Poison+1"],"picked":"SKIP","floor":54}],"player_experience":3380947,"relics_obtained":[{"floor":7.0,"key":"InkBottle"},{"floor":9.0,"key":"Blood Vial"},{"floor":10.0,"key":"Potion Belt"},{"floor":12.0,"key":"Ornamental Fan"},{"floor":14.0,"key":"Bag of Marbles"},{"floor":25.0,"key":"Nunchaku"},{"floor":26.0,"key":"Bottled Lightning"},{"floor":36.0,"key":"Ginger"},{"floor":42.0,"key":"Gremlin Horn"},{"floor":44.0,"key":"Mummified Hand"},{"floor":48.0,"key":"Ancient Tea Set"},{"floor":54,"key":"Akabeko"}],"event_choices":[{"damage_healed":0.0,"max_hp_gain":0.0,"max_hp_loss":0.0,"gold_gain":0.0,"event_name":"The Woman in Blue","player_choice":"Bought 3 Potions","floor":8.0,"gold_loss":0.0,"damage_taken":0.0},{"damage_healed":0.0,"max_hp_gain":0.0,"max_hp_loss":0.0,"gold_gain":0.0,"event_name":"The Library","player_choice":"Read","floor":19.0,"gold_loss":0.0,"damage_taken":0.0,"cards_obtained":["Cloak And Dagger"]},{"damage_healed":0.0,"max_hp_gain":0.0,"max_hp_loss":0.0,"gold_gain":0.0,"event_name":"Duplicator","player_choice":"Copied","floor":21.0,"gold_loss":0.0,"damage_taken":0.0,"cards_obtained":["Blade Dance"]},{"damage_healed":0.0,"max_hp_gain":0.0,"max_hp_loss":0.0,"gold_gain":0.0,"event_name":"N\u0027loth","player_choice":"Ignored","floor":30.0,"gold_loss":0.0,"damage_taken":0.0},{"damage_healed":0.0,"max_hp_gain":0.0,"max_hp_loss":0.0,"gold_gain":0.0,"event_name":"MindBloom","player_choice":"Fight","floor":36.0,"gold_loss":0.0,"damage_taken":0.0},{"damage_healed":0.0,"max_hp_gain":0.0,"max_hp_loss":0.0,"gold_gain":0.0,"event_name":"SensoryStone","player_choice":"Memory 1","floor":37.0,"gold_loss":0.0,"damage_taken":0.0}],"is_beta":true,"boss_relics":[{"not_picked":["Philosopher\u0027s Stone","Black Star"],"picked":"Cursed Key"},{"not_picked":["Fusion Hammer","Astrolabe"],"picked":"WristBlade"}],"items_purged_floors":[39,41,53],"is_endless":false,"potions_floor_spawned":[5,7,12,13,20,25,29,31,33,35,36,48],"ascension_level":3}}