{"host":"91n1pc4te07j54gv","time":1607749371,"event":{"mods":["BaseMod","BetterRewards","Colored Powertips","Downfall","Highlight Path","Infinite Spire","Minty Spire (QoL Compilation)","Quick Restart","Relic Filter","Relic Stats","Replay The Spire","Spicy Shops","StSLib"],"gold_per_floor":[110,110,123,123,123,136,168,168,168,223,249,264,284,312,312,411,411,429,429,439,26,26,51,51,63,63,63,63],"floor_reached":27,"playtime":1218,"items_purged":[],"score":527,"play_id":"b426a5c9-93af-4a4c-8b9b-028659c6abec","local_time":"20201212130251","is_ascension_mode":true,"campfire_choices":[{"data":"Buffer","floor":8.0,"key":"SMITH"},{"data":"Buffer","floor":15.0,"key":"SMITH"},{"floor":24,"key":"RECALL"}],"circlet_count":0,"master_deck":["AscendersBane","Zap","Dualcast","Core Surge","Double Energy","Hologram","ReplayTheSpireMod:Omega Cannon","BasicCrystalCard+1","Buffer+1","Buffer+1","Stack","Cold Snap","Hologram","Cold Snap","Skim","Meteor Strike","Coolheaded","Loop","Replay:Bootleg Shield Generator","RitualDagger","White Noise","Chill"],"relics":["Pandora\u0027s Box","infinitespire:Cubic Diamond","Quantum Egg","Geode","Vajra","Lantern","Regal Pillow","SacredBark","Ice Cream","infinitespire:Lychee Nut","InkBottle","MealTicket"],"acts_visited":["TheCity"],"potions_floor_usage":[25,27],"damage_taken":[{"damage":0.0,"enemies":"2 Louse","floor":1.0,"turns":2.0},{"damage":0.0,"enemies":"Small Slimes","floor":3.0,"turns":2.0},{"damage":0.0,"enemies":"Cultist","floor":6.0,"turns":3.0},{"damage":0.0,"enemies":"Lagavulin","floor":7.0,"turns":7.0},{"damage":0.0,"enemies":"Lagavulin Event","floor":10.0,"turns":5.0},{"damage":0.0,"enemies":"Gremlin Nob","floor":11.0,"turns":4.0},{"damage":0.0,"enemies":"Blue Slaver","floor":12.0,"turns":3.0},{"damage":0.0,"enemies":"2 Fungi Beasts","floor":13.0,"turns":3.0},{"damage":10.0,"enemies":"3 Sentries","floor":14.0,"turns":3.0},{"damage":0.0,"enemies":"Slime Boss","floor":16.0,"turns":9.0},{"damage":0.0,"enemies":"Chosen","floor":18.0,"turns":5.0},{"damage":0.0,"enemies":"Spheric Guardian","floor":20.0,"turns":4.0},{"damage":19,"enemies":"Replay:Snechameleon","floor":23,"turns":6},{"damage":12,"enemies":"Chosen and Byrds","floor":25,"turns":7},{"damage":46,"enemies":"Book of Stabbing","floor":27,"turns":7}],"seed_played":"8165207223107071165","potions_obtained":[{"floor":1.0,"key":"Swift Potion"},{"floor":3.0,"key":"Regen Potion"},{"floor":10.0,"key":"GamblersBrew"},{"floor":11.0,"key":"Strength Potion"},{"floor":12.0,"key":"SkillPotion"},{"floor":20.0,"key":"Dexterity Potion"}],"is_trial":false,"path_per_floor":["M","?","M","?","?","M","E","R","T","?","E","M","M","E","R","B",null,"M","?","M","$","?","E","R","M","T","E"],"character_chosen":"DEFECT","items_purchased":["Ice Cream","infinitespire:Lychee Nut","Loop","Replay:Bootleg Shield Generator"],"campfire_rested":0,"item_purchase_floors":[21,21,21,21],"current_hp_per_floor":[68,68,68,68,68,68,68,68,68,68,68,68,68,58,58,58,71,71,71,71,56,50,37,37,44,44,4,4],"gold":63,"neow_bonus":"BOSS_RELIC","is_daily":false,"chose_seed":false,"campfire_upgraded":2,"win_rate":0.0,"timestamp":1607749371,"path_taken":["M","?","M","?","?","M","E","R","T","?","E","M","M","E","R","BOSS","M","?","M","$","?","E","R","M","T","E"],"items_purchased_type":["Relic","Relic","Card","Card"],"build_version":"2020-11-30","purchased_purges":0,"victory":false,"max_hp_per_floor":[75,75,75,75,75,75,75,75,75,75,75,75,75,75,75,75,75,75,75,75,56,56,56,56,56,56,56,56],"relic_stats":{"Regal Pillow":0,"counters":[15,70],"Pandora\u0027s Box":["Core Surge","Double Energy","Hologram","ReplayTheSpireMod:Omega Cannon","BasicCrystalCard","Buffer","Buffer","Stack"],"MealTicket":0,"obtain_stats":[{"Ice Cream":21,"Lantern":11,"Regal Pillow":14,"Quantum Egg":4,"SacredBark":17,"Vajra":10,"infinitespire:Cubic Diamond":2,"Geode":7,"infinitespire:Lychee Nut":21,"Pandora\u0027s Box":0,"MealTicket":26,"Cracked Core":0,"InkBottle":23},{"Ice Cream":12,"Lantern":6,"Regal Pillow":9,"Quantum Egg":2,"SacredBark":10,"Vajra":4,"infinitespire:Cubic Diamond":1,"Geode":4,"infinitespire:Lychee Nut":12,"Pandora\u0027s Box":0,"MealTicket":14,"Cracked Core":0,"InkBottle":13},{"Ice Cream":50,"Lantern":23,"Regal Pillow":32,"Quantum Egg":4,"SacredBark":41,"Vajra":14,"infinitespire:Cubic Diamond":2,"Geode":14,"infinitespire:Lychee Nut":50,"Pandora\u0027s Box":0,"MealTicket":63,"Cracked Core":0,"InkBottle":56}],"InkBottle":[4]},"card_choices":[{"not_picked":["Barrage","Chaos","Streamline"],"picked":"SKIP","floor":1.0},{"not_picked":["Sweeping Beam","Coolheaded"],"picked":"Cold Snap","floor":3.0},{"not_picked":["Streamline","Compile Driver","Redo"],"picked":"SKIP","floor":6.0},{"not_picked":["Sweeping Beam","ReplaySort","Hyperbeam"],"picked":"SKIP","floor":7.0},{"not_picked":["Panic Button","Turbo"],"picked":"Hologram","floor":10.0},{"not_picked":["Aggregate","Coolheaded"],"picked":"Cold Snap","floor":11.0},{"not_picked":["Doom and Gloom","ReplaySort"],"picked":"Skim","floor":12.0},{"not_picked":["Steam Power","ReplayGash","Turbo"],"picked":"SKIP","floor":13.0},{"not_picked":["Scrape","Streamline","Hologram"],"picked":"SKIP","floor":14.0},{"not_picked":["Machine Learning","Fission"],"picked":"Meteor Strike","floor":16.0},{"not_picked":["Sunder","Barrage","Streamline"],"picked":"SKIP","floor":18.0},{"not_picked":["Compile Driver+1","Aggregate+1"],"picked":"Coolheaded","floor":20.0},{"not_picked":["Rip and Tear+1","Redo+1"],"picked":"White Noise","floor":23},{"not_picked":["Ball Lightning","Gash+1"],"picked":"Chill","floor":25}],"player_experience":941707,"relics_obtained":[{"floor":4.0,"key":"Quantum Egg"},{"floor":7.0,"key":"Geode"},{"floor":11.0,"key":"Lantern"},{"floor":14.0,"key":"Regal Pillow"},{"floor":23,"key":"InkBottle"},{"floor":26,"key":"MealTicket"}],"event_choices":[{"damage_healed":0.0,"max_hp_gain":0.0,"max_hp_loss":0.0,"gold_gain":0.0,"event_name":"Dead Adventurer","player_choice":"Searched \u00272\u0027 times","floor":10.0,"gold_loss":0.0,"damage_taken":0.0,"relics_obtained":["Vajra"]},{"damage_healed":0,"gold_gain":0,"player_choice":"Joined the Cult","damage_taken":6,"max_hp_gain":0,"max_hp_loss":0,"event_name":"Nest","floor":22,"gold_loss":0,"cards_obtained":["RitualDagger"]}],"is_beta":false,"boss_relics":[{"not_picked":["Ectoplasm","Runic Pyramid"],"picked":"SacredBark"}],"items_purged_floors":[],"is_endless":false,"potions_floor_spawned":[1,3,10,11,12,20,23],"killed_by":"Book of Stabbing","ascension_level":10}}