{"host":"ow9msrs9p2ctkx99","time":1607807831,"event":{"mods":["AchievementEnabler","BaseMod","Colored Map","Colored Powertips","Minty Spire (QoL Compilation)","Permanent Neow","Quick Restart","SuperFastMode"],"gold_per_floor":[115,115,15,60,78,109,109,109,109,138,138,52,67,101,101,179,179,197,216,216,216,228,228,257,257,257,257,268,268,268],"floor_reached":29,"playtime":2250,"items_purged":["Regret"],"score":453,"play_id":"a4481bf6-df00-49fb-a446-3875cae66ed3","local_time":"20201212221711","is_ascension_mode":true,"campfire_choices":[{"floor":7.0,"key":"REST"},{"floor":11.0,"key":"REST"},{"floor":15.0,"key":"REST"},{"data":"Leg Sweep","floor":23,"key":"SMITH"},{"floor":25,"key":"REST"}],"circlet_count":0,"master_deck":["AscendersBane","Strike_G","Strike_G","Defend_G","Defend_G","Defend_G","Defend_G","Defend_G","Survivor","Neutralize+1","Escape Plan","Leg Sweep+1","Sucker Punch","Dagger Throw","Underhanded Strike","Crippling Poison+1","Deadly Poison+1","Infinite Blades+1","PiercingWail+1","Accuracy+1","Burst+1","CurseOfTheBell","Dagger Spray","Terror+1","Deadly Poison+1","Terror+1","Pain","Calculated Gamble+1","Blade Dance+1","Writhe","Footwork+1"],"relics":["Ring of the Snake","Bag of Marbles","Frozen Egg 2","Mummified Hand","Toxic Egg 2","Paper Crane","Calling Bell","MealTicket","Ninja Scroll","Unceasing Top","WarpedTongs","Kunai","Bottled Lightning","Ginger"],"acts_visited":["Exordium","TheCity"],"potions_floor_usage":[22,29],"damage_taken":[{"damage":2.0,"enemies":"2 Louse","floor":1.0,"turns":6.0},{"damage":0.0,"enemies":"Cultist","floor":5.0,"turns":4.0},{"damage":47.0,"enemies":"Gremlin Nob","floor":6.0,"turns":5.0},{"damage":13.0,"enemies":"Lagavulin","floor":10.0,"turns":8.0},{"damage":7.0,"enemies":"Jaw Worm","floor":13.0,"turns":2.0},{"damage":16.0,"enemies":"3 Sentries","floor":14.0,"turns":6.0},{"damage":6,"enemies":"Slime Boss","floor":16,"turns":11},{"damage":0,"enemies":"Chosen","floor":18,"turns":4},{"damage":10,"enemies":"Spheric Guardian","floor":19,"turns":4},{"damage":9,"enemies":"Cultist and Chosen","floor":22,"turns":6},{"damage":37,"enemies":"Book of Stabbing","floor":24,"turns":6},{"damage":4,"enemies":"3 Cultists","floor":28,"turns":3},{"damage":24,"enemies":"Snake Plant","floor":29,"turns":1}],"seed_played":"7263127125562422834","potions_obtained":[{"floor":1.0,"key":"Regen Potion"},{"floor":19,"key":"Explosive Potion"},{"floor":28,"key":"Poison Potion"}],"is_trial":false,"path_per_floor":["M","?","$","T","M","E","R","$","T","E","R","$","M","E","R","B",null,"M","M","?","?","M","R","E","R","T","?","M","M"],"character_chosen":"THE_SILENT","items_purchased":["Dagger Throw","Deadly Poison+1","Infinite Blades+1"],"campfire_rested":4,"item_purchase_floors":[3,12,12],"current_hp_per_floor":[57,57,57,57,57,23,42,42,42,29,48,48,41,25,44,38,59,59,49,49,49,40,40,3,22,22,22,18,0,0],"gold":268,"neow_bonus":"TRANSFORM_TWO_CARDS","is_daily":false,"chose_seed":false,"campfire_upgraded":1,"win_rate":0.0,"timestamp":1607807831,"path_taken":["M","?","?","?","M","E","R","$","T","E","R","$","M","E","R","BOSS","M","?","?","?","?","R","E","R","T","?","M","M"],"items_purchased_type":["Card","Card","Card"],"build_version":"2020-11-30","purchased_purges":1,"victory":false,"max_hp_per_floor":[66,66,66,66,66,66,66,66,66,66,66,66,66,66,66,66,66,66,66,66,66,66,66,66,66,66,66,66,66,66],"card_choices":[{"not_picked":["Quick Slash","Bane"],"picked":"Sucker Punch","floor":1.0},{"not_picked":["PiercingWail","Quick Slash"],"picked":"Deadly Poison","floor":5.0},{"not_picked":["Dodge and Roll","Dagger Throw"],"picked":"Underhanded Strike","floor":6.0},{"not_picked":["Calculated Gamble+1","All Out Attack"],"picked":"Crippling Poison+1","floor":10.0},{"not_picked":["Backflip+1","Bane"],"picked":"PiercingWail+1","floor":13.0},{"not_picked":["Die Die Die","Quick Slash"],"picked":"Accuracy+1","floor":14.0},{"not_picked":["Bullet Time+1","Grand Finale"],"picked":"Burst+1","floor":16},{"not_picked":["Underhanded Strike","Dagger Throw+1"],"picked":"Dagger Spray","floor":18},{"not_picked":["Dagger Throw","Deadly Poison+1"],"picked":"Terror+1","floor":19},{"not_picked":["Bane","Concentrate+1"],"picked":"Calculated Gamble+1","floor":22},{"not_picked":["Deflect+1","Bane"],"picked":"Blade Dance+1","floor":24},{"not_picked":["Flying Knee","Dagger Spray"],"picked":"Footwork+1","floor":28}],"player_experience":962666,"relics_obtained":[{"floor":4.0,"key":"Bag of Marbles"},{"floor":6.0,"key":"Frozen Egg 2"},{"floor":9.0,"key":"Mummified Hand"},{"floor":10.0,"key":"Toxic Egg 2"},{"floor":14.0,"key":"Paper Crane"},{"floor":17,"key":"MealTicket"},{"floor":17,"key":"Ninja Scroll"},{"floor":17,"key":"Unceasing Top"},{"floor":24,"key":"Kunai"},{"floor":26,"key":"Bottled Lightning"}],"event_choices":[{"damage_healed":0.0,"max_hp_gain":0.0,"max_hp_loss":0.0,"gold_gain":0.0,"event_name":"Upgrade Shrine","player_choice":"Upgraded","floor":2.0,"gold_loss":0.0,"damage_taken":0.0,"cards_upgraded":["Neutralize"]},{"damage_healed":0,"gold_gain":0,"cards_transformed":["Strike_G","Deadly Poison"],"player_choice":"Became Test Subject","damage_taken":0,"max_hp_gain":0,"max_hp_loss":0,"event_name":"Drug Dealer","floor":20,"gold_loss":0,"cards_obtained":["Deadly Poison","Terror"]},{"damage_healed":0,"gold_gain":0,"player_choice":"Rummage","damage_taken":0,"relics_obtained":["WarpedTongs"],"max_hp_gain":0,"max_hp_loss":0,"event_name":"Accursed Blacksmith","floor":21,"gold_loss":0,"cards_obtained":["Pain"]},{"damage_healed":0,"gold_gain":0,"player_choice":"Opened","damage_taken":0,"relics_obtained":["Ginger"],"max_hp_gain":0,"max_hp_loss":0,"event_name":"The Mausoleum","floor":27,"gold_loss":0,"cards_obtained":["Writhe"]}],"is_beta":false,"boss_relics":[{"not_picked":["Velvet Choker","Astrolabe"],"picked":"Calling Bell"}],"items_purged_floors":[3],"is_endless":false,"potions_floor_spawned":[1,19,28],"killed_by":"Snake Plant","ascension_level":15}}