{"host":"0msxzbajcl1c78mb","time":1607747437,"event":{"mods":["AchievementEnabler","BaseMod","Colored Map","Colored Powertips","Highlight Path","Minty Spire (QoL Compilation)","Relic Sorter","Relic Stats","StSLib","The Jungle","everything is the same but u backflip on backflip"],"gold_per_floor":[359,371,389,144,156,183,183,208,263,290,303,337,392,420,420,521,521,534,544,575,575,575],"floor_reached":21,"playtime":2027,"items_purged":["Shame"],"score":310,"play_id":"8bbd4d6b-a9d4-4439-a4cc-faf0845a43e5","local_time":"20201211233037","is_ascension_mode":true,"campfire_choices":[{"data":"Uppercut","floor":7.0,"key":"SMITH"},{"data":"Feed","floor":15.0,"key":"SMITH"}],"circlet_count":0,"master_deck":["Strike_R","Strike_R","Strike_R","Strike_R","Strike_R","Defend_R","Defend_R","Defend_R","Defend_R","Bash","Shrug It Off","Shrug It Off","Shrug It Off","Uppercut+1","Wild Strike","Feed+1","Battle Trance","Inflame","Ghostly Armor","Battle Trance","Uppercut","Corruption","Dropkick+1","Evolve"],"relics":["Burning Blood","Medical Kit","Thread and Needle","Shuriken","Potion Belt","Ancient Tea Set","Darkstone Periapt","InkBottle","Smiling Mask","SlaversCollar","Red Mask"],"acts_visited":["TheCity"],"potions_floor_usage":[19,20,21],"damage_taken":[{"damage":1.0,"enemies":"Cultist","floor":1.0,"turns":3.0},{"damage":1.0,"enemies":"Jaw Worm","floor":2.0,"turns":5.0},{"damage":7.0,"enemies":"Small Slimes","floor":3.0,"turns":3.0},{"damage":7.0,"enemies":"Looter","floor":5.0,"turns":4.0},{"damage":28.0,"enemies":"Gremlin Nob","floor":6.0,"turns":4.0},{"damage":10.0,"enemies":"3 Sentries","floor":8.0,"turns":10.0},{"damage":15.0,"enemies":"Gremlin Nob","floor":10.0,"turns":4.0},{"damage":5.0,"enemies":"2 Fungi Beasts","floor":11.0,"turns":5.0},{"damage":1.0,"enemies":"3 Sentries","floor":12.0,"turns":6.0},{"damage":3.0,"enemies":"3 Sentries","floor":13.0,"turns":8.0},{"damage":13.0,"enemies":"Lagavulin","floor":14.0,"turns":6.0},{"damage":33.0,"enemies":"The Guardian","floor":16.0,"turns":13.0},{"damage":11,"enemies":"Spheric Guardian","floor":18,"turns":7},{"damage":1,"enemies":"3 Byrds","floor":19,"turns":6},{"damage":83,"enemies":"Masked Bandits","floor":20,"turns":6},{"damage":17,"enemies":"Snake Plant","floor":21,"turns":5}],"seed_played":"4247305187757197271","potions_obtained":[{"floor":1.0,"key":"Fire Potion"},{"floor":3.0,"key":"CultistPotion"},{"floor":10.0,"key":"SteroidPotion"},{"floor":11.0,"key":"Explosive Potion"},{"floor":16.0,"key":"GamblersBrew"},{"floor":19,"key":"PowerPotion"},{"floor":20,"key":"ColorlessPotion"}],"is_trial":false,"path_per_floor":["M","M","M","$","M","E","R","E","T","E","M","E","?","E","R","B",null,"M","M","?","M"],"character_chosen":"IRONCLAD","items_purchased":["Medical Kit","Shrug It Off"],"campfire_rested":0,"item_purchase_floors":[4,4],"current_hp_per_floor":[77,80,79,79,78,56,56,52,52,43,47,55,61,54,54,31,78,77,86,13,0,0],"gold":575,"neow_bonus":"TWO_FIFTY_GOLD","is_daily":false,"chose_seed":false,"campfire_upgraded":2,"win_rate":0.0,"timestamp":1607747437,"path_taken":["M","M","M","$","M","E","R","E","T","E","?","E","?","E","R","BOSS","M","M","?","M"],"items_purchased_type":["Relic","Card"],"build_version":"2020-11-30","purchased_purges":1,"victory":false,"max_hp_per_floor":[80,80,80,80,80,80,80,80,80,80,83,86,89,89,89,93,93,97,101,105,105,105],"relic_stats":{"Darkstone Periapt":0,"counters":[16,95],"Shuriken":[4],"Medical Kit":[22],"Smiling Mask":0,"obtain_stats":[{"Potion Belt":9,"Darkstone Periapt":12,"SlaversCollar":17,"Shuriken":8,"Thread and Needle":6,"Red Mask":20,"Medical Kit":4,"Ancient Tea Set":10,"Smiling Mask":14,"Burning Blood":0,"InkBottle":13},{"Potion Belt":6,"Darkstone Periapt":9,"SlaversCollar":12,"Shuriken":6,"Thread and Needle":5,"Red Mask":15,"Medical Kit":3,"Ancient Tea Set":7,"Smiling Mask":11,"Burning Blood":0,"InkBottle":10},{"Potion Belt":29,"Darkstone Periapt":44,"SlaversCollar":71,"Shuriken":29,"Thread and Needle":19,"Red Mask":90,"Medical Kit":11,"Ancient Tea Set":33,"Smiling Mask":58,"Burning Blood":0,"InkBottle":52}],"Burning Blood":88,"InkBottle":[10]},"card_choices":[{"not_picked":["Warcry","Heavy Blade"],"picked":"Shrug It Off","floor":1.0},{"not_picked":["Sever Soul","Armaments","Clash"],"picked":"SKIP","floor":2.0},{"not_picked":["Flex","Warcry"],"picked":"Shrug It Off","floor":3.0},{"not_picked":["Sever Soul","Body Slam"],"picked":"Uppercut","floor":5.0},{"not_picked":["Rupture","Shockwave"],"picked":"Wild Strike","floor":6.0},{"not_picked":["Searing Blow","Battle Trance"],"picked":"Feed","floor":8.0},{"not_picked":["Flex","Combust"],"picked":"Battle Trance","floor":10.0},{"not_picked":["Sword Boomerang","Fire Breathing"],"picked":"Inflame","floor":11.0},{"not_picked":["Disarm","True Grit"],"picked":"Ghostly Armor","floor":12.0},{"not_picked":["Clash","Iron Wave"],"picked":"Battle Trance","floor":13.0},{"not_picked":["Combust","Flex"],"picked":"Uppercut","floor":14.0},{"not_picked":["Reaper","Double Tap"],"picked":"Corruption","floor":16.0},{"not_picked":["Twin Strike","Whirlwind"],"picked":"Dropkick+1","floor":18},{"not_picked":["True Grit","Clothesline"],"picked":"Evolve","floor":19}],"player_experience":239572,"relics_obtained":[{"floor":6.0,"key":"Thread and Needle"},{"floor":8.0,"key":"Shuriken"},{"floor":9.0,"key":"Potion Belt"},{"floor":10.0,"key":"Ancient Tea Set"},{"floor":12.0,"key":"Darkstone Periapt"},{"floor":13.0,"key":"InkBottle"},{"floor":14.0,"key":"Smiling Mask"},{"floor":20,"key":"Red Mask"}],"event_choices":[{"damage_healed":0.0,"max_hp_gain":0.0,"max_hp_loss":0.0,"gold_gain":0.0,"event_name":"Dead Adventurer","player_choice":"Searched \u00272\u0027 times","floor":13.0,"gold_loss":0.0,"damage_taken":0.0},{"damage_healed":0,"gold_gain":0,"player_choice":"Fought Bandits","damage_taken":0,"max_hp_gain":0,"max_hp_loss":0,"event_name":"Masked Bandits","floor":20,"gold_loss":0}],"is_beta":false,"boss_relics":[{"not_picked":["Coffee Dripper","Tiny House"],"picked":"SlaversCollar"}],"items_purged_floors":[4],"is_endless":false,"potions_floor_spawned":[1,3,10,11,16,19,20],"killed_by":"Snake Plant","ascension_level":6}}