{"host":"6p0attdrtjqaih7v","time":1607760351,"event":{"mods":["2.2 Compatiblity","AchievementEnabler","Bard","BaseMod","Better Skull","Better Third Choice","Colored Powertips","Hermit","Highlight Path","Jorbs\u0027s Wanderer Trilogy","Key Reminder","Minty Spire (QoL Compilation)","Permanent Neow","Quick Restart","Random Character Button","Relic Stats","Replay The Spire","StSLib","The Construct"],"gold_per_floor":[112,125,125,145,145,175,175,202,279,291,291,303,332,348,348,426,426,438,275,289,289,302,334,334,353,379,394,419,419,352,352,352,429,429,441,460,460,35,360,393,393,404,456,468,499,516,516,530,530,530],"floor_reached":51,"playtime":3458,"items_purged":["Strike_G","Writhe"],"score":1590,"play_id":"670205eb-598b-4d13-a6ae-1661bd68cd1e","local_time":"20201212030551","is_ascension_mode":true,"campfire_choices":[{"floor":7,"key":"REST"},{"data":"Skewer","floor":11,"key":"SMITH"},{"floor":15,"key":"REST"},{"data":"A Thousand Cuts","floor":24,"key":"SMITH"},{"data":"RitualDagger","floor":29,"key":"SMITH"},{"data":"Tactician","floor":32,"key":"SMITH"},{"data":"Footwork","floor":47,"key":"SMITH"},{"data":"Footwork","floor":49,"key":"SMITH"}],"circlet_count":0,"master_deck":["AscendersBane","Strike_G","Strike_G","Strike_G","Strike_G","Defend_G","Defend_G","Defend_G","Defend_G","Defend_G","Survivor","Neutralize+1","Skewer+1","Acrobatics","Auto Shields","Dash","Backstab","Backflip","Tactician+1","Leg Sweep","PiercingWail","A Thousand Cuts+1","Slice+1","Footwork+1","Footwork+1","RitualDagger+1","Expertise","ReplayTheSpireMod:Speed Training","Backflip","All Out Attack","ReplayTheSpireMod:Speed Training+1","Pain","Venomology+1","Deflect+1","Escape Plan+1","PiercingWail+1","Spreading Infection","Leg Sweep+1"],"relics":["Ring of the Snake","Sundial","Snake Skull","FossilizedHelix","InkBottle","ReplayTheSpireMod:TigerMarble","Replay:Grab Bag","Cursed Key","Snecko Scales","Blood Vial","Lantern","Akabeko","Toxic Egg 2","WarpedTongs","Busted Crown","OrangePellets","Oddly Smooth Stone","Old Coin","HornCleat","Happy Flower","Potion Belt"],"acts_visited":["Exordium","TheCity","TheBeyond"],"potions_floor_usage":[6,8,13,14,16,16,23,27,33,35,36,39,40,42,44,45,48,50,50,50,50],"damage_taken":[{"damage":0,"enemies":"Small Slimes","floor":1,"turns":4},{"damage":0,"enemies":"2 Louse","floor":2,"turns":3},{"damage":1,"enemies":"Jaw Worm","floor":4,"turns":7},{"damage":35,"enemies":"3 Sentries","floor":6,"turns":12},{"damage":0,"enemies":"Gremlin Nob","floor":8,"turns":4},{"damage":0,"enemies":"2 Fungi Beasts","floor":10,"turns":3},{"damage":4,"enemies":"Lots of Slimes","floor":12,"turns":5},{"damage":12,"enemies":"3 Sentries","floor":13,"turns":9},{"damage":0,"enemies":"3 Louse","floor":14,"turns":3},{"damage":12,"enemies":"The Guardian","floor":16,"turns":16},{"damage":0,"enemies":"Spheric Guardian","floor":18,"turns":4},{"damage":0,"enemies":"3 Byrds","floor":20,"turns":6},{"damage":0,"enemies":"Snecko","floor":22,"turns":5},{"damage":0,"enemies":"Gremlin Leader","floor":23,"turns":7},{"damage":0,"enemies":"Sentry and Sphere","floor":25,"turns":6},{"damage":1,"enemies":"Shelled Parasite and Fungi","floor":27,"turns":6},{"damage":0,"enemies":"Book of Stabbing","floor":30,"turns":5},{"damage":5,"enemies":"Collector","floor":33,"turns":10},{"damage":0,"enemies":"Orb Walker","floor":35,"turns":3},{"damage":0,"enemies":"3 Shapes","floor":36,"turns":4},{"damage":0,"enemies":"Mind Bloom Boss Battle","floor":39,"turns":6},{"damage":5,"enemies":"Nemesis","floor":40,"turns":9},{"damage":5,"enemies":"Transient","floor":42,"turns":6},{"damage":0,"enemies":"Jaw Worm Horde","floor":44,"turns":5},{"damage":0,"enemies":"Reptomancer","floor":45,"turns":5},{"damage":11,"enemies":"Spire Growth","floor":46,"turns":7},{"damage":0,"enemies":"3 Darklings","floor":48,"turns":3},{"damage":16,"enemies":"Donu and Deca","floor":50,"turns":9}],"seed_played":"-1020915667523728358","potions_obtained":[{"floor":4,"key":"GamblersBrew"},{"floor":6,"key":"LifebloodPotion"},{"floor":8,"key":"Poison Potion"},{"floor":12,"key":"FearPotion"},{"floor":13,"key":"SkillPotion"},{"floor":14,"key":"Explosive Potion"},{"floor":16,"key":"Weak Potion"},{"floor":18,"key":"Elixir"},{"floor":22,"key":"Reflective Coating"},{"floor":25,"key":"Explosive Potion"},{"floor":27,"key":"LiquidMemories"},{"floor":35,"key":"EssenceOfSteel"},{"floor":42,"key":"Toxic Potion"},{"floor":45,"key":"ColorlessPotion"}],"is_trial":false,"path_per_floor":["M","M","?","M","?","E","R","E","T","M","R","M","E","M","R","B",null,"M","$","M","?","M","E","R","M","T","M","T","R","E","?","R","B",null,"M","M","?","$","?","E","?","M","T","M","E","M","R","M","R","B",null],"character_chosen":"THE_SILENT","items_purchased":["Footwork","OrangePellets","Oddly Smooth Stone"],"campfire_rested":2,"item_purchase_floors":[19,38,38],"current_hp_per_floor":[59,59,41,40,40,5,24,24,24,24,24,20,8,8,27,15,53,57,57,57,51,51,51,51,53,53,54,54,54,56,56,56,53,63,65,66,63,63,63,58,54,51,51,53,55,46,46,48,48,34],"gold":530,"neow_bonus":"UPGRADE_CARD","is_daily":false,"chose_seed":false,"campfire_upgraded":6,"win_rate":0.0,"timestamp":1607760351,"path_taken":["M","M","?","M","?","E","R","E","T","M","R","M","E","M","R","BOSS","M","$","M","?","M","E","R","M","T","M","?","R","E","?","R","BOSS","M","?","?","$","?","E","?","?","T","M","E","M","R","M","R","BOSS"],"items_purchased_type":["Card","Relic","Relic"],"build_version":"2020-11-30","purchased_purges":2,"victory":true,"max_hp_per_floor":[66,66,66,66,66,66,66,66,66,66,66,66,66,66,66,66,66,66,66,66,66,66,66,66,66,66,66,66,66,66,66,66,66,66,66,66,63,63,63,63,63,63,63,63,63,63,63,63,63,63],"relic_stats":{"Blood Vial":23,"OrangePellets":[2],"Busted Crown":18,"Happy Flower":[9],"counters":[28,172],"Sundial":[34],"Snake Skull":[27],"Cursed Key":3,"obtain_stats":[{"Potion Belt":45,"Lantern":26,"Happy Flower":43,"Replay:Grab Bag":17,"Oddly Smooth Stone":38,"Snake Skull":6,"Cursed Key":17,"Akabeko":28,"WarpedTongs":31,"Old Coin":39,"Blood Vial":23,"OrangePellets":38,"Busted Crown":34,"HornCleat":40,"Snecko Scales":17,"Sundial":3,"ReplayTheSpireMod:TigerMarble":13,"Toxic Egg 2":30,"FossilizedHelix":8,"InkBottle":9,"Ring of the Snake":0},{"Potion Belt":25,"Lantern":15,"Happy Flower":23,"Replay:Grab Bag":10,"Oddly Smooth Stone":20,"Snake Skull":4,"Cursed Key":10,"Akabeko":16,"WarpedTongs":17,"Old Coin":21,"Blood Vial":14,"OrangePellets":20,"Busted Crown":18,"HornCleat":22,"Snecko Scales":10,"Sundial":2,"ReplayTheSpireMod:TigerMarble":8,"Toxic Egg 2":17,"FossilizedHelix":5,"InkBottle":5,"Ring of the Snake":0},{"Potion Belt":153,"Lantern":94,"Happy Flower":143,"Replay:Grab Bag":66,"Oddly Smooth Stone":122,"Snake Skull":26,"Cursed Key":66,"Akabeko":100,"WarpedTongs":105,"Old Coin":128,"Blood Vial":88,"OrangePellets":122,"Busted Crown":115,"HornCleat":137,"Snecko Scales":66,"Sundial":7,"ReplayTheSpireMod:TigerMarble":47,"Toxic Egg 2":105,"FossilizedHelix":30,"InkBottle":30,"Ring of the Snake":0}],"InkBottle":[64],"Ring of the Snake":[56],"WarpedTongs":[65]},"card_choices":[{"not_picked":["Quick Slash","Choke"],"picked":"Skewer","floor":1},{"not_picked":["Deflect","Sneak Up"],"picked":"Acrobatics","floor":2},{"not_picked":["Storm of Steel","Heel Hook"],"picked":"Dash","floor":4},{"not_picked":["Tactician","Calculated Gamble"],"picked":"Backstab","floor":6},{"not_picked":["Endless Agony","Prepared"],"picked":"Backflip","floor":8},{"not_picked":["Choke","Prepared","Poisoned Stab"],"picked":"SKIP","floor":10},{"not_picked":["Dagger Throw","Eviscerate"],"picked":"Tactician","floor":12},{"not_picked":["Dodge and Roll","Deflect"],"picked":"Leg Sweep","floor":13},{"not_picked":["Poisoned Stab","Dagger Throw"],"picked":"PiercingWail","floor":14},{"not_picked":["Wraith Form v2","Replay:Bag of Tricks"],"picked":"A Thousand Cuts","floor":16},{"not_picked":["Accuracy+1","PiercingWail"],"picked":"Slice+1","floor":18},{"not_picked":["Dodge and Roll","Leg Sweep+1"],"picked":"Footwork","floor":20},{"not_picked":["Caltrops+1","Setup"],"picked":"Expertise","floor":22},{"not_picked":["Outmaneuver","Flying Knee"],"picked":"ReplayTheSpireMod:Speed Training","floor":23},{"not_picked":["Cloak And Dagger","PiercingWail"],"picked":"Backflip","floor":25},{"not_picked":["Caltrops","Dagger Throw+1"],"picked":"All Out Attack","floor":27},{"not_picked":["Finisher","Tactician+1"],"picked":"ReplayTheSpireMod:Speed Training+1","floor":30},{"not_picked":["Unload","A Thousand Cuts"],"picked":"Venomology+1","floor":33},{"not_picked":["Dagger Spray"],"picked":"SKIP","floor":35},{"not_picked":[],"picked":"Deflect+1","floor":36},{"not_picked":[],"picked":"Escape Plan+1","floor":40},{"not_picked":[],"picked":"PiercingWail+1","floor":42},{"not_picked":["Flechettes"],"picked":"SKIP","floor":44},{"not_picked":["Flying Knee"],"picked":"SKIP","floor":45},{"not_picked":["Sucker Punch"],"picked":"SKIP","floor":46},{"not_picked":[],"picked":"Leg Sweep+1","floor":48}],"player_experience":821298,"relics_obtained":[{"floor":6,"key":"Snake Skull"},{"floor":8,"key":"FossilizedHelix"},{"floor":9,"key":"InkBottle"},{"floor":13,"key":"ReplayTheSpireMod:TigerMarble"},{"floor":23,"key":"Blood Vial"},{"floor":26,"key":"Lantern"},{"floor":28,"key":"Akabeko"},{"floor":30,"key":"Toxic Egg 2"},{"floor":39,"key":"Old Coin"},{"floor":40,"key":"HornCleat"},{"floor":43,"key":"Happy Flower"},{"floor":45,"key":"Potion Belt"}],"event_choices":[{"damage_healed":0,"gold_gain":0,"player_choice":"Joined the Cult","damage_taken":6,"max_hp_gain":0,"max_hp_loss":0,"event_name":"Nest","floor":21,"gold_loss":0,"cards_obtained":["RitualDagger"]},{"damage_healed":0,"gold_gain":0,"player_choice":"Rummage","damage_taken":0,"relics_obtained":["WarpedTongs"],"max_hp_gain":0,"max_hp_loss":0,"event_name":"Accursed Blacksmith","floor":31,"gold_loss":0,"cards_obtained":["Pain"]},{"damage_healed":0,"gold_gain":0,"player_choice":"Max HP","damage_taken":0,"max_hp_gain":0,"max_hp_loss":3,"event_name":"Winding Halls","floor":37,"gold_loss":0},{"damage_healed":0,"gold_gain":0,"player_choice":"Fight","damage_taken":0,"max_hp_gain":0,"max_hp_loss":0,"event_name":"MindBloom","floor":39,"gold_loss":0},{"damage_healed":0,"gold_gain":0,"player_choice":"Bought 0 Potions","damage_taken":0,"max_hp_gain":0,"max_hp_loss":0,"event_name":"The Woman in Blue","floor":41,"gold_loss":0}],"is_beta":false,"boss_relics":[{"not_picked":["construct:WeddingRing","Astrolabe"],"picked":"Replay:Grab Bag"},{"not_picked":["Replay:Wanted Poster","Replay:Bronze Core"],"picked":"Cursed Key"},{"not_picked":["Black Star","WristBlade"],"picked":"Snecko Scales"},{"not_picked":["Tiny House","SacredBark"],"picked":"Busted Crown"}],"items_purged_floors":[19,38],"is_endless":false,"potions_floor_spawned":[4,6,8,12,13,14,16,18,22,25,27,35,42,44,45],"ascension_level":17}}