{"host":"0i8dz4ityulxi1rd","time":1607785249,"event":{"mods":["BaseMod","Colored Map","Colored Powertips","Custom Start","Highlight Path","Keyboard Shortcuts","Minty Spire (QoL Compilation)","StSLib","SuperFastMode","The Runesmith"],"gold_per_floor":[110,129,141,158,158,185,195,195,195,209,209,57,71,71,71,166,466,498,528,553,584,596,596],"floor_reached":22,"playtime":2002,"items_purged":["Runesmith:Defend_RS"],"score":242,"play_id":"6bd45929-8148-48df-9b50-abc0cd9e3d97","local_time":"20201213000049","is_ascension_mode":false,"campfire_choices":[{"data":"Runesmith:FieryHammer","floor":8,"key":"SMITH"},{"data":"Runesmith:FieryHammer+1","floor":11,"key":"SMITH"},{"data":"Runesmith:MetallurgicalResearch","floor":15,"key":"SMITH"}],"circlet_count":0,"master_deck":["Runesmith:Strike_RS","Runesmith:Strike_RS","Runesmith:Strike_RS","Runesmith:Strike_RS","Runesmith:Defend_RS","Runesmith:Defend_RS","Runesmith:Defend_RS","Runesmith:CraftFirestone","Runesmith:Fortify","Runesmith:BackupBattery","Runesmith:HeatedChisel","Runesmith:Attraction","Runesmith:MetallurgicalResearch+1","Runesmith:FieryHammer+2","Runesmith:Grindstone","Runesmith:CraftSpiculum","CurseOfTheBell","Runesmith:RuneHurl"],"relics":["Runesmith:BrokenRuby","NeowsBlessing","Akabeko","MealTicket","Calling Bell","MawBank","Blue Candle","Old Coin"],"acts_visited":["Exordium","TheCity"],"potions_floor_usage":[19,19,19],"damage_taken":[{"damage":0,"enemies":"Jaw Worm","floor":1,"turns":1},{"damage":0,"enemies":"Cultist","floor":2,"turns":1},{"damage":0,"enemies":"2 Louse","floor":3,"turns":1},{"damage":30,"enemies":"Lots of Slimes","floor":4,"turns":5},{"damage":14,"enemies":"Gremlin Nob","floor":6,"turns":4},{"damage":21,"enemies":"Large Slime","floor":7,"turns":5},{"damage":0,"enemies":"2 Fungi Beasts","floor":10,"turns":2},{"damage":3,"enemies":"Blue Slaver","floor":13,"turns":4},{"damage":0,"enemies":"Slime Boss","floor":16,"turns":4},{"damage":10,"enemies":"3 Byrds","floor":18,"turns":3},{"damage":10,"enemies":"2 Thieves","floor":19,"turns":4},{"damage":20,"enemies":"Centurion and Healer","floor":20,"turns":5},{"damage":0,"enemies":"Snecko","floor":21,"turns":3},{"damage":31,"enemies":"3 Cultists","floor":22,"turns":4}],"seed_played":"5084754559124810683","potions_obtained":[{"floor":3,"key":"Swift Potion"},{"floor":4,"key":"Energy Potion"},{"floor":16,"key":"Fire Potion"},{"floor":20,"key":"LiquidBronze"},{"floor":21,"key":"GamblersBrew"}],"is_trial":false,"path_per_floor":["M","M","M","M","?","E","M","R","T","M","R","$","M","?","R","B",null,"M","M","M","M","M"],"character_chosen":"RUNESMITH_CLASS","items_purchased":["Runesmith:PoweredAnvil"],"campfire_rested":0,"item_purchase_floors":[12],"current_hp_per_floor":[70,70,70,40,70,56,35,35,35,35,35,50,47,70,70,70,70,60,50,30,30,0,0],"gold":596,"neow_bonus":"THREE_ENEMY_KILL","is_daily":false,"chose_seed":false,"campfire_upgraded":3,"win_rate":0.0,"timestamp":1607785249,"path_taken":["M","M","M","M","?","E","M","R","T","M","R","$","?","?","R","BOSS","M","M","?","M","M"],"items_purchased_type":["Card"],"build_version":"2020-11-30","purchased_purges":1,"victory":false,"max_hp_per_floor":[70,70,70,70,70,70,70,70,70,70,70,70,70,70,70,70,70,70,70,70,70,70,70],"card_choices":[{"not_picked":["Runesmith:Firestorm","Runesmith:CraftVitae"],"picked":"Runesmith:BackupBattery","floor":1},{"not_picked":["Runesmith:HeatExchange","Runesmith:CraftProtectio"],"picked":"Runesmith:HeatedChisel","floor":2},{"not_picked":["Runesmith:HeatExchange","Runesmith:CraftProtectio"],"picked":"Runesmith:Attraction","floor":3},{"not_picked":["Runesmith:RunicBlueprint","Runesmith:Empowerment"],"picked":"Runesmith:MetallurgicalResearch","floor":4},{"not_picked":["Runesmith:HammerThrow","Runesmith:Firewall"],"picked":"Runesmith:FieryHammer","floor":6},{"not_picked":["Runesmith:Repurpose","Runesmith:EnergizedChisel","Runesmith:NegativeSpace"],"picked":"SKIP","floor":7},{"not_picked":["Runesmith:StaticCage","Runesmith:HeatedChisel"],"picked":"Runesmith:Grindstone","floor":10},{"not_picked":["Runesmith:Attraction","Runesmith:DoubleUp"],"picked":"Runesmith:CraftSpiculum","floor":13},{"not_picked":["Runesmith:HammerThrow","Runesmith:DoubleUp"],"picked":"Runesmith:RuneHurl","floor":18},{"not_picked":["Runesmith:Refine","Runesmith:ShiftingStrike","Runesmith:Grindstone+1"],"picked":"SKIP","floor":19},{"not_picked":["Runesmith:Grindstone+1","Runesmith:EnergizedChisel+1","Runesmith:Discharge"],"picked":"SKIP","floor":20},{"not_picked":["Runesmith:Prism","Runesmith:HammerAndChisel","Runesmith:CraftMedicinae"],"picked":"SKIP","floor":21}],"player_experience":1249661,"relics_obtained":[{"floor":6,"key":"Akabeko"},{"floor":9,"key":"MealTicket"},{"floor":17,"key":"MawBank"},{"floor":17,"key":"Blue Candle"},{"floor":17,"key":"Old Coin"}],"event_choices":[{"damage_healed":30,"gold_gain":0,"player_choice":"Full Heal","damage_taken":0,"max_hp_gain":0,"max_hp_loss":0,"event_name":"Wheel of Change","floor":5,"gold_loss":0},{"cards_removed":["Runesmith:PoweredAnvil"],"damage_healed":23,"gold_gain":0,"player_choice":"Offered Uncommon","damage_taken":0,"max_hp_gain":0,"max_hp_loss":0,"event_name":"Bonfire Elementals","floor":14,"gold_loss":0}],"is_beta":false,"boss_relics":[{"not_picked":["Tiny House","Black Star"],"picked":"Calling Bell"}],"items_purged_floors":[12],"is_endless":false,"potions_floor_spawned":[3,4,16,18,20,21],"killed_by":"3 Cultists","ascension_level":0}}