{"host":"inrqn0jglgjaorlx","time":1607745030,"event":{"mods":["2.2 Compatiblity","Abigail Mod","AchievementEnabler","Act Like it!","BaseMod","CapriCore","Friendly Minions","Gensokyo","Marisa（霧雨　魔理沙）","Minty Spire (QoL Compilation)","Prisma Mod","Reimu（博??梦）","Remilia（蕾米莉?）","StSLib","SuperFastMode","The Alterego","The Immortal"],"gold_per_floor":[215,234,234,232,228,230,222,227,227,6,18,18,18,47,47,147,147,157,177,204,221,221,253,253,283,309,342,370,370,370,420,420,528,528,544,53,71,94,114,114,130,158,158,193,228,228,244,119,119,119],"floor_reached":51,"playtime":1992,"items_purged":["Poor:ReiMu","PrismaMod:ChloeCommonAttack","PrismaMod:ChloeCommonAttack"],"score":1151,"play_id":"ddc5a506-95f6-49a7-bfe4-09bc7aae7c0a","local_time":"20201212035030","is_ascension_mode":true,"campfire_choices":[{"data":"PrismaMod:ChloeExcalibur","floor":13,"key":"SMITH"},{"data":"PrismaMod:ChloeRhongomyniad","floor":15,"key":"SMITH"},{"data":"PrismaMod:ChloeUnlimitedBladeWorks","floor":24,"key":"SMITH"},{"data":"PrismaMod:ChloeGaeBolg","floor":29,"key":"SMITH"},{"data":"PrismaMod:ChloeCaladbolg","floor":32,"key":"SMITH"},{"data":"PrismaMod:ChloeEyeOfTheEuryale","floor":40,"key":"SMITH"},{"data":"PrismaMod:ChloeCaladbolg","floor":46,"key":"SMITH"},{"data":"PrismaMod:ChloeUncommonDefend","floor":49,"key":"SMITH"}],"circlet_count":0,"master_deck":["PrismaMod:ChloeCommonAttack","PrismaMod:ChloeCommonAttack","PrismaMod:ChloeCommonAttack","PrismaMod:ChloeCommonDefend","PrismaMod:ChloeCommonDefend","PrismaMod:ChloeCommonDefend","PrismaMod:ChloeCommonDefend","PrismaMod:ChloeCommonDefend","PrismaMod:ChloeCheapAttack","PrismaMod:ChloeCheapDefend","PrismaMod:ChloeCheapAttackTwo","PrismaMod:ChloeRhongomyniad+1","PrismaMod:ChloeUncommonDefend+1","PrismaMod:ChloeCaladbolg+1","PrismaMod:ChloeExcalibur+1","PrismaMod:ChloeUncommonDefend","PrismaMod:ChloeCaladbolg+1","PrismaMod:ChloeUnlimitedBladeWorks+1","PrismaMod:ChloeCheapDefendTwo+1","PrismaMod:ChloeMordred+1","PrismaMod:ChloeEyeOfTheEuryale+1","PrismaMod:ChloeRuleBreaker","PrismaMod:ChloeDevil","PrismaMod:ChloeGaeBolg+1","PrismaMod:ChloeCarnivalDefend","PrismaMod:ChloeRitsuka+1","PrismaMod:ChloeCarnivalAttack"],"relics":["PrismaMod:PrismaTraceOn","YidongShenshe:ReiMu","TungstenRod","Kunai","Akabeko","Lee\u0027s Waffle","WarpedTongs","Oddly Smooth Stone","Sozu","Red Mask","Tea:ReiMu","Shuriken","CeramicFish","Black Star","ClockworkSouvenir","CrazyTorch:ReiMu","Mastiff:ReiMu","Omamori","Meat on the Bone","Ginger","Regal Pillow"],"acts_visited":["Exordium","TheCity","TheBeyond"],"potions_floor_usage":[6,6,35,50],"damage_taken":[{"damage":6,"enemies":"Jaw Worm","floor":1,"turns":4},{"damage":0,"enemies":"Small Slimes","floor":2,"turns":4},{"damage":0,"enemies":"Cultist","floor":4,"turns":4},{"damage":5,"enemies":"Looter","floor":5,"turns":3},{"damage":1,"enemies":"Gremlin Nob","floor":6,"turns":3},{"damage":3,"enemies":"Red Slaver","floor":7,"turns":4},{"damage":3,"enemies":"3 Sentries","floor":8,"turns":7},{"damage":0,"enemies":"Blue Slaver","floor":11,"turns":4},{"damage":0,"enemies":"Lagavulin","floor":14,"turns":5},{"damage":14,"enemies":"Hexaghost","floor":16,"turns":8},{"damage":0,"enemies":"3 Byrds","floor":18,"turns":4},{"damage":0,"enemies":"2 Thieves","floor":19,"turns":2},{"damage":4,"enemies":"Masked Bandits","floor":20,"turns":4},{"damage":0,"enemies":"Snecko","floor":21,"turns":3},{"damage":2,"enemies":"Slavers","floor":23,"turns":2},{"damage":0,"enemies":"Gremlin Leader","floor":25,"turns":3},{"damage":6,"enemies":"Slavers","floor":27,"turns":4},{"damage":0,"enemies":"Sentry and Sphere","floor":28,"turns":3},{"damage":20,"enemies":"Collector","floor":33,"turns":5},{"damage":5,"enemies":"3 Shapes","floor":35,"turns":3},{"damage":5,"enemies":"3 Darklings","floor":37,"turns":3},{"damage":6,"enemies":"Spire Growth","floor":38,"turns":5},{"damage":0,"enemies":"4 Shapes","floor":39,"turns":2},{"damage":7,"enemies":"Sphere and 2 Shapes","floor":41,"turns":4},{"damage":1,"enemies":"Giant Head","floor":42,"turns":6},{"damage":10,"enemies":"Reptomancer","floor":44,"turns":4},{"damage":6,"enemies":"3 Darklings","floor":45,"turns":2},{"damage":6,"enemies":"Maw","floor":47,"turns":5},{"damage":28,"enemies":"Donu and Deca","floor":50,"turns":7}],"seed_played":"-3322025438232090745","potions_obtained":[{"floor":2,"key":"Energy Potion"},{"floor":5,"key":"DistilledChaos"},{"floor":6,"key":"Fruit Juice"},{"floor":16,"key":"FearPotion"}],"is_trial":false,"path_per_floor":["M","M","?","M","M","E","M","E","T","$","M","?","R","E","R","B",null,"M","M","?","M","?","E","R","E","T","E","M","R","?","?","R","B",null,"M","$","M","M","M","R","M","E","T","E","M","R","M","$","R","B",null],"character_chosen":"CHLOE","items_purchased":["Lee\u0027s Waffle","ClockworkSouvenir","CrazyTorch:ReiMu"],"campfire_rested":0,"item_purchase_floors":[10,36,36],"current_hp_per_floor":[62,69,69,69,64,68,72,69,69,86,86,86,86,86,86,72,83,85,84,83,83,83,81,81,81,81,86,86,86,86,86,86,87,87,91,91,91,95,95,95,89,99,99,103,103,103,103,103,103,97],"gold":119,"neow_bonus":"HUNDRED_GOLD","is_daily":false,"chose_seed":false,"campfire_upgraded":8,"win_rate":0.0,"timestamp":1607745030,"path_taken":["M","M","?","M","M","E","M","E","T","$","M","?","R","E","R","BOSS","M","M","?","M","?","E","R","E","T","E","?","R","?","?","R","BOSS","M","$","M","M","M","R","M","E","T","E","M","R","M","$","R","BOSS"],"items_purchased_type":["Relic","Relic","Relic"],"build_version":"2020-11-30","purchased_purges":3,"victory":true,"max_hp_per_floor":[75,75,75,75,75,80,79,79,79,86,86,86,86,86,86,86,86,85,84,83,83,83,83,83,83,83,87,87,87,87,87,87,87,87,91,91,91,95,95,95,95,99,99,103,103,103,103,103,103,107],"card_choices":[{"not_picked":["PrismaMod:ChloeExhaustTwo","PrismaMod:ChloeCheapAttack"],"picked":"PrismaMod:ChloeCheapAttackTwo","floor":1},{"not_picked":["PrismaMod:ChloeRitsuka","PrismaMod:ChloeChristmas"],"picked":"PrismaMod:ChloeRhongomyniad","floor":2},{"not_picked":["PrismaMod:ChloeCheapDefendTwo","PrismaMod:ChloeExhaustOne","PrismaMod:ChloeCheapAttackTwo"],"picked":"SKIP","floor":4},{"not_picked":["PrismaMod:ChloeCommonAOEAttack","PrismaMod:ChloeExhaustOne"],"picked":"PrismaMod:ChloeUncommonDefend","floor":5},{"not_picked":["PrismaMod:ChloeCheapAttack","PrismaMod:ChloeGaeBolg"],"picked":"PrismaMod:ChloeCaladbolg","floor":6},{"not_picked":["PrismaMod:ChloeCommonAOEAttack","PrismaMod:ChloeDiscardRecovery"],"picked":"PrismaMod:ChloeExcalibur","floor":7},{"not_picked":["PrismaMod:ChloeCheapAttackTwo","PrismaMod:ChloeMordred"],"picked":"PrismaMod:ChloeUncommonDefend","floor":8},{"not_picked":["PrismaMod:ChloeCheapAttack","PrismaMod:ChloeExhaustThree"],"picked":"PrismaMod:ChloeCaladbolg","floor":11},{"not_picked":["PrismaMod:ChloeCommonAOEAttack","PrismaMod:ChloeCheapAttackTwo","PrismaMod:ChloeDiscardRecovery"],"picked":"SKIP","floor":14},{"not_picked":["PrismaMod:ChloeHalloween","PrismaMod:ChloeAnyCommonTrace"],"picked":"PrismaMod:ChloeUnlimitedBladeWorks","floor":16},{"not_picked":["PrismaMod:ChloeExhaustTwo","PrismaMod:ChloeCheapDefend"],"picked":"PrismaMod:ChloeCheapDefendTwo+1","floor":18},{"not_picked":["PrismaMod:ChloeCheapDefendTwo","PrismaMod:ChloeExhaustOne"],"picked":"PrismaMod:ChloeMordred+1","floor":19},{"not_picked":["PrismaMod:ChloeExhaustOne","PrismaMod:ChloeCheapAttackTwo"],"picked":"PrismaMod:ChloeEyeOfTheEuryale","floor":21},{"not_picked":["PrismaMod:ChloeCheapAttackTwo","PrismaMod:ChloeChristmas"],"picked":"PrismaMod:ChloeRuleBreaker","floor":23},{"not_picked":["PrismaMod:ChloeCheapAttack","PrismaMod:ChloeDiscardRecovery"],"picked":"PrismaMod:ChloeDevil","floor":25},{"not_picked":["PrismaMod:ChloeCommonAOEAttack","PrismaMod:ChloeCheapDefendTwo","PrismaMod:ChloeExhaustOne"],"picked":"SKIP","floor":27},{"not_picked":["PrismaMod:ChloeMaid","PrismaMod:ChloeUncommonAOEAttack+1"],"picked":"PrismaMod:ChloeGaeBolg","floor":28},{"not_picked":["PrismaMod:ChloeAnySkillTrace","PrismaMod:ChloeAnyCommonTrace"],"picked":"PrismaMod:ChloeCarnivalDefend","floor":33},{"not_picked":["PrismaMod:ChloeCheapDefendTwo+1","PrismaMod:ChloeDiscardRecovery+1","PrismaMod:ChloeCommonAOEAttack+1"],"picked":"SKIP","floor":35},{"not_picked":["PrismaMod:ChloeMaid+1","PrismaMod:ChloeDiscardRecovery","PrismaMod:ChloeCheapAttackTwo"],"picked":"SKIP","floor":37},{"not_picked":["PrismaMod:ChloeCommonAOEAttack+1","PrismaMod:ChloeDiscardRecovery"],"picked":"PrismaMod:ChloeRitsuka+1","floor":38},{"not_picked":["PrismaMod:ChloeDiscardRecovery","PrismaMod:ChloeExhaustOne"],"picked":"PrismaMod:ChloeCarnivalAttack","floor":39},{"not_picked":["PrismaMod:ChloeCheapAttackTwo+1","PrismaMod:ChloeChristmas","PrismaMod:ChloeExhaustTwo"],"picked":"SKIP","floor":41},{"not_picked":["PrismaMod:ChloeMaid+1","PrismaMod:ChloeDiscardRecovery+1","PrismaMod:ChloeCheapAttack"],"picked":"SKIP","floor":42},{"not_picked":["PrismaMod:ChloeCheapDefendTwo+1","PrismaMod:ChloeCommonAOEAttack","PrismaMod:ChloeExhaustTwo+1"],"picked":"SKIP","floor":44},{"not_picked":["PrismaMod:ChloeCheapAttackTwo+1","PrismaMod:ChloeCommonAOEAttack","PrismaMod:ChloeDiscardRecovery"],"picked":"SKIP","floor":45},{"not_picked":["PrismaMod:ChloeUncommonAttack","PrismaMod:ChloeCheapDefendTwo+1","PrismaMod:ChloeDiscardRecovery"],"picked":"SKIP","floor":47}],"player_experience":355928,"relics_obtained":[{"floor":6,"key":"TungstenRod"},{"floor":8,"key":"Kunai"},{"floor":9,"key":"Akabeko"},{"floor":14,"key":"Oddly Smooth Stone"},{"floor":20,"key":"Red Mask"},{"floor":23,"key":"Tea:ReiMu"},{"floor":25,"key":"Shuriken"},{"floor":27,"key":"CeramicFish"},{"floor":42,"key":"Mastiff:ReiMu"},{"floor":42,"key":"Omamori"},{"floor":43,"key":"Meat on the Bone"},{"floor":44,"key":"Ginger"},{"floor":44,"key":"Regal Pillow"}],"event_choices":[{"damage_healed":0,"gold_gain":0,"player_choice":"Take Tiny Shrine away","damage_taken":0,"relics_obtained":["YidongShenshe:ReiMu"],"max_hp_gain":0,"max_hp_loss":0,"event_name":"yidonshenshe","floor":3,"gold_loss":0,"cards_obtained":["Poor:ReiMu"]},{"damage_healed":0,"gold_gain":0,"player_choice":"Rummage","damage_taken":0,"relics_obtained":["WarpedTongs"],"max_hp_gain":0,"max_hp_loss":0,"event_name":"Accursed Blacksmith","floor":12,"gold_loss":0,"cards_obtained":["Pain"]},{"damage_healed":0,"gold_gain":0,"player_choice":"Fought Bandits","damage_taken":0,"max_hp_gain":0,"max_hp_loss":0,"event_name":"Masked Bandits","floor":20,"gold_loss":0},{"cards_removed":["Pain"],"damage_healed":0,"gold_gain":0,"player_choice":"Removed Curses","damage_taken":0,"max_hp_gain":0,"max_hp_loss":0,"event_name":"Fountain of Cleansing","floor":22,"gold_loss":0},{"damage_healed":0,"gold_gain":0,"player_choice":"Ignored","damage_taken":0,"max_hp_gain":0,"max_hp_loss":0,"event_name":"Cursed Tome","floor":30,"gold_loss":0},{"damage_healed":0,"gold_gain":100,"player_choice":"Bet on Murderer","damage_taken":0,"max_hp_gain":0,"max_hp_loss":0,"event_name":"The Joust","floor":31,"gold_loss":50}],"is_beta":false,"boss_relics":[{"not_picked":["Runic Pyramid","Cursed Key"],"picked":"Sozu"},{"not_picked":["Busted Crown","Calling Bell"],"picked":"Black Star"}],"items_purged_floors":[10,36,48],"is_endless":false,"potions_floor_spawned":[2,5,6,16,18,19,33,38,39,42,47],"ascension_level":6}}