{"host":"ktg5lwritr12xyhv","time":1607779757,"event":{"mods":["Aspiration","BaseMod","Challenge The Spire","Conspire","Hermit","Koishi","KomeijiMod","Minty Spire (QoL Compilation)","Quick Restart","Relic Stats","Replay The Spire","RumiaBox-露米娅的神秘盒子","SIMod","Spicy Shops","StSLib","vexMod","【东方二次创作】八云紫mod","篝火指南"],"gold_per_floor":[118,468,498,498,530,577,600,639,639,639,639,639,102,139,163,133,133,248,248,270,270],"floor_reached":20,"playtime":1186,"items_purged":["Confused"],"score":327,"play_id":"c5471214-da52-41f5-87e7-ecbcd9f71e57","local_time":"20201212212917","is_ascension_mode":true,"campfire_choices":[{"data":"Koishi:FleetingPhantom","floor":12,"key":"SMITH"},{"data":"Koishi:Untouchable","floor":17,"key":"SMITH"}],"circlet_count":0,"master_deck":["Koishi:BasicStrike","Koishi:BasicStrike","Koishi:BasicStrike","Koishi:BasicStrike+1","Koishi:BasicDefend","Koishi:BasicDefend","Koishi:BasicDefend","Koishi:BasicDefend","Koishi:Provoke","Koishi:HauntingSlash+1","Koishi:YoukaiPolygraph+1","Hallucinations","Koishi:RacingHeart","Koishi:FleetingPhantom+1","ReplayTheSpireMod:Faulty Equipment","Koishi:DreadfulBlow","Koishi:BloodcurdlingScream","Doubt","Exhaustion","Confused","Sickly","Koishi:GhostParty+1","Koishi:Untouchable+1","Koishi:ParalyzingFear","Koishi:PhantomBarrier","ReplayTheSpireMod:Splinters","Koishi:FormlessExistence","Koishi:DNAsFlaw"],"relics":["Koishi:ImaginaryFriend","Whetstone","Ring of Greed","Ring of Peace","Old Coin","Replay:Bandana","Blood Vial","The Courier","Darkstone Periapt","Lee\u0027s Waffle","Lantern","Guide Book","ReplayFunnel","Onion Ring","Black Star"],"acts_visited":["Exordium","TheCity"],"potions_floor_usage":[8],"damage_taken":[{"damage":0.0,"enemies":"Jaw Worm","floor":1.0,"turns":4.0},{"damage":0.0,"enemies":"2 Louse","floor":3.0,"turns":4.0},{"damage":0.0,"enemies":"Small Slimes","floor":5.0,"turns":4.0},{"damage":43.0,"enemies":"Gremlin Nob","floor":6.0,"turns":7.0},{"damage":3.0,"enemies":"Red Slaver","floor":7.0,"turns":5.0},{"damage":24,"enemies":"Lagavulin","floor":8,"turns":8},{"damage":22,"enemies":"Gremlin Nob","floor":14,"turns":10},{"damage":0,"enemies":"Large Slime","floor":15,"turns":10},{"damage":39,"enemies":"Fading Forest","floor":18,"turns":11},{"damage":50,"enemies":"Chosen","floor":20,"turns":14}],"seed_played":"2336769753988913816","potions_obtained":[{"floor":1.0,"key":"BlessingOfTheForge"},{"floor":7.0,"key":"Elixir"},{"floor":14,"key":"FearPotion"},{"floor":16,"key":"RedTea"},{"floor":16,"key":"Adrenaline Potion"}],"is_trial":false,"path_per_floor":["M","?","M","?","M","E","M","E","PTL","PTL","T","R","$","E","M","?","R","B",null,"M"],"character_chosen":"KOISHI","items_purchased":["Koishi:Untouchable","Lee\u0027s Waffle","Lantern","Guide Book","ReplayFunnel"],"campfire_rested":0,"item_purchase_floors":[13,13,13,13,13],"current_hp_per_floor":[60,60,60,65,65,29,36,25,25,25,25,25,72,62,66,66,66,36,78,37,37],"gold":270,"neow_bonus":"RANDOM_COMMON_RELIC","is_daily":false,"chose_seed":false,"campfire_upgraded":2,"win_rate":0.0,"timestamp":1607779757,"path_taken":["M","?","M","?","M","E","M","E","PTL","PTL","T","R","$","E","M","?","R","BOSS","M"],"items_purchased_type":["Card","Relic","Relic","Relic","Relic"],"build_version":"2020-11-30","purchased_purges":1,"victory":false,"max_hp_per_floor":[60,60,60,65,65,65,65,65,65,65,65,65,72,72,72,72,72,78,78,78,78],"relic_stats":{"Blood Vial":8,"Darkstone Periapt":6,"Lee\u0027s Waffle":47,"counters":[10,77],"Black Star":0,"Whetstone":["Koishi:BasicStrike","Koishi:HauntingSlash"],"obtain_stats":[{"Darkstone Periapt":11,"ReplayFunnel":13,"Lee\u0027s Waffle":13,"Lantern":13,"Guide Book":13,"The Courier":8,"Whetstone":0,"Ring of Greed":2,"Old Coin":2,"Blood Vial":6,"Replay:Bandana":2,"Ring of Peace":2,"Onion Ring":14,"Black Star":19,"Koishi:ImaginaryFriend":0},{"Darkstone Periapt":6,"ReplayFunnel":6,"Lee\u0027s Waffle":6,"Lantern":6,"Guide Book":6,"The Courier":6,"Whetstone":0,"Ring of Greed":1,"Old Coin":1,"Blood Vial":4,"Replay:Bandana":1,"Ring of Peace":1,"Onion Ring":7,"Black Star":9,"Koishi:ImaginaryFriend":0},{"Darkstone Periapt":32,"ReplayFunnel":32,"Lee\u0027s Waffle":32,"Lantern":32,"Guide Book":32,"The Courier":32,"Whetstone":0,"Ring of Greed":4,"Old Coin":4,"Blood Vial":19,"Replay:Bandana":4,"Ring of Peace":4,"Onion Ring":42,"Black Star":63,"Koishi:ImaginaryFriend":0}]},"card_choices":[{"not_picked":["Koishi:SpiritedAway","Koishi:EmbryosDream"],"picked":"Koishi:YoukaiPolygraph","floor":1.0},{"not_picked":["Koishi:Catatonia","Koishi:FleetingPhantom"],"picked":"Koishi:RacingHeart","floor":3.0},{"not_picked":["Koishi:UnconsciousUprising","Koishi:CatchAndRose"],"picked":"Koishi:FleetingPhantom","floor":5.0},{"not_picked":["Koishi:ConditionedTeleport","Koishi:RorschachInDanmaku"],"picked":"Koishi:DreadfulBlow","floor":6.0},{"not_picked":["Koishi:ParalyzingFear","Koishi:FleetingPhantom"],"picked":"Koishi:BloodcurdlingScream","floor":7.0},{"not_picked":["Koishi:PhantomStrike","Koishi:ApparitionsStalkTheNight"],"picked":"Koishi:GhostParty","floor":8},{"not_picked":["Koishi:ApparitionsStalkTheNight","Koishi:SubterraneanRose"],"picked":"Koishi:ParalyzingFear","floor":14},{"not_picked":["Koishi:Prune","Koishi:SubterraneanRose"],"picked":"Koishi:PhantomBarrier","floor":15},{"not_picked":["Koishi:ConditionedTeleport","Koishi:Ego"],"picked":"Koishi:FormlessExistence","floor":18},{"not_picked":["Koishi:EmbersOfLove","Koishi:RorschachInDanmaku"],"picked":"Koishi:DNAsFlaw","floor":20}],"player_experience":152301,"relics_obtained":[{"floor":2.0,"key":"Ring of Greed"},{"floor":2.0,"key":"Ring of Peace"},{"floor":2.0,"key":"Old Coin"},{"floor":2.0,"key":"Replay:Bandana"},{"floor":6.0,"key":"Blood Vial"},{"floor":8,"key":"The Courier"},{"floor":11,"key":"Darkstone Periapt"},{"floor":14,"key":"Onion Ring"}],"event_choices":[{"damage_healed":0.0,"max_hp_gain":5.0,"max_hp_loss":0.0,"gold_gain":0.0,"event_name":"Big Fish","player_choice":"Donut","floor":4.0,"gold_loss":0.0,"damage_taken":0.0},{"damage_healed":0,"gold_gain":0,"player_choice":"Bought 2 Potions","damage_taken":0,"max_hp_gain":0,"max_hp_loss":0,"event_name":"The Woman in Blue","floor":16,"gold_loss":0}],"is_beta":false,"boss_relics":[{"not_picked":["SoulBox","Velvet Choker"],"picked":"Black Star"}],"items_purged_floors":[13],"is_endless":false,"potions_floor_spawned":[1,7,14,18,20],"killed_by":"Chosen","ascension_level":1}}