{"host":"g3js2eermvvpeiqn","time":1607735297,"event":{"mods":["BaseMod","DeckTracker","Downfall","Minty Spire (QoL Compilation)","Quick Restart","StSLib"],"gold_per_floor":[110,110,110,110,122,122,135,135,135,151,182,25,58,72,72,144,144,157,72,87,114,75,75,75,75],"floor_reached":24,"playtime":1221,"items_purged":["Strike_P"],"score":658,"play_id":"0dd9330f-3c70-450e-a76a-202a4c1e1b15","local_time":"20201211190817","is_ascension_mode":true,"campfire_choices":[{"data":"Eruption","floor":6.0,"key":"SMITH"},{"data":"MasterReality","floor":8.0,"key":"SMITH"},{"floor":15.0,"key":"REST"},{"data":"SignatureMove","floor":23,"key":"SMITH"}],"circlet_count":0,"master_deck":["AscendersBane","Strike_P","Strike_P","Defend_P","Defend_P","Eruption+1","Vigilance","MasterReality+1","CarveReality","DevaForm","EmptyMind+1","Evaluate+1","Tantrum","Judgement+1","SignatureMove+1"],"relics":["PureWater","TungstenRod","Toxic Egg 2","Juzu Bracelet","Empty Cage","Potion Belt","Blood Vial"],"acts_visited":["Exordium","TheCity"],"potions_floor_usage":[20],"damage_taken":[{"damage":7.0,"enemies":"Cultist","floor":1.0,"turns":5.0},{"damage":8.0,"enemies":"2 Louse","floor":5.0,"turns":3.0},{"damage":0.0,"enemies":"Jaw Worm","floor":7.0,"turns":3.0},{"damage":6.0,"enemies":"Exordium Wildlife","floor":10.0,"turns":3.0},{"damage":29.0,"enemies":"3 Sentries","floor":11.0,"turns":8.0},{"damage":0.0,"enemies":"Lagavulin","floor":13.0,"turns":4.0},{"damage":2.0,"enemies":"3 Louse","floor":14.0,"turns":3.0},{"damage":11.0,"enemies":"Hexaghost","floor":16.0,"turns":7.0},{"damage":15.0,"enemies":"2 Thieves","floor":18.0,"turns":3.0},{"damage":7,"enemies":"Shell Parasite","floor":20,"turns":3},{"damage":38,"enemies":"Slavers","floor":24,"turns":1}],"seed_played":"4023833478123467969","potions_obtained":[{"floor":11.0,"key":"LiquidMemories"},{"floor":13.0,"key":"SneckoOil"},{"floor":14.0,"key":"sneckomod:MuddlingPotion"},{"floor":16.0,"key":"Dexterity Potion"}],"is_trial":false,"path_per_floor":["M","$","?","$","M","R","M","R","T","M","E","$","E","M","R","B",null,"M","?","M","T","$","R","E"],"character_chosen":"WATCHER","items_purchased":["Energy Potion","Evaluate+1","SignatureMove"],"campfire_rested":1,"item_purchase_floors":[12,12,22],"current_hp_per_floor":[54,54,47,47,39,39,39,39,39,33,4,4,4,2,22,11,54,39,39,32,32,32,32,0,0],"gold":75,"neow_bonus":"ONE_RANDOM_RARE_CARD","is_daily":false,"chose_seed":false,"campfire_upgraded":3,"win_rate":0.0,"timestamp":1607735297,"path_taken":["M","?","?","$","M","R","M","R","T","M","E","$","E","M","R","BOSS","M","?","M","?","?","R","E"],"items_purchased_type":["Potion","Card","Card"],"build_version":"2020-11-30","purchased_purges":1,"victory":false,"max_hp_per_floor":[68,68,68,68,68,68,68,68,68,68,68,68,68,68,68,68,68,68,68,68,68,68,68,68,68],"card_choices":[{"not_picked":["BowlingBash","Weave","SashWhip"],"picked":"SKIP","floor":1.0},{"not_picked":["WindmillStrike","Protect"],"picked":"CarveReality","floor":5.0},{"not_picked":["BowlingBash","Fasting2","JustLucky"],"picked":"SKIP","floor":7.0},{"not_picked":["Protect","Evaluate"],"picked":"DevaForm","floor":10.0},{"not_picked":["FlurryOfBlows","CarveReality"],"picked":"EmptyMind+1","floor":11.0},{"not_picked":["FollowUp","BowlingBash"],"picked":"Tantrum","floor":13.0},{"not_picked":["FlyingSleeves","SashWhip","JustLucky"],"picked":"SKIP","floor":14.0},{"not_picked":["Devotion","MasterReality"],"picked":"Judgement+1","floor":16.0},{"not_picked":["JustLucky","Vengeance+1","FlurryOfBlows"],"picked":"SKIP","floor":18.0},{"not_picked":["Crescendo+1","FlurryOfBlows","EmptyFist"],"picked":"SKIP","floor":20}],"player_experience":1437152,"relics_obtained":[{"floor":9.0,"key":"TungstenRod"},{"floor":11.0,"key":"Toxic Egg 2"},{"floor":13.0,"key":"Juzu Bracelet"},{"floor":21,"key":"Blood Vial"}],"event_choices":[{"cards_removed":["Defend_P"],"damage_healed":0.0,"max_hp_gain":0.0,"max_hp_loss":0.0,"gold_gain":0.0,"event_name":"Golden Wing","player_choice":"Card Removal","floor":3.0,"gold_loss":0.0,"damage_taken":7.0},{"damage_healed":0.0,"max_hp_gain":0.0,"max_hp_loss":0.0,"gold_gain":0.0,"event_name":"Addict","player_choice":"Obtained Relic","floor":19.0,"gold_loss":85.0,"damage_taken":0.0,"relics_obtained":["Potion Belt"]}],"is_beta":false,"boss_relics":[{"not_picked":["Black Star","Ectoplasm"],"picked":"Empty Cage"}],"items_purged_floors":[12],"is_endless":false,"potions_floor_spawned":[11,13,14,16],"killed_by":"Slavers","ascension_level":20}}