{"host":"cjhtzh7tp54jdfyv","time":1607758971,"event":{"mods":["BaseMod","Minty Spire (QoL Compilation)"],"gold_per_floor":[119,135,153,153,164,193,193,220,220,220,220,234,254,268,268,342,342,354,354,36,53,53,71,71,96,96,127,227,227,66,82,82,157,157,176,176,176,187,207,236,256,283,309,339,364,380,413,413,413,413,413,413],"floor_reached":51,"playtime":21563,"items_purged":[],"score":1784,"play_id":"180053a6-453c-4141-8d59-9f251c4fecb2","local_time":"20201212024251","is_ascension_mode":true,"campfire_choices":[{"floor":11.0,"key":"REST"},{"data":"Glass Knife","floor":15.0,"key":"SMITH"},{"data":"Well Laid Plans","floor":24.0,"key":"SMITH"},{"data":"Bullet Time","floor":32,"key":"SMITH"},{"floor":49,"key":"RECALL"}],"circlet_count":0,"master_deck":["AscendersBane","Defend_G","Defend_G","Defend_G","Defend_G","Defend_G","Survivor","Neutralize","Poisoned Stab","Well Laid Plans+1","All Out Attack","Dagger Throw","Calculated Gamble","Glass Knife+1","Leg Sweep","Blade Dance","Phantasmal Killer","Acrobatics","Bite","Bite","Bite","Bite","Bite","Backflip","Expertise+1","PiercingWail","Phantasmal Killer","Blade Dance","Riddle With Holes","Bullet Time+1","Backflip","Dagger Spray+1","Acrobatics","Wraith Form v2","Venomology","Blade Dance","Acrobatics+1","Acrobatics","Reflex","Blade Dance","Tactician+1","Wraith Form v2"],"relics":["Ring of the Snake","Sundial","Pear","Ninja Scroll","Dream Catcher","Happy Flower","HoveringKite","Incense Burner","Ancient Tea Set","Shuriken","Calipers","Gremlin Horn","Orrery","WristBlade","Gambling Chip","Regal Pillow","Centennial Puzzle","Ice Cream","Torii","Bronze Scales"],"acts_visited":["Exordium","TheCity","TheBeyond"],"potions_floor_usage":[40,41,51],"damage_taken":[{"damage":2.0,"enemies":"2 Louse","floor":1.0,"turns":4.0},{"damage":1.0,"enemies":"Cultist","floor":2.0,"turns":5.0},{"damage":0.0,"enemies":"Small Slimes","floor":3.0,"turns":3.0},{"damage":1.0,"enemies":"Exordium Thugs","floor":5.0,"turns":5.0},{"damage":27.0,"enemies":"3 Sentries","floor":6.0,"turns":9.0},{"damage":39.0,"enemies":"Lagavulin","floor":8.0,"turns":7.0},{"damage":0.0,"enemies":"3 Louse","floor":12.0,"turns":4.0},{"damage":13.0,"enemies":"Exordium Wildlife","floor":13.0,"turns":5.0},{"damage":0.0,"enemies":"Blue Slaver","floor":14.0,"turns":3.0},{"damage":24.0,"enemies":"Slime Boss","floor":16.0,"turns":9.0},{"damage":15.0,"enemies":"2 Thieves","floor":18.0,"turns":5.0},{"damage":1.0,"enemies":"Shell Parasite","floor":21.0,"turns":3.0},{"damage":8.0,"enemies":"Snake Plant","floor":23.0,"turns":4.0},{"damage":30.0,"enemies":"Slavers","floor":25.0,"turns":8.0},{"damage":0.0,"enemies":"Gremlin Leader","floor":27.0,"turns":6.0},{"damage":1.0,"enemies":"Colosseum Slavers","floor":28.0,"turns":7.0},{"damage":0.0,"enemies":"Colosseum Nobs","floor":28.0,"turns":7.0},{"damage":3,"enemies":"3 Cultists","floor":31,"turns":7},{"damage":9,"enemies":"Automaton","floor":33,"turns":5},{"damage":2,"enemies":"3 Shapes","floor":35,"turns":2},{"damage":0,"enemies":"Orb Walker","floor":38,"turns":1},{"damage":2,"enemies":"3 Darklings","floor":39,"turns":2},{"damage":0,"enemies":"Reptomancer","floor":40,"turns":5},{"damage":30,"enemies":"Maw","floor":41,"turns":3},{"damage":0,"enemies":"Giant Head","floor":42,"turns":4},{"damage":4,"enemies":"Nemesis","floor":44,"turns":5},{"damage":0,"enemies":"Mind Bloom Boss Battle","floor":45,"turns":2},{"damage":1,"enemies":"Transient","floor":46,"turns":6},{"damage":46,"enemies":"Reptomancer","floor":47,"turns":6},{"damage":2,"enemies":"Donu and Deca","floor":50,"turns":4},{"damage":44,"enemies":"Time Eater","floor":51,"turns":4}],"seed_played":"7106587243702396854","potions_obtained":[{"floor":2.0,"key":"CunningPotion"},{"floor":3.0,"key":"LiquidBronze"},{"floor":6.0,"key":"DuplicationPotion"},{"floor":8.0,"key":"Explosive Potion"},{"floor":13.0,"key":"LiquidMemories"},{"floor":16.0,"key":"SpeedPotion"},{"floor":18.0,"key":"DistilledChaos"},{"floor":25.0,"key":"AttackPotion"},{"floor":31,"key":"AttackPotion"},{"floor":33,"key":"PowerPotion"},{"floor":40,"key":"Fruit Juice"}],"is_trial":false,"path_per_floor":["M","M","M","?","M","E","T","E","T","?","R","M","M","M","R","B",null,"M","?","$","M","?","M","R","E","T","E","?","?","$","M","R","B",null,"M","$","?","M","M","E","M","E","T","E","?","M","E","?","R","B","B"],"character_chosen":"THE_SILENT","items_purchased":["Incense Burner","Orrery"],"campfire_rested":1,"item_purchase_floors":[20,30],"current_hp_per_floor":[63,62,62,72,71,44,54,15,15,15,39,39,26,26,26,2,62,47,47,47,48,48,46,46,26,26,42,57,57,57,56,56,54,56,54,54,54,54,57,57,36,42,42,48,54,62,29,29,29,31,0,0],"gold":413,"neow_bonus":"TEN_PERCENT_HP_BONUS","is_daily":false,"chose_seed":false,"campfire_upgraded":3,"win_rate":0.0,"timestamp":1607758971,"path_taken":["M","M","M","?","?","E","?","E","T","?","R","M","M","?","R","BOSS","M","?","$","M","?","M","R","E","T","E","?","?","$","M","R","BOSS","M","?","?","M","M","E","?","E","T","E","?","M","E","?","R","BOSS","BOSS"],"items_purchased_type":["Relic","Relic"],"build_version":"2020-11-30","purchased_purges":0,"victory":false,"max_hp_per_floor":[72,72,72,72,72,72,82,82,82,82,82,82,82,82,82,82,82,82,57,57,57,57,57,57,57,57,57,57,57,57,57,57,57,57,57,57,57,57,57,57,62,62,62,62,62,62,62,62,62,62,62,62],"card_choices":[{"not_picked":["Outmaneuver","Endless Agony"],"picked":"Poisoned Stab","floor":1.0},{"not_picked":["Underhanded Strike","Blur"],"picked":"Well Laid Plans","floor":2.0},{"not_picked":["Sucker Punch","Slice"],"picked":"All Out Attack","floor":3.0},{"not_picked":["Reflex","Masterful Stab","Setup"],"picked":"SKIP","floor":5.0},{"not_picked":["Reflex","Masterful Stab","Setup"],"picked":"SKIP","floor":5.0},{"not_picked":["Reflex","Masterful Stab","Setup"],"picked":"SKIP","floor":5.0},{"not_picked":["Dagger Spray","Concentrate"],"picked":"Dagger Throw","floor":6.0},{"not_picked":["Dagger Throw","Bane"],"picked":"Calculated Gamble","floor":8.0},{"not_picked":["Bane","Deflect"],"picked":"Glass Knife","floor":11.0},{"not_picked":["Sucker Punch","Bane","Flying Knee"],"picked":"SKIP","floor":12.0},{"not_picked":["Calculated Gamble","Blade Dance"],"picked":"Leg Sweep","floor":13.0},{"not_picked":["Bane","Backflip"],"picked":"Blade Dance","floor":14.0},{"not_picked":["A Thousand Cuts","Envenom"],"picked":"Phantasmal Killer","floor":16.0},{"not_picked":["Quick Slash","Underhanded Strike"],"picked":"Acrobatics","floor":18.0},{"not_picked":["Storm of Steel","Flechettes","Outmaneuver"],"picked":"SKIP","floor":21.0},{"not_picked":["Prepared","Underhanded Strike"],"picked":"Backflip","floor":23.0},{"not_picked":["Predator","Reflex"],"picked":"Expertise+1","floor":25.0},{"not_picked":["Storm of Steel","Deflect","Dagger Spray"],"picked":"SKIP","floor":27.0},{"not_picked":["Bane","Flechettes"],"picked":"PiercingWail","floor":28.0},{"not_picked":["Poisoned Stab","Dodge and Roll"],"picked":"Blade Dance","floor":30},{"not_picked":["Deflect","Cloak And Dagger"],"picked":"Riddle With Holes","floor":30},{"not_picked":["Backflip","Flying Knee"],"picked":"Bullet Time","floor":30},{"not_picked":["Blur","Riddle With Holes"],"picked":"Backflip","floor":30},{"not_picked":["Deadly Poison","Riddle With Holes"],"picked":"Dagger Spray+1","floor":30},{"not_picked":["Prepared","All Out Attack+1"],"picked":"Acrobatics","floor":31},{"not_picked":["Adrenaline","Burst"],"picked":"Wraith Form v2","floor":33},{"not_picked":["Distraction","Backflip","Underhanded Strike"],"picked":"SKIP","floor":35},{"not_picked":["Dagger Throw+1","Distraction","Skewer"],"picked":"SKIP","floor":38},{"not_picked":["Catalyst","Dodge and Roll"],"picked":"Blade Dance","floor":39},{"not_picked":["Riddle With Holes+1","Calculated Gamble"],"picked":"Acrobatics+1","floor":40},{"not_picked":["Dodge and Roll","Poisoned Stab"],"picked":"Acrobatics","floor":41},{"not_picked":["Skewer","Dodge and Roll+1","Dagger Spray"],"picked":"SKIP","floor":42},{"not_picked":["PiercingWail","Calculated Gamble"],"picked":"Reflex","floor":44},{"not_picked":["Heel Hook","Cloak And Dagger"],"picked":"Blade Dance","floor":45},{"not_picked":["Bane+1","Slice"],"picked":"Tactician+1","floor":46},{"not_picked":["Poisoned Stab+1","Dodge and Roll"],"picked":"Wraith Form v2","floor":47}],"player_experience":4156838,"relics_obtained":[{"floor":6.0,"key":"Sundial"},{"floor":7.0,"key":"Pear"},{"floor":8.0,"key":"Ninja Scroll"},{"floor":9.0,"key":"Dream Catcher"},{"floor":25.0,"key":"Ancient Tea Set"},{"floor":27.0,"key":"Shuriken"},{"floor":28.0,"key":"Calipers"},{"floor":28.0,"key":"Gremlin Horn"},{"floor":40,"key":"Gambling Chip"},{"floor":42,"key":"Regal Pillow"},{"floor":43,"key":"Centennial Puzzle"},{"floor":44,"key":"Ice Cream"},{"floor":45,"key":"Torii"},{"floor":47,"key":"Bronze Scales"}],"event_choices":[{"damage_healed":10.0,"max_hp_gain":0.0,"max_hp_loss":0.0,"gold_gain":0.0,"event_name":"Wheel of Change","player_choice":"Full Heal","floor":4.0,"gold_loss":0.0,"damage_taken":0.0},{"damage_healed":0.0,"max_hp_gain":0.0,"max_hp_loss":0.0,"gold_gain":0.0,"event_name":"WeMeetAgain","player_choice":"Gave Potion","floor":10.0,"gold_loss":0.0,"damage_taken":0.0,"relics_obtained":["Happy Flower"]},{"damage_healed":0.0,"max_hp_gain":0.0,"max_hp_loss":25.0,"gold_gain":0.0,"event_name":"Vampires","player_choice":"Became a vampire","floor":19.0,"gold_loss":0.0,"damage_taken":0.0,"cards_obtained":["Bite","Bite","Bite","Bite","Bite"]},{"damage_healed":0.0,"max_hp_gain":0.0,"max_hp_loss":0.0,"gold_gain":0.0,"event_name":"The Mausoleum","player_choice":"Ignored","floor":22.0,"gold_loss":0.0,"damage_taken":0.0},{"damage_healed":0.0,"max_hp_gain":0.0,"max_hp_loss":0.0,"gold_gain":0.0,"event_name":"Colosseum","player_choice":"Fight","floor":28.0,"gold_loss":0.0,"damage_taken":0.0},{"damage_healed":0.0,"max_hp_gain":0.0,"max_hp_loss":0.0,"gold_gain":0.0,"event_name":"Colosseum","player_choice":"Fought Nobs","floor":28.0,"gold_loss":0.0,"damage_taken":0.0},{"damage_healed":0.0,"max_hp_gain":0.0,"max_hp_loss":0.0,"gold_gain":0.0,"event_name":"Duplicator","player_choice":"Copied","floor":29.0,"gold_loss":0.0,"damage_taken":0.0,"cards_obtained":["Phantasmal Killer"]},{"damage_healed":0,"gold_gain":0,"player_choice":"1 cards matched","damage_taken":0,"max_hp_gain":0,"max_hp_loss":0,"event_name":"Match and Keep!","floor":37,"gold_loss":0,"cards_obtained":["Venomology"]},{"damage_healed":0,"gold_gain":0,"player_choice":"Fight","damage_taken":0,"max_hp_gain":0,"max_hp_loss":0,"event_name":"MindBloom","floor":45,"gold_loss":0},{"damage_healed":0,"gold_gain":0,"player_choice":"Got Potions","damage_taken":0,"max_hp_gain":0,"max_hp_loss":0,"event_name":"Lab","floor":48,"gold_loss":0}],"is_beta":false,"boss_relics":[{"not_picked":["Busted Crown","SacredBark"],"picked":"HoveringKite"},{"not_picked":["Philosopher\u0027s Stone","Pandora\u0027s Box"],"picked":"WristBlade"}],"items_purged_floors":[],"is_endless":false,"potions_floor_spawned":[2,3,6,8,13,16,18,23,25,31,33,40,41,44,46,47],"killed_by":"Time Eater","ascension_level":20}}