{"host":"xcuflocadasoaqda","time":1607747489,"event":{"mods":["BaseMod","Bestiary","Filter the Spire","Minty Spire (QoL Compilation)","Relic Stats"],"gold_per_floor":[111,111,122,136,151,182,200,225,225,225,258,278,308,327,327,327,327],"floor_reached":16,"playtime":844,"items_purged":[],"score":418,"play_id":"f21bad3a-5b22-49e3-8999-3d55451e7328","local_time":"20201211223129","is_ascension_mode":true,"campfire_choices":[{"data":"ForeignInfluence","floor":10,"key":"SMITH"},{"data":"Wish","floor":15,"key":"SMITH"}],"circlet_count":0,"master_deck":["AscendersBane","Vigilance","Study","FlurryOfBlows","ClearTheMind","Vengeance","Pray","Protect","WreathOfFlame","Tantrum","Sanctity","FlyingSleeves","ForeignInfluence+1","CarveReality","FlurryOfBlows+1","Conclude+1","Meditate","Wish+1"],"relics":["Pandora\u0027s Box","Strawberry","Molten Egg 2","Singing Bowl","Omamori","Peace Pipe"],"acts_visited":["Exordium"],"potions_floor_usage":[6,14,16],"damage_taken":[{"damage":0.0,"enemies":"Cultist","floor":1.0,"turns":3.0},{"damage":4.0,"enemies":"Small Slimes","floor":3.0,"turns":3.0},{"damage":0.0,"enemies":"Jaw Worm","floor":4.0,"turns":3.0},{"damage":12.0,"enemies":"Gremlin Gang","floor":5.0,"turns":2.0},{"damage":0,"enemies":"Gremlin Nob","floor":6,"turns":2},{"damage":5,"enemies":"Large Slime","floor":7,"turns":4},{"damage":10,"enemies":"3 Sentries","floor":8,"turns":3},{"damage":0,"enemies":"Lagavulin","floor":11,"turns":4},{"damage":14,"enemies":"Red Slaver","floor":12,"turns":2},{"damage":0,"enemies":"Gremlin Nob","floor":13,"turns":2},{"damage":3,"enemies":"Lots of Slimes","floor":14,"turns":2},{"damage":23,"enemies":"Hexaghost","floor":16,"turns":7}],"seed_played":"1873554570636690977","potions_obtained":[{"floor":1.0,"key":"Dexterity Potion"},{"floor":4.0,"key":"AttackPotion"},{"floor":5.0,"key":"DuplicationPotion"},{"floor":13,"key":"AttackPotion"},{"floor":14,"key":"Dexterity Potion"}],"is_trial":false,"path_per_floor":["M","?","M","M","M","E","M","E","T","R","E","M","E","M","R","B"],"character_chosen":"WATCHER","items_purchased":[],"campfire_rested":0,"item_purchase_floors":[],"current_hp_per_floor":[61,61,57,57,45,52,47,37,37,37,37,23,25,22,22,0,0],"gold":327,"neow_bonus":"BOSS_RELIC","is_daily":false,"chose_seed":false,"campfire_upgraded":2,"win_rate":0.0,"timestamp":1607747489,"path_taken":["M","?","M","?","M","E","M","E","T","R","E","M","E","M","R","BOSS"],"items_purchased_type":[],"build_version":"2020-11-30","purchased_purges":0,"victory":false,"max_hp_per_floor":[68,68,68,68,68,75,75,75,75,75,75,75,77,77,77,77,77],"relic_stats":{"Peace Pipe":0,"Singing Bowl":2,"counters":[12,37],"Pandora\u0027s Box":["Study","FlurryOfBlows","ClearTheMind","Vengeance","Pray","Protect","WreathOfFlame","Tantrum"],"obtain_stats":[{"Peace Pipe":13,"Singing Bowl":9,"Strawberry":6,"Pandora\u0027s Box":0,"Molten Egg 2":8,"Omamori":11,"PureWater":0},{"Peace Pipe":10,"Singing Bowl":7,"Strawberry":5,"Pandora\u0027s Box":0,"Molten Egg 2":7,"Omamori":8,"PureWater":0},{"Peace Pipe":28,"Singing Bowl":20,"Strawberry":13,"Pandora\u0027s Box":0,"Molten Egg 2":20,"Omamori":24,"PureWater":0}]},"card_choices":[{"not_picked":["Pray","Vengeance"],"picked":"Sanctity","floor":1.0},{"not_picked":["Worship","CutThroughFate"],"picked":"FlyingSleeves","floor":3.0},{"not_picked":["Vengeance","Evaluate"],"picked":"ForeignInfluence","floor":4.0},{"not_picked":["Tantrum","Sanctity","Crescendo"],"picked":"SKIP","floor":5.0},{"not_picked":["JustLucky","WreathOfFlame","ConjureBlade"],"picked":"SKIP","floor":6},{"not_picked":["Protect","Meditate"],"picked":"CarveReality","floor":7},{"not_picked":["Establishment","WreathOfFlame"],"picked":"FlurryOfBlows+1","floor":8},{"not_picked":["Consecrate+1","JustLucky+1"],"picked":"Conclude+1","floor":11},{"not_picked":["Study","SignatureMove+1"],"picked":"Meditate","floor":12},{"not_picked":["FollowUp+1","ClearTheMind","Fasting2"],"picked":"Singing Bowl","floor":13},{"not_picked":["BowlingBash+1","SashWhip+1"],"picked":"Wish","floor":14}],"player_experience":1704375,"relics_obtained":[{"floor":6,"key":"Strawberry"},{"floor":8,"key":"Molten Egg 2"},{"floor":9,"key":"Singing Bowl"},{"floor":11,"key":"Omamori"},{"floor":13,"key":"Peace Pipe"}],"event_choices":[{"cards_removed":["Eruption"],"damage_healed":0.0,"max_hp_gain":0.0,"max_hp_loss":0.0,"gold_gain":0.0,"event_name":"Bonfire Elementals","player_choice":"Offered Basic","floor":2.0,"gold_loss":0.0,"damage_taken":0.0}],"is_beta":false,"boss_relics":[],"items_purged_floors":[],"is_endless":false,"potions_floor_spawned":[1,4,5,13,14],"killed_by":"Hexaghost","ascension_level":20}}