{"host":"usewcu4ohw2wtmxk","time":1607794267,"event":{"mods":["AchievementEnabler","BaseMod","BetterRewards","Colored Powertips","Minty Spire (QoL Compilation)","Permanent Neow","Quick Restart","Relic Sorter","Relic Stats","Shop Mod","StSLib","UnlockEverythingMod"],"gold_per_floor":[14,32,52,71,86,86,100,129,129,163,176,11,44,54,54,128,128,140,153,169,180,195,224,224,257,257,269,269,194,194,194,194,194,194],"floor_reached":33,"playtime":768,"items_purged":["Defend_P"],"score":926,"play_id":"923cb8b6-10ed-44f0-aefd-67d64c5d73f2","local_time":"20201213013107","is_ascension_mode":true,"campfire_choices":[{"data":"Eruption","floor":6.0,"key":"SMITH"},{"data":"ForeignInfluence","floor":15.0,"key":"SMITH"},{"floor":24.0,"key":"REST"},{"data":"BowlingBash","floor":32.0,"key":"SMITH"}],"circlet_count":0,"master_deck":["AscendersBane","Strike_P","Strike_P","Strike_P","Strike_P","Defend_P","Defend_P+1","Eruption+1","Vigilance+1","BowlingBash+1","Conclude","ForeignInfluence+1","WheelKick","Indignation","FlurryOfBlows","Wallop+1","DeusExMachina","Adaptation","CutThroughFate","FearNoEvil","LessonLearned","Decay"],"relics":["PureWater","Gambling Chip","Ginger","PreservedInsect","Orichalcum","Smiling Mask","Black Star","Shuriken","Eternal Feather","War Paint","TungstenRod"],"acts_visited":["Exordium","TheCity"],"potions_floor_usage":[],"damage_taken":[{"damage":8.0,"enemies":"Small Slimes","floor":1.0,"turns":8.0},{"damage":3.0,"enemies":"2 Louse","floor":2.0,"turns":4.0},{"damage":0.0,"enemies":"Cultist","floor":3.0,"turns":2.0},{"damage":2.0,"enemies":"Looter","floor":4.0,"turns":5.0},{"damage":0.0,"enemies":"Lots of Slimes","floor":5.0,"turns":2.0},{"damage":0.0,"enemies":"Exordium Wildlife","floor":7.0,"turns":2.0},{"damage":0.0,"enemies":"Lagavulin","floor":8.0,"turns":3.0},{"damage":0.0,"enemies":"Gremlin Nob","floor":10.0,"turns":2.0},{"damage":0.0,"enemies":"Looter","floor":11.0,"turns":1.0},{"damage":0.0,"enemies":"3 Sentries","floor":13.0,"turns":2.0},{"damage":0.0,"enemies":"Large Slime","floor":14.0,"turns":2.0},{"damage":0.0,"enemies":"Slime Boss","floor":16.0,"turns":3.0},{"damage":0.0,"enemies":"Chosen","floor":18.0,"turns":2.0},{"damage":14.0,"enemies":"2 Thieves","floor":19.0,"turns":3.0},{"damage":14.0,"enemies":"Sentry and Sphere","floor":20.0,"turns":3.0},{"damage":0.0,"enemies":"Chosen and Byrds","floor":21.0,"turns":2.0},{"damage":12.0,"enemies":"Centurion and Healer","floor":22.0,"turns":5.0},{"damage":16.0,"enemies":"Slavers","floor":23.0,"turns":3.0},{"damage":0.0,"enemies":"Gremlin Leader","floor":25.0,"turns":3.0},{"damage":28.0,"enemies":"Shelled Parasite and Fungi","floor":27.0,"turns":4.0},{"damage":0,"enemies":"Champ","floor":33,"turns":1}],"seed_played":"7537045689400878616","potions_obtained":[{"floor":1.0,"key":"Ancient Potion"},{"floor":2.0,"key":"SmokeBomb"},{"floor":4.0,"key":"DuplicationPotion"},{"floor":8.0,"key":"Regen Potion"},{"floor":16.0,"key":"Swift Potion"},{"floor":21.0,"key":"SteroidPotion"}],"is_trial":false,"path_per_floor":["M","M","M","M","M","R","M","E","T","E","M","$","E","M","R","B",null,"M","M","M","M","M","E","R","E","T","M","?","?","?","?","R","B"],"character_chosen":"WATCHER","items_purchased":["Wallop"],"campfire_rested":1,"item_purchase_floors":[12],"current_hp_per_floor":[53,50,50,48,48,48,48,48,48,48,48,48,48,48,48,48,63,63,49,35,35,23,7,39,39,39,11,11,11,11,11,23,23,23],"gold":194,"neow_bonus":"ONE_RARE_RELIC","is_daily":false,"chose_seed":false,"campfire_upgraded":3,"win_rate":0.0,"timestamp":1607794267,"path_taken":["M","M","M","M","M","R","M","E","T","E","M","$","E","M","R","BOSS","M","M","M","M","M","E","R","E","T","M","?","?","?","?","R","BOSS"],"items_purchased_type":["Card"],"build_version":"2020-11-30","purchased_purges":1,"victory":false,"max_hp_per_floor":[68,68,68,68,68,68,68,68,68,68,68,68,68,68,68,68,68,68,68,68,68,68,68,68,68,68,68,68,68,68,68,68,68,68],"relic_stats":{"counters":[21,61],"Shuriken":[3],"Gambling Chip":[63],"Eternal Feather":24,"PreservedInsect":142,"Black Star":2,"Ginger":[2],"Orichalcum":[54],"War Paint":["Vigilance","Defend_P"],"Smiling Mask":0,"obtain_stats":[{"Shuriken":23,"Gambling Chip":0,"Eternal Feather":23,"PreservedInsect":9,"Black Star":17,"Ginger":8,"PureWater":0,"Orichalcum":10,"War Paint":25,"Smiling Mask":13,"TungstenRod":25},{"Shuriken":18,"Gambling Chip":0,"Eternal Feather":18,"PreservedInsect":7,"Black Star":12,"Ginger":7,"PureWater":0,"Orichalcum":8,"War Paint":19,"Smiling Mask":10,"TungstenRod":19},{"Shuriken":54,"Gambling Chip":0,"Eternal Feather":54,"PreservedInsect":26,"Black Star":36,"Ginger":26,"PureWater":0,"Orichalcum":28,"War Paint":57,"Smiling Mask":31,"TungstenRod":57}],"TungstenRod":4},"card_choices":[{"not_picked":["Weave","ClearTheMind","Meditate"],"picked":"SKIP","floor":1.0},{"not_picked":["PathToVictory","FlyingSleeves"],"picked":"BowlingBash","floor":2.0},{"not_picked":["ThirdEye","Alpha"],"picked":"Conclude","floor":3.0},{"not_picked":["Halt","SashWhip"],"picked":"ForeignInfluence","floor":4.0},{"not_picked":["JustLucky","Protect"],"picked":"WheelKick","floor":5.0},{"not_picked":["JustLucky","Evaluate","EmptyFist"],"picked":"SKIP","floor":7.0},{"not_picked":["Perseverance","FlyingSleeves","ReachHeaven"],"picked":"SKIP","floor":8.0},{"not_picked":["SashWhip","Crescendo"],"picked":"Indignation","floor":10.0},{"not_picked":["Consecrate","Prostrate"],"picked":"FlurryOfBlows","floor":11.0},{"not_picked":["WreathOfFlame","CarveReality","Alpha"],"picked":"SKIP","floor":13.0},{"not_picked":["PathToVictory","EmptyFist","JustLucky"],"picked":"SKIP","floor":14.0},{"not_picked":["Wish","Establishment"],"picked":"DeusExMachina","floor":16.0},{"not_picked":["Nirvana","Consecrate","PathToVictory"],"picked":"SKIP","floor":18.0},{"not_picked":["FlurryOfBlows","Pray","MentalFortress"],"picked":"SKIP","floor":19.0},{"not_picked":["FlyingSleeves","PathToVictory"],"picked":"Adaptation","floor":20.0},{"not_picked":["ForeignInfluence","PathToVictory","Indignation"],"picked":"SKIP","floor":21.0},{"not_picked":["ThirdEye","Protect","BattleHymn"],"picked":"SKIP","floor":22.0},{"not_picked":["BowlingBash","SignatureMove"],"picked":"CutThroughFate","floor":23.0},{"not_picked":["CrushJoints+1","Study","FollowUp"],"picked":"SKIP","floor":25.0},{"not_picked":["BowlingBash","ClearTheMind"],"picked":"FearNoEvil","floor":27.0}],"player_experience":244576,"relics_obtained":[{"floor":8.0,"key":"Ginger"},{"floor":9.0,"key":"PreservedInsect"},{"floor":10.0,"key":"Orichalcum"},{"floor":13.0,"key":"Smiling Mask"},{"floor":23.0,"key":"Shuriken"},{"floor":23.0,"key":"Eternal Feather"},{"floor":25.0,"key":"War Paint"},{"floor":25.0,"key":"TungstenRod"}],"event_choices":[{"damage_healed":0.0,"max_hp_gain":0.0,"max_hp_loss":0.0,"gold_gain":0.0,"event_name":"The Library","player_choice":"Read","floor":28.0,"gold_loss":0.0,"damage_taken":0.0,"cards_obtained":["LessonLearned"]},{"cards_removed":["Defend_P"],"damage_healed":0.0,"max_hp_gain":0.0,"max_hp_loss":0.0,"gold_gain":0.0,"event_name":"Beggar","player_choice":"Gave Gold","floor":29.0,"gold_loss":75.0,"damage_taken":0.0},{"damage_healed":0.0,"max_hp_gain":0.0,"max_hp_loss":0.0,"gold_gain":0.0,"event_name":"Forgotten Altar","player_choice":"Smashed Altar","floor":30.0,"gold_loss":0.0,"damage_taken":0.0,"cards_obtained":["Decay"]},{"damage_healed":0.0,"max_hp_gain":0.0,"max_hp_loss":0.0,"gold_gain":0.0,"event_name":"Accursed Blacksmith","player_choice":"Forge","floor":31.0,"gold_loss":0.0,"damage_taken":0.0,"cards_upgraded":["Wallop"]}],"is_beta":false,"boss_relics":[{"not_picked":["Ectoplasm","Sozu"],"picked":"Black Star"}],"items_purged_floors":[12],"is_endless":false,"potions_floor_spawned":[1,2,4,8,14,16,19,21,23],"killed_by":"Champ","ascension_level":20}}