{"host":"pgqkv8mh62pnrbci","time":1607747567,"event":{"mods":["AchievementEnabler","BaseMod","Custom Start","Minty Spire (QoL Compilation)","Replay The Spire","StSLib","SuperFastMode","¡¼?Úª?ø«¡½REMEMod"],"gold_per_floor":[118,138,157,176,176,176,64,94,94,94,114,127,70,83,83,160,160,175,175,10,21,34,34,59,73,99,99,118,318,332,344,344,344,344],"floor_reached":33,"playtime":1144,"items_purged":["Defend_R"],"score":630,"play_id":"7dae2a37-e9a3-4d9b-afa0-9d661e87634d","local_time":"20201212133247","is_ascension_mode":true,"campfire_choices":[{"data":"Perfected Strike","floor":6.0,"key":"SMITH"},{"data":"Perfected Strike","floor":10.0,"key":"SMITH"},{"floor":23.0,"key":"REST"},{"floor":27.0,"key":"REST"},{"floor":32.0,"key":"REST"}],"circlet_count":0,"master_deck":["AscendersBane","Strike_R","Strike_R","Strike_R","Strike_R+1","Strike_R","Defend_R+1","Defend_R","Defend_R","Bash","Defend_P+1","Defend_P","REME_BattleFury+1","Seek+1","Fire Breathing","Burning Pact+1","Perfected Strike+1","Perfected Strike+1","REME_Cut","True Grit+1","Anger","Immolate+1","Writhe","Ghostly Armor+1","Warcry+1","ReplayTheSpireMod:Strike From Hell","Inflame","Armaments+1"],"relics":["Burning Blood","REME_ComplimentaryCards","Toxic Egg 2","Gremlin Horn","Fusion Hammer","REME_PuzzleBoxRelic","Gremlin Food","Snack Pack","Simple Rune"],"acts_visited":["Exordium","TheCity"],"potions_floor_usage":[33,33],"damage_taken":[{"damage":6.0,"enemies":"Cultist","floor":1.0,"turns":3.0},{"damage":9.0,"enemies":"2 Louse","floor":2.0,"turns":2.0},{"damage":7.0,"enemies":"Small Slimes","floor":3.0,"turns":3.0},{"damage":4.0,"enemies":"Red Slaver","floor":4.0,"turns":3.0},{"damage":45.0,"enemies":"3 Sentries","floor":8.0,"turns":7.0},{"damage":16.0,"enemies":"Blue Slaver","floor":11.0,"turns":3.0},{"damage":6.0,"enemies":"2 Fungi Beasts","floor":12.0,"turns":2.0},{"damage":8.0,"enemies":"3 Louse","floor":14.0,"turns":2.0},{"damage":0.0,"enemies":"Slime Boss","floor":16.0,"turns":6.0},{"damage":24.0,"enemies":"3 Byrds","floor":18.0,"turns":4.0},{"damage":22.0,"enemies":"Shell Parasite","floor":21.0,"turns":4.0},{"damage":8.0,"enemies":"Centurion and Healer","floor":22.0,"turns":4.0},{"damage":43.0,"enemies":"Gremlin Leader","floor":24.0,"turns":5.0},{"damage":13.0,"enemies":"Cultist and Chosen","floor":25.0,"turns":5.0},{"damage":15.0,"enemies":"Snake Plant","floor":28.0,"turns":3.0},{"damage":20.0,"enemies":"Centurion and Healer","floor":30.0,"turns":4.0},{"damage":1.0,"enemies":"Snecko","floor":31.0,"turns":3.0},{"damage":78,"enemies":"Champ","floor":33,"turns":9}],"seed_played":"-8136917519992452339","potions_obtained":[{"floor":2.0,"key":"Weak Potion"},{"floor":3.0,"key":"Adrenaline Potion"},{"floor":14.0,"key":"Dexterity Potion"},{"floor":22.0,"key":"ColorlessPotion"},{"floor":24.0,"key":"AttackPotion"},{"floor":28.0,"key":"Weak Potion"},{"floor":30.0,"key":"Block Potion"}],"is_trial":false,"path_per_floor":["M","M","M","M","?","R","$","E","T","R","M","M","$","M","R","B",null,"M","?","$","M","M","R","E","M","T","R","M","?","M","M","R","B"],"character_chosen":"IRONCLAD","items_purchased":["REME_Cut","Anger","Gremlin Food"],"campfire_rested":3,"item_purchase_floors":[7,13,20],"current_hp_per_floor":[68,65,64,66,66,66,66,27,27,27,17,17,17,15,37,43,67,49,49,49,33,31,53,16,15,15,37,30,30,22,31,53,0,0],"gold":344,"neow_bonus":"RANDOM_COLORLESS_2","is_daily":false,"chose_seed":false,"campfire_upgraded":2,"win_rate":0.0,"timestamp":1607747567,"path_taken":["M","M","M","M","?","R","$","E","T","R","M","M","$","M","R","BOSS","M","?","$","M","M","R","E","M","T","R","M","?","M","?","R","BOSS"],"items_purchased_type":["Card","Card","Relic"],"build_version":"2020-11-30","purchased_purges":1,"victory":false,"max_hp_per_floor":[75,75,75,75,75,75,75,75,75,75,75,75,75,75,75,75,75,75,75,75,75,75,75,75,75,75,75,75,75,75,75,75,75,75],"card_choices":[{"not_picked":["REME_Flogging","REME_PuzzleBox"],"picked":"REME_BattleFury","floor":0.0},{"not_picked":["Clash","Shrug It Off"],"picked":"Fire Breathing","floor":1.0},{"not_picked":["Cleave","Clothesline"],"picked":"Burning Pact","floor":2.0},{"not_picked":["Pummel","Cleave"],"picked":"Perfected Strike","floor":3.0},{"not_picked":["Run Through","Pommel Strike"],"picked":"Perfected Strike","floor":4.0},{"not_picked":["Demon Form","Hemokinesis"],"picked":"True Grit+1","floor":8.0},{"not_picked":["Body Slam","Metallicize","Replay:Undeath\u0027s Touch"],"picked":"SKIP","floor":11.0},{"not_picked":["Replay:Undeath\u0027s Touch","Iron Wave","Searing Blow"],"picked":"SKIP","floor":12.0},{"not_picked":["Anger","Cleave","Heavy Blade"],"picked":"SKIP","floor":14.0},{"not_picked":["Feed","Brutality"],"picked":"Immolate","floor":16.0},{"not_picked":["Rampage","Hemokinesis+1","Headbutt"],"picked":"SKIP","floor":18.0},{"not_picked":["Rampage","Hemokinesis+1","Headbutt"],"picked":"SKIP","floor":18.0},{"not_picked":["Metallicize","Clothesline","Flex+1"],"picked":"SKIP","floor":21.0},{"not_picked":["ReplayReversal+1","Havoc+1"],"picked":"Ghostly Armor+1","floor":22.0},{"not_picked":["Fire Breathing","Iron Wave"],"picked":"Warcry+1","floor":24.0},{"not_picked":["Carnage","Wild Strike"],"picked":"ReplayTheSpireMod:Strike From Hell","floor":25.0},{"not_picked":["Shrug It Off+1","ReplayTheSpireMod:Strike From Hell"],"picked":"Inflame","floor":28.0},{"not_picked":["Second Wind+1","Pommel Strike"],"picked":"Armaments+1","floor":30.0},{"not_picked":["Wild Strike","Flex+1","Run Through"],"picked":"SKIP","floor":31.0}],"player_experience":540266,"relics_obtained":[{"floor":8.0,"key":"Toxic Egg 2"},{"floor":9.0,"key":"Gremlin Horn"},{"floor":24.0,"key":"Snack Pack"},{"floor":26.0,"key":"Simple Rune"}],"event_choices":[{"damage_healed":0.0,"max_hp_gain":0.0,"max_hp_loss":0.0,"gold_gain":0.0,"event_name":"Living Wall","player_choice":"Grow","floor":5.0,"gold_loss":0.0,"damage_taken":0.0,"cards_upgraded":["REME_BattleFury"]},{"damage_healed":0.0,"max_hp_gain":0.0,"max_hp_loss":0.0,"gold_gain":0.0,"event_name":"The Mausoleum","player_choice":"Opened","floor":19.0,"gold_loss":0.0,"damage_taken":0.0,"relics_obtained":["REME_PuzzleBoxRelic"],"cards_obtained":["Writhe"]},{"damage_healed":0.0,"max_hp_gain":0.0,"max_hp_loss":0.0,"gold_gain":200.0,"event_name":"Wheel of Change","player_choice":"Gold","floor":29.0,"gold_loss":0.0,"damage_taken":0.0}],"is_beta":false,"boss_relics":[{"not_picked":["Electric Blood","Black Blood"],"picked":"Fusion Hammer"}],"items_purged_floors":[7],"is_endless":false,"potions_floor_spawned":[2,3,14,22,24,28,30,31],"killed_by":"Champ","ascension_level":19}}