{"host":"m0l7iybr7y7a2mwh","time":1607809206,"event":{"mods":["AchievementEnabler","AlwaysNeverKeys","BaseMod","Block Reminder","Colored Map","Colored Powertips","Highlight Path","Minty Spire (QoL Compilation)","Permanent Neow","Quick Restart","StSLib"],"gold_per_floor":[111,111,126,51,63,98,98,108,108,137,148,176,191,91,91,91,91],"floor_reached":16,"playtime":580,"items_purged":["Normality","Strike_B"],"score":128,"play_id":"9583c08f-8d7b-4653-9335-fed4b90d9fc2","local_time":"20201213084006","is_ascension_mode":true,"campfire_choices":[{"data":"Buffer","floor":7,"key":"SMITH"},{"data":"Creative AI","floor":15,"key":"SMITH"}],"circlet_count":0,"master_deck":["Strike_B","Strike_B","Strike_B","Defend_B","Defend_B","Defend_B","Defend_B","Zap","Dualcast","The Bomb+1","Gash","Buffer+1","Capacitor","Loop","Loop","Rebound","Creative AI+1","Melter"],"relics":["Cracked Core","Blue Candle","Meat on the Bone","Kunai","Tiny Chest"],"acts_visited":["Exordium"],"potions_floor_usage":[6],"damage_taken":[{"damage":14.0,"enemies":"Jaw Worm","floor":1.0,"turns":4.0},{"damage":4.0,"enemies":"Cultist","floor":3.0,"turns":4.0},{"damage":0.0,"enemies":"Small Slimes","floor":5.0,"turns":3.0},{"damage":23,"enemies":"Gremlin Nob","floor":6,"turns":4},{"damage":5,"enemies":"Exordium Thugs","floor":8,"turns":3},{"damage":13,"enemies":"Lagavulin","floor":10,"turns":6},{"damage":8,"enemies":"Red Slaver","floor":11,"turns":4},{"damage":17,"enemies":"3 Sentries","floor":12,"turns":3},{"damage":5,"enemies":"Exordium Wildlife","floor":13,"turns":5},{"damage":36,"enemies":"Hexaghost","floor":16,"turns":7}],"seed_played":"-8506068202374888179","potions_obtained":[{"floor":5.0,"key":"SkillPotion"},{"floor":6,"key":"CultistPotion"},{"floor":10,"key":"EntropicBrew"},{"floor":11,"key":"SpeedPotion"}],"is_trial":false,"path_per_floor":["M","?","M","$","M","E","R","M","T","E","M","E","M","$","R","B"],"character_chosen":"DEFECT","items_purchased":[],"campfire_rested":0,"item_purchase_floors":[],"current_hp_per_floor":[61,61,57,57,57,34,34,29,29,28,32,27,34,34,34,0,0],"gold":91,"neow_bonus":"RANDOM_COLORLESS_2","is_daily":false,"chose_seed":false,"campfire_upgraded":2,"win_rate":0.0,"timestamp":1607809206,"path_taken":["M","?","M","$","M","E","R","M","T","E","?","E","M","$","R","BOSS"],"items_purchased_type":[],"build_version":"2020-11-30","purchased_purges":2,"victory":false,"max_hp_per_floor":[75,75,75,75,75,75,75,75,75,75,75,75,75,75,75,75,75],"card_choices":[{"not_picked":["Sadistic Nature","Violence"],"picked":"The Bomb","floor":0.0},{"not_picked":["Coolheaded","Steam","Cold Snap"],"picked":"SKIP","floor":1.0},{"not_picked":["Steam","Recycle"],"picked":"Gash","floor":3.0},{"not_picked":["Double Energy","Beam Cell"],"picked":"Buffer","floor":5.0},{"not_picked":["Rebound","Go for the Eyes"],"picked":"Capacitor","floor":6},{"not_picked":["Redo","Melter"],"picked":"Loop","floor":8},{"not_picked":["Ball Lightning","Sweeping Beam"],"picked":"Loop","floor":10},{"not_picked":["Leap","Sweeping Beam"],"picked":"Rebound","floor":11},{"not_picked":["Aggregate","Leap"],"picked":"Creative AI","floor":12},{"not_picked":["Steam Power","Hologram"],"picked":"Melter","floor":13}],"player_experience":93491,"relics_obtained":[{"floor":6,"key":"Blue Candle"},{"floor":9,"key":"Meat on the Bone"},{"floor":10,"key":"Kunai"},{"floor":12,"key":"Tiny Chest"}],"event_choices":[{"damage_healed":0.0,"max_hp_gain":0.0,"max_hp_loss":0.0,"gold_gain":0.0,"event_name":"Upgrade Shrine","player_choice":"Upgraded","floor":2.0,"gold_loss":0.0,"damage_taken":0.0,"cards_upgraded":["The Bomb"]}],"is_beta":false,"boss_relics":[],"items_purged_floors":[4,14],"is_endless":false,"potions_floor_spawned":[5,6,10,11,12],"killed_by":"Hexaghost","ascension_level":1}}