{"host":"omuz9yzrsj9oc9b2","time":1607811608,"event":{"mods":["2.2 Compatiblity","BaseMod","Downfall","Minty Spire (QoL Compilation)","Replay The Spire","StSLib","The Poker Player"],"gold_per_floor":[117,132,132,132,148,148,179,179,204,221,232,32,60,77,77,181,281,281],"floor_reached":17,"playtime":1229,"items_purged":[],"score":192,"play_id":"0e883ccd-6d50-4995-ab90-11acd05b363e","local_time":"20201212222008","is_ascension_mode":false,"campfire_choices":[{"data":"White Noise","floor":6,"key":"SMITH"},{"floor":8,"key":"REST"},{"floor":15,"key":"REST"}],"circlet_count":0,"master_deck":["Strike_B","Strike_B","Strike_B+1","Strike_B","Defend_B","Defend_B","Defend_B","Defend_B","Zap+1","Dualcast","White Noise+1","Leap","FTL","Hello World","Defragment","Chaos","FTL+1","Stack","Echo Form","FTL","ReplayTheSpireMod:Fabricate Wheel"],"relics":["Cracked Core","Bag of Marbles","Replay:Mystery Machine","Orichalcum","PreservedInsect","Dream Catcher","Replay:Wanted Poster"],"acts_visited":["Exordium","TheCity"],"potions_floor_usage":[16],"damage_taken":[{"damage":1,"enemies":"Cultist","floor":1,"turns":3},{"damage":2,"enemies":"Small Slimes","floor":2,"turns":3},{"damage":0,"enemies":"Jaw Worm","floor":5,"turns":2},{"damage":6,"enemies":"3 Sentries","floor":7,"turns":7},{"damage":7,"enemies":"Lots of Slimes","floor":10,"turns":4},{"damage":4,"enemies":"Exordium Thugs","floor":11,"turns":4},{"damage":0,"enemies":"Gremlin Nob","floor":13,"turns":2},{"damage":5,"enemies":"Looter","floor":14,"turns":2},{"damage":30,"enemies":"The Guardian","floor":16,"turns":9}],"seed_played":"3857579077984523303","potions_obtained":[{"floor":1,"key":"DuplicationPotion"},{"floor":2,"key":"BlessingOfTheForge"},{"floor":5,"key":"Weak Potion"},{"floor":13,"key":"BlessingOfTheForge"},{"floor":16,"key":"hexamod:EctoCoolerPotion"}],"is_trial":false,"path_per_floor":["M","M","T","?","M","R","E","R","T","M","M","$","E","M","R","B",null],"character_chosen":"DEFECT","items_purchased":["FTL+1","PreservedInsect"],"campfire_rested":2,"item_purchase_floors":[12,12],"current_hp_per_floor":[81,79,79,63,63,63,57,81,81,74,70,70,70,65,82,52,82,82],"gold":281,"neow_bonus":"TEN_PERCENT_HP_BONUS","is_daily":false,"chose_seed":false,"campfire_upgraded":1,"win_rate":0.0,"timestamp":1607811608,"path_taken":["M","?","?","?","?","R","E","R","T","M","M","?","E","M","R","BOSS"],"items_purchased_type":["Card","Relic"],"build_version":"2020-11-30","purchased_purges":0,"victory":false,"max_hp_per_floor":[82,82,82,82,82,82,82,82,82,82,82,82,82,82,82,82,82,82],"card_choices":[{"not_picked":["Chill","Streamline"],"picked":"White Noise","floor":1},{"not_picked":["Self Repair","Panic Button"],"picked":"Leap","floor":2},{"not_picked":["Beam Cell","Tempest"],"picked":"FTL","floor":5},{"not_picked":["Sweeping Beam","Go for the Eyes"],"picked":"Hello World","floor":7},{"not_picked":["Leap","Coolheaded"],"picked":"Defragment","floor":10},{"not_picked":["FIFO Queue","Beam Cell"],"picked":"Chaos","floor":11},{"not_picked":["Panic Button","Compile Driver"],"picked":"Stack","floor":13},{"not_picked":["Hologram","Darkness"],"picked":"Echo Form","floor":14},{"not_picked":["Hologram","Beam Cell"],"picked":"FTL","floor":15},{"not_picked":["Hyperbeam","Meteor Strike"],"picked":"ReplayTheSpireMod:Fabricate Wheel","floor":16}],"player_experience":234447,"relics_obtained":[{"floor":3,"key":"Bag of Marbles"},{"floor":7,"key":"Replay:Mystery Machine"},{"floor":9,"key":"Orichalcum"},{"floor":13,"key":"Dream Catcher"}],"event_choices":[{"damage_healed":0,"gold_gain":0,"player_choice":"Entered Light","damage_taken":16,"max_hp_gain":0,"max_hp_loss":0,"event_name":"Shining Light","floor":4,"gold_loss":0,"cards_upgraded":["Zap","Strike_B"]}],"is_beta":false,"boss_relics":[{"not_picked":["FrozenCore","ReplayTheSpireMod:DimensionalGlitch"],"picked":"Replay:Wanted Poster"}],"items_purged_floors":[],"is_endless":false,"potions_floor_spawned":[1,2,5,13,16],"ascension_level":0}}