{"host":"f400onr2g6b8rzrw","time":1607731996,"event":{"mods":["AchievementEnabler","BaseMod","Better Altar","Better Match","Better Note","Better Sensory Stone","Better Skull","Better Third Choice","Block Reminder","Colored Powertips","Minty Spire (QoL Compilation)","Relic Stats","Spicy Shops","StSLib"],"gold_per_floor":[109,216,229,243,256,256,272,304,357,373,392,1,14,67,67,167,167,181,181,199,199,215,215,61,61,61,61,74,87,99,99,99,99,99],"floor_reached":33,"playtime":4161,"items_purged":["Defend_G","Defend_G"],"score":304,"play_id":"36864240-a9c2-4588-bd95-5c902babb97e","local_time":"20201212104316","is_ascension_mode":true,"campfire_choices":[{"floor":6.0,"key":"REST"},{"floor":15.0,"key":"REST"},{"floor":23,"key":"REST"},{"data":"Caltrops","floor":27,"key":"SMITH"},{"floor":32,"key":"REST"}],"circlet_count":0,"master_deck":["Survivor+1","Neutralize","Slice","Poisoned Stab","Slice","Backflip","Infinite Blades","Die Die Die","Blade Dance","Dagger Throw","Caltrops+1","Flying Knee","Doppelganger","Escape Plan","Slice","Poisoned Stab","Doppelganger","Dash","Deflect","Cloak And Dagger","Acrobatics","Poisoned Stab+1","Distraction","Deflect","Deflect","Bane","Cloak And Dagger"],"relics":["Ring of the Snake","NeowsBlessing","Bronze Scales","Happy Flower","War Paint","Orichalcum","Nunchaku","Pandora\u0027s Box","Sundial","MutagenicStrength","TwistedFunnel"],"acts_visited":["Exordium","TheCity"],"potions_floor_usage":[33,33],"damage_taken":[{"damage":0.0,"enemies":"2 Louse","floor":1.0,"turns":1.0},{"damage":0.0,"enemies":"Cultist","floor":3.0,"turns":1.0},{"damage":0.0,"enemies":"Jaw Worm","floor":4.0,"turns":1.0},{"damage":6.0,"enemies":"Looter","floor":5.0,"turns":3.0},{"damage":4.0,"enemies":"Red Slaver","floor":7.0,"turns":2.0},{"damage":15.0,"enemies":"3 Sentries","floor":8.0,"turns":8.0},{"damage":0.0,"enemies":"3 Louse","floor":10.0,"turns":1.0},{"damage":3.0,"enemies":"Exordium Thugs","floor":11.0,"turns":4.0},{"damage":0.0,"enemies":"Gremlin Gang","floor":13.0,"turns":1.0},{"damage":30.0,"enemies":"The Guardian","floor":16.0,"turns":8.0},{"damage":16.0,"enemies":"2 Thieves","floor":18.0,"turns":3.0},{"damage":5,"enemies":"Spheric Guardian","floor":20,"turns":3},{"damage":27,"enemies":"Shelled Parasite and Fungi","floor":22,"turns":4},{"damage":8,"enemies":"Snake Plant","floor":28,"turns":3},{"damage":9,"enemies":"Chosen and Byrds","floor":29,"turns":3},{"damage":22,"enemies":"Centurion and Healer","floor":30,"turns":4},{"damage":40,"enemies":"Automaton","floor":33,"turns":6}],"seed_played":"-5751070430549203314","potions_obtained":[{"floor":3.0,"key":"Poison Potion"},{"floor":5.0,"key":"CunningPotion"},{"floor":7.0,"key":"DuplicationPotion"},{"floor":8.0,"key":"SpeedPotion"},{"floor":16.0,"key":"Fruit Juice"},{"floor":22,"key":"Strength Potion"},{"floor":30,"key":"DistilledChaos"},{"floor":31,"key":"EssenceOfSteel"}],"is_trial":false,"path_per_floor":["M","?","M","M","M","R","M","E","T","M","M","$","M","T","R","B",null,"M","?","M","?","M","R","$","?","T","R","M","M","M","?","R","B"],"character_chosen":"THE_SILENT","items_purchased":["Caltrops","TwistedFunnel"],"campfire_rested":4,"item_purchase_floors":[12,24],"current_hp_per_floor":[70,29,29,29,23,44,40,25,25,25,22,22,22,22,43,13,70,59,59,54,54,27,49,49,49,49,49,41,32,10,10,32,0,0],"gold":99,"neow_bonus":"THREE_ENEMY_KILL","is_daily":false,"chose_seed":false,"campfire_upgraded":1,"win_rate":0.0,"timestamp":1607731996,"path_taken":["M","?","?","?","M","R","M","E","T","M","M","?","M","?","R","BOSS","M","?","?","?","M","R","$","?","T","R","?","?","M","?","R","BOSS"],"items_purchased_type":["Card","Relic"],"build_version":"2020-11-30","purchased_purges":2,"victory":false,"max_hp_per_floor":[70,70,70,70,70,70,70,70,70,70,70,70,70,70,70,70,70,75,75,75,75,75,75,75,75,75,75,75,75,75,75,75,75,75],"relic_stats":{"Nunchaku":[13],"Happy Flower":[18],"counters":[17,56],"Sundial":[0],"Bronze Scales":[144],"Pandora\u0027s Box":["Escape Plan","Slice","Poisoned Stab","Doppelganger","Dash","Deflect","Cloak And Dagger","A Thousand Cuts"],"War Paint":["Defend_G","Survivor"],"Orichalcum":[90],"obtain_stats":[{"TwistedFunnel":24,"Nunchaku":14,"NeowsBlessing":0,"Happy Flower":2,"Sundial":19,"Bronze Scales":2,"MutagenicStrength":21,"Pandora\u0027s Box":17,"War Paint":8,"Orichalcum":9,"Ring of the Snake":0},{"TwistedFunnel":13,"Nunchaku":9,"NeowsBlessing":0,"Happy Flower":1,"Sundial":11,"Bronze Scales":1,"MutagenicStrength":12,"Pandora\u0027s Box":10,"War Paint":6,"Orichalcum":6,"Ring of the Snake":0},{"TwistedFunnel":40,"Nunchaku":22,"NeowsBlessing":0,"Happy Flower":1,"Sundial":33,"Bronze Scales":1,"MutagenicStrength":36,"Pandora\u0027s Box":30,"War Paint":16,"Orichalcum":16,"Ring of the Snake":0}],"Ring of the Snake":[34]},"card_choices":[{"not_picked":["Cloak And Dagger","Backflip"],"picked":"Slice","floor":1.0},{"not_picked":["PiercingWail","Dash"],"picked":"Poisoned Stab","floor":3.0},{"not_picked":["Bane","Prepared"],"picked":"Slice","floor":4.0},{"not_picked":["Bane","Dodge and Roll"],"picked":"Backflip","floor":5.0},{"not_picked":["Cloak And Dagger","Prepared"],"picked":"Infinite Blades","floor":7.0},{"not_picked":["Backflip","Backstab"],"picked":"Die Die Die","floor":8.0},{"not_picked":["Dodge and Roll","Cloak And Dagger"],"picked":"Blade Dance","floor":10.0},{"not_picked":["Quick Slash","Wraith Form v2"],"picked":"Dagger Throw","floor":11.0},{"not_picked":["Leg Sweep","PiercingWail"],"picked":"Flying Knee","floor":13.0},{"not_picked":["Die Die Die","Malaise"],"picked":"Doppelganger","floor":16.0},{"not_picked":["Eviscerate","Flechettes"],"picked":"Acrobatics","floor":18},{"not_picked":["Predator","Endless Agony+1"],"picked":"Poisoned Stab+1","floor":20},{"not_picked":["Dash","Slice"],"picked":"Distraction","floor":22},{"not_picked":["Bullet Time","PiercingWail"],"picked":"Deflect","floor":28},{"not_picked":["Poisoned Stab","Infinite Blades"],"picked":"Bane","floor":29},{"not_picked":["Infinite Blades+1","Noxious Fumes"],"picked":"Cloak And Dagger","floor":30}],"player_experience":467833,"relics_obtained":[{"floor":8.0,"key":"War Paint"},{"floor":9.0,"key":"Orichalcum"},{"floor":14.0,"key":"Nunchaku"},{"floor":19,"key":"Sundial"}],"event_choices":[{"damage_healed":0.0,"max_hp_gain":0.0,"max_hp_loss":0.0,"gold_gain":107.0,"event_name":"betterSkull:BetterSkull","player_choice":"GO RE RE ","floor":2.0,"gold_loss":0.0,"damage_taken":46.0,"cards_upgraded":[],"relics_obtained":["Bronze Scales","Happy Flower"]},{"damage_healed":0,"gold_gain":0,"player_choice":"Relic","damage_taken":0,"max_hp_gain":0,"max_hp_loss":0,"event_name":"Wheel of Change","floor":19,"gold_loss":0},{"damage_healed":0,"gold_gain":0,"player_choice":"Inject Mutagens","damage_taken":0,"relics_obtained":["MutagenicStrength"],"max_hp_gain":0,"max_hp_loss":0,"event_name":"Drug Dealer","floor":21,"gold_loss":0},{"damage_healed":0,"gold_gain":0,"cards_transformed":["A Thousand Cuts"],"player_choice":"Transformed","damage_taken":0,"max_hp_gain":0,"max_hp_loss":0,"event_name":"Transmorgrifier","floor":25,"gold_loss":0,"cards_obtained":["Deflect"]},{"damage_healed":0,"gold_gain":0,"player_choice":"Got Potions","damage_taken":0,"max_hp_gain":0,"max_hp_loss":0,"event_name":"Lab","floor":31,"gold_loss":0}],"is_beta":false,"boss_relics":[{"not_picked":["Empty Cage","Runic Dome"],"picked":"Pandora\u0027s Box"}],"items_purged_floors":[12,12],"is_endless":false,"potions_floor_spawned":[3,5,7,8,16,22,30],"killed_by":"Automaton","ascension_level":4}}