{"host":"gg261ytdv66iw6io","time":1607795791,"event":{"mods":["BaseMod","Hermit","Minty Spire (QoL Compilation)","Quick Restart","Replay The Spire","StSLib","SuperFastMode","The Jungle"],"gold_per_floor":[117,144,319,207,207,226,260,260,260,260,285,360,360,360,380,380,380,506,506,524,524,524,542,69,99,99,125,179,188,188,287,287,2,2,106,106,148,178,262,327,297,309,309,90,90,211,211,245,245,263,263,263,263,263,74,141,141,141],"floor_reached":57,"playtime":3140,"items_purged":["hermit:NoHoldsBarred"],"score":832,"play_id":"e37e8740-5152-4834-b02f-84a71073a5a4","local_time":"20201212125631","is_ascension_mode":false,"campfire_choices":[{"data":"hermit:Malice","floor":10,"key":"SMITH"},{"floor":26,"key":"REST"},{"floor":30,"key":"RECALL"},{"floor":34,"key":"DIG"},{"data":"ReplayTheSpireMod:From All Sides","floor":43,"key":"SMITH"},{"data":"Reprogram","floor":47,"key":"SMITH"},{"data":"hermit:Coalescence","floor":49,"key":"SMITH"},{"data":"Flash of Steel","floor":51,"key":"SMITH"},{"data":"hermit:DeadOrAlive","floor":54,"key":"SMITH"}],"circlet_count":0,"master_deck":["hermit:Strike_Hermit","hermit:Strike_Hermit","hermit:Defend_Hermit+1","hermit:Defend_Hermit","hermit:Defend_Hermit","hermit:Snapshot+1","hermit:Covet","hermit:Horror+1","Doubt","hermit:Feint+1","hermit:Malice+1","hermit:Coalescence+1","hermit:LowProfile","hermit:DeadOrAlive+1","ReplayTheSpireMod:From All Sides+1","Consecrate+1","Necronomicurse","Finesse+1","hermit:ShadowCloak+1","Reprogram+1","Specialist","Languid","hermit:Quickdraw+1","Overencumbered","Flash of Steel+1","Swift Strike","FlurryOfBlows+1","Footwork","ReplayTheSpireMod:IOU","hermit:Determination"],"relics":["hermit:Momento","NeowsBlessing","hermit:RyeStalk","Bloody Idol","Dream Catcher","Calipers","PrismaticShard","Replay:Drink Me","Necronomicon","Chameleon Ring","Onion Ring","WingedGreaves","CeramicFish","CaptainsWheel","Matryoshka","Philosopher\u0027s Stone","ReplayTheSpireMod:CursedCoin","Incense Burner","ClockworkSouvenir","Smiling Mask","Divine Protection","Replay:Wax Seal","Guide Book","Toy Ornithopter"],"acts_visited":["Exordium","TheCity","TheBeyond","TheEnding"],"potions_floor_usage":[18,25,25,27,35,52,56,57,57],"damage_taken":[{"damage":0,"enemies":"Cultist","floor":1,"turns":1},{"damage":0,"enemies":"Jaw Worm","floor":6,"turns":1},{"damage":0,"enemies":"Replay:BlueRogue","floor":7,"turns":1},{"damage":0,"enemies":"2 Louse","floor":11,"turns":2},{"damage":11,"enemies":"Exordium Wildlife","floor":15,"turns":2},{"damage":32,"enemies":"Fading Forest","floor":18,"turns":11},{"damage":14,"enemies":"Shell Parasite","floor":20,"turns":7},{"damage":10,"enemies":"2 Thieves","floor":23,"turns":3},{"damage":9,"enemies":"Slavers","floor":25,"turns":4},{"damage":9,"enemies":"Gremlin Leader","floor":27,"turns":9},{"damage":31,"enemies":"Collector","floor":35,"turns":9},{"damage":6,"enemies":"3 Shapes","floor":37,"turns":4},{"damage":0,"enemies":"Orb Walker","floor":38,"turns":2},{"damage":0,"enemies":"Mind Bloom Boss Battle","floor":40,"turns":5},{"damage":1,"enemies":"Spire Growth","floor":42,"turns":4},{"damage":4,"enemies":"Writhing Mass","floor":48,"turns":3},{"damage":7,"enemies":"4 Shapes","floor":50,"turns":2},{"damage":2,"enemies":"Donu and Deca","floor":52,"turns":8},{"damage":17,"enemies":"Shield and Spear","floor":56,"turns":7},{"damage":61,"enemies":"The Heart","floor":57,"turns":9}],"seed_played":"8497781329027862543","potions_obtained":[{"floor":1,"key":"AttackPotion"},{"floor":11,"key":"Swift Potion"},{"floor":18,"key":"EssenceOfSteel"},{"floor":20,"key":"Strength Potion"},{"floor":27,"key":"Block Potion"},{"floor":37,"key":"Swift Potion"},{"floor":41,"key":"Explosive Potion"},{"floor":41,"key":"Weak Potion"},{"floor":42,"key":"Strength Potion"},{"floor":46,"key":"SkillPotion"},{"floor":46,"key":"DuplicationPotion"}],"is_trial":false,"path_per_floor":["M","T","?","$","?","M","E","?","T","R","M","?","PTL","PTL","M","?","R","B",null,"M","?","?","M","$","E","R","E","T","?","R","?","?","$","R","B",null,"M","M","$","?","?","M","R","$","T","?","R","M","R","M","R","B",null,"R","$","E","B"],"character_chosen":"HERMIT","items_purchased":["hermit:Feint+1","hermit:Malice","Chameleon Ring","Finesse","hermit:ShadowCloak","CaptainsWheel","ReplayTheSpireMod:CursedCoin","Flash of Steel","ClockworkSouvenir","Swift Strike","Guide Book","hermit:Determination","hermit:BlackBile"],"campfire_rested":1,"item_purchase_floors":[4,4,24,24,24,33,39,39,44,44,55,55,55],"current_hp_per_floor":[75,75,75,75,57,57,57,42,42,42,42,31,31,31,20,20,42,30,57,43,27,27,27,27,23,40,36,41,46,46,51,51,51,51,25,57,57,57,57,57,57,57,57,57,57,57,57,57,57,55,55,53,57,57,57,50,0,0],"gold":141,"neow_bonus":"THREE_ENEMY_KILL","is_daily":false,"chose_seed":false,"campfire_upgraded":6,"win_rate":0.0,"timestamp":1607795791,"path_taken":["M","?","?","$","?","M","E","?","T","R","?","?","PTL","PTL","M","?","R","BOSS","M","?","?","?","$","E","R","E","T","?","R","?","?","?","R","BOSS","M","M","$","?","?","?","R","$","T","?","R","?","R","M","R","BOSS","R","$","E","BOSS"],"items_purchased_type":["Card","Card","Relic","Card","Card","Relic","Relic","Card","Relic","Card","Relic","Card","Potion"],"build_version":"2020-11-30","purchased_purges":1,"victory":false,"max_hp_per_floor":[75,75,75,75,75,75,75,75,75,75,75,75,75,75,75,75,75,75,57,57,57,57,57,57,57,57,57,57,57,57,57,57,57,57,57,57,57,57,57,57,57,57,57,57,57,57,57,57,57,57,57,57,57,57,57,57,57,57],"card_choices":[{"not_picked":["hermit:Enervate","hermit:DeadMansHand"],"picked":"hermit:Horror","floor":1},{"not_picked":["hermit:Manifest","hermit:Ricochet","hermit:Glare"],"picked":"SKIP","floor":6},{"not_picked":["hermit:BigShot","hermit:CalledShot"],"picked":"hermit:NoHoldsBarred","floor":7},{"not_picked":["hermit:Desperado","hermit:Spite"],"picked":"hermit:Coalescence","floor":11},{"not_picked":["hermit:Gestalt","hermit:Quickdraw"],"picked":"hermit:LowProfile","floor":15},{"not_picked":["Evolve","Dark Shackles"],"picked":"hermit:DeadOrAlive","floor":17},{"not_picked":["Impervious","Rainbow"],"picked":"ReplayTheSpireMod:From All Sides","floor":18},{"not_picked":["hermit:Feint+1","Replay:BluntJabs"],"picked":"Consecrate+1","floor":20},{"not_picked":["WreathOfFlame","Wild Strike","hermit:Vantage+1"],"picked":"SKIP","floor":23},{"not_picked":["Terror","Rebound"],"picked":"Reprogram","floor":25},{"not_picked":["Replay:Undeath\u0027s Touch","Scrawl"],"picked":"Specialist","floor":27},{"not_picked":["Twin Strike+1","Quick Slash"],"picked":"hermit:Quickdraw+1","floor":37},{"not_picked":["Ball Lightning+1","Indignation","Wraith Form v2"],"picked":"SKIP","floor":38},{"not_picked":["hermit:Virtue+1","Evolve","Sucker Punch"],"picked":"SKIP","floor":42},{"not_picked":["LikeWater+1","Perseverance+1"],"picked":"FlurryOfBlows+1","floor":46},{"not_picked":["Wish","hermit:NoHoldsBarred+1"],"picked":"Footwork","floor":48},{"not_picked":["FearNoEvil","Warcry","hermit:Enervate"],"picked":"SKIP","floor":50},{"not_picked":["hermit:ItchyTrigger+1","EmptyBody","hermit:Brawl"],"picked":"SKIP","floor":56}],"player_experience":817762,"relics_obtained":[{"floor":2,"key":"hermit:RyeStalk"},{"floor":7,"key":"Dream Catcher"},{"floor":9,"key":"Calipers"},{"floor":21,"key":"Necronomicon"},{"floor":25,"key":"Onion Ring"},{"floor":27,"key":"WingedGreaves"},{"floor":34,"key":"Matryoshka"},{"floor":40,"key":"Incense Burner"},{"floor":45,"key":"Smiling Mask"},{"floor":45,"key":"Divine Protection"},{"floor":46,"key":"Replay:Wax Seal"},{"floor":56,"key":"Toy Ornithopter"}],"event_choices":[{"damage_healed":0,"gold_gain":175,"player_choice":"AGREE","damage_taken":0,"max_hp_gain":0,"max_hp_loss":0,"event_name":"Liars Game","floor":3,"gold_loss":0,"cards_obtained":["Doubt"]},{"damage_healed":0,"gold_gain":0,"player_choice":"Take Damage","damage_taken":18,"relics_obtained":["Golden Idol"],"max_hp_gain":0,"max_hp_loss":0,"event_name":"Golden Idol","floor":5,"gold_loss":0},{"damage_healed":0,"gold_gain":0,"player_choice":"Entered Light","damage_taken":15,"max_hp_gain":0,"max_hp_loss":0,"event_name":"Shining Light","floor":8,"gold_loss":0,"cards_upgraded":["hermit:Defend_Hermit","hermit:Snapshot"]},{"damage_healed":0,"gold_gain":75,"player_choice":"Gather Gold","damage_taken":11,"max_hp_gain":0,"max_hp_loss":0,"event_name":"World of Goop","floor":12,"gold_loss":0},{"damage_healed":0,"gold_gain":0,"player_choice":"Obtained Book","damage_taken":16,"max_hp_gain":0,"max_hp_loss":0,"event_name":"Cursed Tome","floor":21,"gold_loss":0},{"damage_healed":0,"gold_gain":0,"player_choice":"Gave Idol","damage_taken":0,"relics_obtained":["Bloody Idol"],"max_hp_gain":0,"max_hp_loss":0,"event_name":"Forgotten Altar","floor":22,"relics_lost":["Golden Idol"],"gold_loss":0},{"damage_healed":0,"gold_gain":99,"player_choice":"Stole From Cult","damage_taken":0,"max_hp_gain":0,"max_hp_loss":0,"event_name":"Nest","floor":31,"gold_loss":0},{"damage_healed":0,"gold_gain":0,"player_choice":"Ignored","damage_taken":0,"max_hp_gain":0,"max_hp_loss":0,"event_name":"Vampires","floor":32,"gold_loss":0},{"damage_healed":0,"gold_gain":0,"player_choice":"Fight","damage_taken":0,"max_hp_gain":0,"max_hp_loss":0,"event_name":"MindBloom","floor":40,"gold_loss":0},{"damage_healed":0,"gold_gain":0,"player_choice":"Bought 2 Potions","damage_taken":0,"max_hp_gain":0,"max_hp_loss":0,"event_name":"The Woman in Blue","floor":41,"gold_loss":0}],"is_beta":false,"boss_relics":[{"not_picked":["Empty Cage","Snecko Eye"],"picked":"Replay:Drink Me"},{"not_picked":["Busted Crown","Pandora\u0027s Box"],"picked":"Philosopher\u0027s Stone"}],"items_purged_floors":[24],"is_endless":false,"potions_floor_spawned":[1,11,18,20,27,37,42],"killed_by":"The Heart","ascension_level":0}}