{"host":"yj3z99127zglyej8","time":1607796863,"event":{"mods":["2.2 Compatiblity","AchievementEnabler","BaseMod","Colored Map","Colored Powertips","DeckTracker","Highlight Path","Minty Spire (QoL Compilation)","Random Character Button","Rare Cards Sparkle","StSLib"],"gold_per_floor":[111,129,129,129,129,129,129,169,169,187,187,203,239,253,253,418,418,433,454,19,42,67,67,85,18,18,18,18,42,42,42],"floor_reached":30,"playtime":910,"items_purged":[],"score":307,"play_id":"743b9e09-6ed5-40fd-a244-c49dc5a77e7c","local_time":"20201212181423","is_ascension_mode":true,"campfire_choices":[{"data":"Dualcast","floor":6,"key":"SMITH"},{"data":"Zap","floor":11,"key":"SMITH"},{"data":"Scrape","floor":15,"key":"SMITH"},{"data":"Electrodynamics","floor":23,"key":"SMITH"},{"floor":27,"key":"REST"}],"circlet_count":0,"master_deck":["Strike_B","Strike_B","Strike_B","Strike_B","Defend_B","Defend_B","Defend_B","Zap+1","Dualcast+1","Lockon","Stack","Scrape+1","Beam Cell+1","Sweeping Beam+1","Glacier+1","Sunder+1","Electrodynamics+1","Ball Lightning+1","Storm","Hello World","Tempest+1","Dramatic Entrance+1","Doom and Gloom+1","Beam Cell+1","FTL+1","Storm","Go for the Eyes+1","Forethought+1","White Noise+1"],"relics":["Cracked Core","NeowsBlessing","Toxic Egg 2","Kunai","Golden Idol","Dream Catcher","Molten Egg 2","PreservedInsect","Empty Cage","Matryoshka","Meat on the Bone","Strawberry"],"acts_visited":["Exordium","TheCity"],"potions_floor_usage":[13,13,16,18,22,30],"damage_taken":[{"damage":0,"enemies":"2 Louse","floor":1,"turns":1},{"damage":0,"enemies":"Jaw Worm","floor":2,"turns":1},{"damage":0,"enemies":"Lagavulin","floor":8,"turns":1},{"damage":2,"enemies":"Cultist","floor":10,"turns":3},{"damage":10,"enemies":"Lots of Slimes","floor":12,"turns":4},{"damage":0,"enemies":"Gremlin Nob","floor":13,"turns":3},{"damage":5,"enemies":"Looter","floor":14,"turns":2},{"damage":24,"enemies":"Slime Boss","floor":16,"turns":8},{"damage":22,"enemies":"Shell Parasite","floor":18,"turns":4},{"damage":0,"enemies":"3 Byrds","floor":19,"turns":1},{"damage":22,"enemies":"Centurion and Healer","floor":21,"turns":5},{"damage":8,"enemies":"Shelled Parasite and Fungi","floor":22,"turns":2},{"damage":16,"enemies":"Snake Plant","floor":24,"turns":2},{"damage":15,"enemies":"Snecko","floor":29,"turns":3},{"damage":23,"enemies":"Shelled Parasite and Fungi","floor":30,"turns":2}],"seed_played":"-3338876522341564019","potions_obtained":[{"floor":1,"key":"BlessingOfTheForge"},{"floor":12,"key":"BlessingOfTheForge"},{"floor":13,"key":"ColorlessPotion"},{"floor":14,"key":"Swift Potion"},{"floor":19,"key":"Weak Potion"},{"floor":29,"key":"EssenceOfSteel"}],"is_trial":false,"path_per_floor":["M","M","?","?","?","R","?","E","T","M","R","M","E","M","R","B",null,"M","M","$","M","M","R","M","$","T","R","?","M","M"],"character_chosen":"DEFECT","items_purchased":["Matryoshka","Hello World","Tempest+1","Dramatic Entrance+1","Storm"],"campfire_rested":1,"item_purchase_floors":[20,20,20,20,25],"current_hp_per_floor":[75,75,75,75,72,72,54,54,54,52,52,42,42,37,37,13,75,53,53,53,31,23,23,7,7,14,38,26,23,0,0],"gold":42,"neow_bonus":"THREE_ENEMY_KILL","is_daily":false,"chose_seed":false,"campfire_upgraded":4,"win_rate":0.0,"timestamp":1607796863,"path_taken":["M","M","?","?","?","R","?","E","T","?","R","M","E","?","R","BOSS","M","M","$","M","M","R","M","?","T","R","?","M","?"],"items_purchased_type":["Relic","Card","Card","Card","Card"],"build_version":"2020-11-30","purchased_purges":0,"victory":false,"max_hp_per_floor":[75,75,75,75,75,75,75,75,75,75,75,75,75,75,75,75,75,75,75,75,75,75,75,75,75,82,82,82,82,82,82],"card_choices":[{"not_picked":["Turbo","Beam Cell"],"picked":"Lockon","floor":1},{"not_picked":["Double Energy","Go for the Eyes"],"picked":"Stack","floor":2},{"not_picked":["Hologram+1","Compile Driver"],"picked":"Scrape","floor":8},{"not_picked":["Rebound+1","Sweeping Beam+1"],"picked":"Beam Cell+1","floor":10},{"not_picked":["Steam Power+1","Leap+1"],"picked":"Sweeping Beam+1","floor":12},{"not_picked":["Recycle+1","Steam+1"],"picked":"Glacier+1","floor":13},{"not_picked":["Sweeping Beam+1","Ball Lightning+1"],"picked":"Sunder+1","floor":14},{"not_picked":["Seek+1","Biased Cognition"],"picked":"Electrodynamics","floor":16},{"not_picked":["Steam+1","Stack+1"],"picked":"Ball Lightning+1","floor":18},{"not_picked":["Redo+1","Steam Power+1"],"picked":"Storm","floor":19},{"not_picked":["Leap+1","Compile Driver+1"],"picked":"Doom and Gloom+1","floor":21},{"not_picked":["Hologram+1","Leap+1"],"picked":"Beam Cell+1","floor":22},{"not_picked":["Skim+1","Streamline+1"],"picked":"FTL+1","floor":24},{"not_picked":["Gash+1","Stack+1"],"picked":"Go for the Eyes+1","floor":27},{"not_picked":["Biased Cognition","Steam+1"],"picked":"White Noise+1","floor":29}],"player_experience":113082,"relics_obtained":[{"floor":8,"key":"Dream Catcher"},{"floor":9,"key":"Molten Egg 2"},{"floor":13,"key":"PreservedInsect"},{"floor":26,"key":"Meat on the Bone"},{"floor":26,"key":"Strawberry"}],"event_choices":[{"damage_healed":0,"gold_gain":0,"player_choice":"Box","damage_taken":0,"relics_obtained":["Toxic Egg 2"],"max_hp_gain":0,"max_hp_loss":0,"event_name":"Big Fish","floor":3,"gold_loss":0,"cards_obtained":["Regret"]},{"damage_healed":0,"gold_gain":0,"player_choice":"Ignored","damage_taken":0,"max_hp_gain":0,"max_hp_loss":0,"event_name":"Golden Wing","floor":4,"gold_loss":0},{"damage_healed":0,"gold_gain":0,"player_choice":"Success","damage_taken":3,"relics_obtained":["Kunai"],"max_hp_gain":0,"max_hp_loss":0,"event_name":"Scrap Ooze","floor":5,"gold_loss":0},{"damage_healed":0,"gold_gain":0,"player_choice":"Take Damage","damage_taken":18,"relics_obtained":["Golden Idol"],"max_hp_gain":0,"max_hp_loss":0,"event_name":"Golden Idol","floor":7,"gold_loss":0},{"damage_healed":0,"gold_gain":0,"player_choice":"CARD ","damage_taken":12,"max_hp_gain":0,"max_hp_loss":0,"event_name":"Knowing Skull","floor":28,"potions_obtained":[],"gold_loss":0,"cards_obtained":["Forethought"]}],"is_beta":false,"boss_relics":[{"not_picked":["Astrolabe","Runic Dome"],"picked":"Empty Cage"}],"items_purged_floors":[],"is_endless":false,"potions_floor_spawned":[1,12,13,14,19,29],"killed_by":"Shelled Parasite and Fungi","ascension_level":1}}