{"host":"sqc03gvc95ea30py","time":1607735144,"event":{"mods":["BaseMod","Better-Laid Plans","Colored Powertips","Minty Spire (QoL Compilation)","Quick Restart","Shop Mod"],"gold_per_floor":[112,212,11,11,25,55,55,55,55,75,86,86,36,55,55,150,150,170,185,215,215,20,20,20,20],"floor_reached":24,"playtime":841,"items_purged":["Strike_G"],"score":329,"play_id":"bf26511e-374f-401b-9a22-e93672d2710f","local_time":"20201212090544","is_ascension_mode":true,"campfire_choices":[{"data":"Prepared","floor":8.0,"key":"SMITH"},{"data":"Acrobatics","floor":12.0,"key":"SMITH"},{"data":"Reflex","floor":15.0,"key":"SMITH"},{"data":"Malaise","floor":23,"key":"SMITH"}],"circlet_count":0,"master_deck":["AscendersBane","Strike_G","Strike_G","Strike_G","Defend_G","Defend_G","Defend_G","Defend_G","Defend_G","Survivor","Neutralize","Reflex+1","Acrobatics+1","Well Laid Plans+1","Prepared+1","Underhanded Strike","Predator","Footwork","Malaise+1","Prepared","Prepared+1","Backflip+1","Eviscerate","Well Laid Plans"],"relics":["Ring of the Snake","NeowsBlessing","Oddly Smooth Stone","Paper Crane","Coffee Dripper","Red Mask"],"acts_visited":["Exordium","TheCity"],"potions_floor_usage":[],"damage_taken":[{"damage":0.0,"enemies":"Small Slimes","floor":1.0,"turns":1.0},{"damage":0.0,"enemies":"Cultist","floor":5.0,"turns":1.0},{"damage":0.0,"enemies":"3 Sentries","floor":6.0,"turns":1.0},{"damage":7.0,"enemies":"Jaw Worm","floor":10.0,"turns":4.0},{"damage":16.0,"enemies":"Exordium Thugs","floor":11.0,"turns":4.0},{"damage":6.0,"enemies":"2 Fungi Beasts","floor":14.0,"turns":4.0},{"damage":10.0,"enemies":"Hexaghost","floor":16.0,"turns":12.0},{"damage":5.0,"enemies":"Shell Parasite","floor":18.0,"turns":6.0},{"damage":9.0,"enemies":"3 Byrds","floor":19.0,"turns":6.0},{"damage":36.0,"enemies":"Masked Bandits","floor":20.0,"turns":7.0},{"damage":0,"enemies":"Slavers","floor":24,"turns":1}],"seed_played":"-3740948130414239067","potions_obtained":[{"floor":6.0,"key":"AttackPotion"},{"floor":14.0,"key":"ColorlessPotion"},{"floor":16.0,"key":"Regen Potion"},{"floor":19.0,"key":"GhostInAJar"}],"is_trial":false,"path_per_floor":["M","?","$","?","M","E","$","R","T","M","M","R","?","M","R","B",null,"M","M","?","?","$","R","E"],"character_chosen":"THE_SILENT","items_purchased":["Reflex","Acrobatics","Well Laid Plans","Eviscerate","Well Laid Plans"],"campfire_rested":0,"item_purchase_floors":[3,3,3,22,22],"current_hp_per_floor":[63,63,63,63,63,63,63,63,63,56,40,40,40,34,34,24,59,54,45,24,24,24,24,24,24],"gold":20,"neow_bonus":"THREE_ENEMY_KILL","is_daily":false,"chose_seed":false,"campfire_upgraded":4,"win_rate":0.0,"timestamp":1607735144,"path_taken":["M","?","?","?","?","E","$","R","T","M","M","R","?","M","R","BOSS","BOSS","M","M","?","?","$","R","E"],"items_purchased_type":["Card","Card","Card","Card","Card"],"build_version":"2020-11-30","purchased_purges":1,"victory":false,"max_hp_per_floor":[70,70,70,70,70,70,70,70,70,70,70,70,70,70,70,70,70,70,70,70,70,70,70,70,70],"card_choices":[{"not_picked":["Dodge and Roll","Sucker Punch","Deflect"],"picked":"SKIP","floor":1.0},{"not_picked":["Accuracy","Skewer"],"picked":"Prepared","floor":5.0},{"not_picked":["Endless Agony","Well Laid Plans"],"picked":"Underhanded Strike","floor":6.0},{"not_picked":["Quick Slash","Blur","Dagger Spray"],"picked":"SKIP","floor":10.0},{"not_picked":["Quick Slash","Blur","Dagger Spray"],"picked":"SKIP","floor":10.0},{"not_picked":["Poisoned Stab","Riddle With Holes"],"picked":"Predator","floor":11.0},{"not_picked":["Deflect","Distraction"],"picked":"Footwork","floor":14.0},{"not_picked":["Bullet Time","Grand Finale"],"picked":"Malaise","floor":16.0},{"not_picked":["Leg Sweep","Terror"],"picked":"Prepared","floor":18.0},{"not_picked":["Choke","Heel Hook+1"],"picked":"Prepared+1","floor":19.0},{"not_picked":["Dodge and Roll","Blade Dance"],"picked":"Backflip+1","floor":20.0}],"player_experience":337496,"relics_obtained":[{"floor":6.0,"key":"Oddly Smooth Stone"},{"floor":9.0,"key":"Paper Crane"},{"floor":20.0,"key":"Red Mask"}],"event_choices":[{"damage_healed":0.0,"max_hp_gain":0.0,"max_hp_loss":0.0,"gold_gain":100.0,"event_name":"Golden Shrine","player_choice":"Pray","floor":2.0,"gold_loss":0.0,"damage_taken":0.0},{"damage_healed":0.0,"max_hp_gain":0.0,"max_hp_loss":0.0,"gold_gain":0.0,"event_name":"Upgrade Shrine","player_choice":"Upgraded","floor":4.0,"gold_loss":0.0,"damage_taken":0.0,"cards_upgraded":["Well Laid Plans"]},{"cards_removed":["Strike_G"],"damage_healed":0.0,"max_hp_gain":0.0,"max_hp_loss":0.0,"gold_gain":0.0,"event_name":"The Cleric","player_choice":"Card Removal","floor":13.0,"gold_loss":50.0,"damage_taken":0.0},{"damage_healed":0.0,"max_hp_gain":0.0,"max_hp_loss":0.0,"gold_gain":0.0,"event_name":"Masked Bandits","player_choice":"Fought Bandits","floor":20.0,"gold_loss":0.0,"damage_taken":0.0},{"damage_healed":0.0,"max_hp_gain":0.0,"max_hp_loss":0.0,"gold_gain":0.0,"event_name":"Vampires","player_choice":"Ignored","floor":21.0,"gold_loss":0.0,"damage_taken":0.0}],"is_beta":false,"boss_relics":[{"not_picked":["Philosopher\u0027s Stone","SacredBark"],"picked":"Coffee Dripper"}],"items_purged_floors":[22],"is_endless":false,"potions_floor_spawned":[6,14,16,19],"killed_by":"Slavers","ascension_level":10}}