{"host":"y9jgkjnf95sujozk","time":1607735895,"event":{"mods":["2.2 Compatiblity","AchievementEnabler","BaseMod","Block Reminder","Colored Map","Colored Powertips","Downfall","Friendly Minions","GifTheSpireLib","Hermit","Highlight Path","MarisaÅiñ∂âJÅ@ñÇóùçπÅj","Minty Spire (QoL Compilation)","Random Character Button","Rare Cards Sparkle","Replay The Spire","StSLib","SuperFastMode","The Animator","The Bug Knight","The Cursed","The Servant 0.9.4"],"gold_per_floor":[113,113,123,88,37,57,83,83,162,162,237,253,253,265,265,265,265],"floor_reached":16,"playtime":345,"items_purged":[],"score":115,"play_id":"d6ad86b8-55e8-465c-ab4d-b90392973327","local_time":"20201212021815","is_ascension_mode":true,"campfire_choices":[{"floor":8,"key":"REST"},{"floor":10,"key":"REST"},{"floor":15,"key":"REST"}],"circlet_count":0,"master_deck":["Strike_R","Strike_R","Strike_R","Strike_R","Defend_R","Defend_R","Defend_R","Defend_R","Bash","Warcry","Second Wind","Warcry","ReplayTheSpireMod:Corrosion Curse","Headbutt","Replay:Undeath\u0027s Touch","Immolate","Disarm"],"relics":["Burning Blood","Nunchaku","Gremlin Horn"],"acts_visited":["Exordium"],"potions_floor_usage":[7,7,7,16],"damage_taken":[{"damage":0,"enemies":"2 Louse","floor":1,"turns":3},{"damage":13,"enemies":"Small Slimes","floor":3,"turns":4},{"damage":0,"enemies":"Cultist","floor":6,"turns":3},{"damage":49,"enemies":"Lagavulin","floor":7,"turns":9},{"damage":12,"enemies":"Exordium Wildlife","floor":12,"turns":4},{"damage":24,"enemies":"Large Slime","floor":14,"turns":6},{"damage":78,"enemies":"The Guardian","floor":16,"turns":16}],"seed_played":"-8392224284328492060","potions_obtained":[{"floor":0,"key":"LifebloodPotion"},{"floor":0,"key":"Regen Potion"},{"floor":0,"key":"Block Potion"},{"floor":12,"key":"Slimebound:ThreeZeroPotion"}],"is_trial":false,"path_per_floor":["M","?","M","?","$","M","E","R","T","R","?","M","?","M","R","B"],"character_chosen":"IRONCLAD","items_purchased":["Warcry"],"campfire_rested":3,"item_purchase_floors":[5],"current_hp_per_floor":[80,80,73,80,80,80,37,61,61,80,69,63,63,45,69,0,0],"gold":265,"neow_bonus":"THREE_SMALL_POTIONS","is_daily":false,"chose_seed":false,"campfire_upgraded":0,"win_rate":0.0,"timestamp":1607735895,"path_taken":["M","?","M","?","$","M","E","R","T","R","?","M","?","?","R","BOSS"],"items_purchased_type":["Card"],"build_version":"2020-11-30","purchased_purges":0,"victory":false,"max_hp_per_floor":[80,80,80,80,80,80,80,80,80,80,80,80,80,80,80,80,80],"card_choices":[{"not_picked":["Bludgeon","True Grit"],"picked":"Warcry","floor":1},{"not_picked":["Body Slam","Shrug It Off"],"picked":"Second Wind","floor":3},{"not_picked":["Shrug It Off","Thunderclap"],"picked":"ReplayTheSpireMod:Corrosion Curse","floor":6},{"not_picked":["Perfected Strike","Berserk"],"picked":"Headbutt","floor":7},{"not_picked":["Perfected Strike","Shrug It Off"],"picked":"Replay:Undeath\u0027s Touch","floor":12},{"not_picked":["Clash","Thunderclap"],"picked":"Disarm","floor":14}],"player_experience":85977,"relics_obtained":[{"floor":7,"key":"Nunchaku"},{"floor":9,"key":"Gremlin Horn"}],"event_choices":[{"damage_healed":20,"gold_gain":0,"player_choice":"Healed","damage_taken":0,"max_hp_gain":0,"max_hp_loss":0,"event_name":"The Cleric","floor":4,"gold_loss":35},{"damage_healed":0,"gold_gain":75,"player_choice":"Gather Gold","damage_taken":11,"max_hp_gain":0,"max_hp_loss":0,"event_name":"World of Goop","floor":11,"gold_loss":0},{"damage_healed":0,"gold_gain":0,"cards_transformed":["Strike_R"],"player_choice":"Transformed","damage_taken":0,"max_hp_gain":0,"max_hp_loss":0,"event_name":"Transmorgrifier","floor":13,"gold_loss":0,"cards_obtained":["Immolate"]}],"is_beta":false,"boss_relics":[],"items_purged_floors":[],"is_endless":false,"potions_floor_spawned":[12],"killed_by":"The Guardian","ascension_level":3}}