{"host":"ow9msrs9p2ctkx99","time":1607789499,"event":{"mods":["AchievementEnabler","BaseMod","Colored Map","Colored Powertips","Minty Spire (QoL Compilation)","Permanent Neow","Quick Restart","SuperFastMode"],"gold_per_floor":[12,12,12,12,28,28,47,47,126,161,181,214,214,233,233,324,324,343,101,101,101,122,122,122],"floor_reached":23,"playtime":450,"items_purged":["Strike_R"],"score":358,"play_id":"4372c159-b338-44bf-9beb-fc2f6df316be","local_time":"20201212171139","is_ascension_mode":true,"campfire_choices":[{"data":"Uppercut","floor":6.0,"key":"SMITH"},{"data":"Bash","floor":8.0,"key":"SMITH"},{"data":"Sadistic Nature","floor":13.0,"key":"SMITH"},{"data":"Thunderclap","floor":15.0,"key":"SMITH"}],"circlet_count":0,"master_deck":["AscendersBane","Strike_R","Strike_R","Strike_R","Defend_R","Defend_R","Defend_R","Defend_R","Bash+1","Sadistic Nature+1","Wild Strike","Uppercut+1","Iron Wave","Thunderclap+1","Battle Trance","Cleave","Battle Trance","Limit Break","Disarm","J.A.X.","Whirlwind"],"relics":["Burning Blood","Golden Idol","Kunai","Pantograph","Blood Vial","Sozu","Red Skull","Nilry\u0027s Codex"],"acts_visited":["Exordium","TheCity"],"potions_floor_usage":[],"damage_taken":[{"damage":8.0,"enemies":"2 Louse","floor":1.0,"turns":3.0},{"damage":16.0,"enemies":"Jaw Worm","floor":5.0,"turns":4.0},{"damage":0.0,"enemies":"Cultist","floor":7.0,"turns":2.0},{"damage":21.0,"enemies":"Gremlin Nob","floor":10.0,"turns":4.0},{"damage":0.0,"enemies":"Large Slime","floor":11.0,"turns":3.0},{"damage":20.0,"enemies":"Lagavulin","floor":12.0,"turns":7.0},{"damage":7.0,"enemies":"Blue Slaver","floor":14.0,"turns":3.0},{"damage":44.0,"enemies":"Hexaghost","floor":16.0,"turns":8.0},{"damage":6.0,"enemies":"Chosen","floor":18.0,"turns":3.0},{"damage":35.0,"enemies":"Spheric Guardian","floor":22.0,"turns":6.0},{"damage":19,"enemies":"Gremlin Leader","floor":23,"turns":3}],"seed_played":"3898103034296852327","potions_obtained":[{"floor":10.0,"key":"Fruit Juice"},{"floor":11.0,"key":"Swift Potion"},{"floor":12.0,"key":"SkillPotion"},{"floor":14.0,"key":"LiquidBronze"}],"is_trial":false,"path_per_floor":["M","?","?","$","M","R","M","R","T","E","M","E","R","M","R","B",null,"M","$","?","?","M","E"],"character_chosen":"IRONCLAD","items_purchased":["Red Skull"],"campfire_rested":0,"item_purchase_floors":[19],"current_hp_per_floor":[66,66,66,66,56,56,62,62,62,47,53,44,44,45,45,34,63,65,65,44,44,17,0,0],"gold":122,"neow_bonus":"RANDOM_COLORLESS_2","is_daily":false,"chose_seed":false,"campfire_upgraded":4,"win_rate":0.0,"timestamp":1607789499,"path_taken":["M","?","?","$","M","R","?","R","T","E","M","E","R","M","R","BOSS","M","$","?","?","M","E"],"items_purchased_type":["Relic"],"build_version":"2020-11-30","purchased_purges":1,"victory":false,"max_hp_per_floor":[75,68,68,68,68,68,68,68,68,68,68,73,73,73,73,73,73,73,73,73,73,73,73,73],"card_choices":[{"not_picked":["Thinking Ahead","Apotheosis"],"picked":"Sadistic Nature","floor":0.0},{"not_picked":["Pommel Strike","Perfected Strike"],"picked":"Wild Strike","floor":1.0},{"not_picked":["Burning Pact","Entrench"],"picked":"Uppercut","floor":5.0},{"not_picked":["Havoc","Anger"],"picked":"Iron Wave","floor":7.0},{"not_picked":["Clothesline","Flex"],"picked":"Thunderclap","floor":10.0},{"not_picked":["Blood for Blood","Sever Soul"],"picked":"Battle Trance","floor":11.0},{"not_picked":["Sword Boomerang","Sentinel"],"picked":"Cleave","floor":12.0},{"not_picked":["Flex","Wild Strike"],"picked":"Battle Trance","floor":14.0},{"not_picked":["Exhume","Immolate"],"picked":"Limit Break","floor":16.0},{"not_picked":["Perfected Strike","Clash"],"picked":"Disarm","floor":18.0},{"not_picked":["True Grit","Carnage"],"picked":"Whirlwind","floor":22.0}],"player_experience":948440,"relics_obtained":[{"floor":9.0,"key":"Kunai"},{"floor":10.0,"key":"Pantograph"},{"floor":12.0,"key":"Blood Vial"},{"floor":20.0,"key":"Nilry\u0027s Codex"}],"event_choices":[{"damage_healed":0.0,"max_hp_gain":0.0,"max_hp_loss":7.0,"gold_gain":0.0,"event_name":"Golden Idol","player_choice":"Lose Max HP","floor":2.0,"gold_loss":0.0,"damage_taken":0.0,"relics_obtained":["Golden Idol"]},{"cards_removed":["Strike_R"],"damage_healed":0.0,"max_hp_gain":0.0,"max_hp_loss":0.0,"gold_gain":0.0,"event_name":"Bonfire Elementals","player_choice":"Offered Basic","floor":3.0,"gold_loss":0.0,"damage_taken":0.0},{"damage_healed":0.0,"max_hp_gain":0.0,"max_hp_loss":0.0,"gold_gain":0.0,"event_name":"Cursed Tome","player_choice":"Obtained Book","floor":20.0,"gold_loss":0.0,"damage_taken":21.0},{"damage_healed":0.0,"max_hp_gain":0.0,"max_hp_loss":0.0,"gold_gain":0.0,"event_name":"Drug Dealer","player_choice":"Obtain J.A.X.","floor":21.0,"gold_loss":0.0,"damage_taken":0.0,"cards_obtained":["J.A.X."]}],"is_beta":false,"boss_relics":[{"not_picked":["Black Blood","Black Star"],"picked":"Sozu"}],"items_purged_floors":[19],"is_endless":false,"potions_floor_spawned":[10,11,12,14,22],"killed_by":"Gremlin Leader","ascension_level":16}}