{"host":"sabve5zmqufxyc5o","time":1607754654,"event":{"mods":["2.2 Compatiblity","AchievementEnabler","Act Like it!","BaseMod","Block Reminder","Colored Map","Colored Powertips","DeckTracker","KOR Keyword Fix","Keyboard Shortcuts","Minty Spire (QoL Compilation)","Quick Restart","Rare Cards Sparkle","Relic Stats","StSLib","SuperFastMode"],"gold_per_floor":[117,117,128,147,161,161,176,190,190,202,213,1,1,76,76,152,152,163,175,0,10,10,10,37,37,61,61,61],"floor_reached":27,"playtime":497,"items_purged":[],"score":443,"play_id":"eeff69fa-3e69-4808-aff6-4a356da00c54","local_time":"20201212153054","is_ascension_mode":true,"campfire_choices":[{"floor":6.0,"key":"REST"},{"floor":13.0,"key":"REST"},{"data":"Defragment","floor":15.0,"key":"SMITH"},{"data":"Ghostly","floor":23,"key":"SMITH"},{"floor":25,"key":"REST"}],"circlet_count":0,"master_deck":["AscendersBane","Strike_B","Strike_B","Strike_B","Defend_B","Defend_B","Defend_B","Defend_B","Zap+1","Dualcast","Ball Lightning","Skim","Turbo","Go for the Eyes","Reinforced Body","Loop","Undo","Defragment+1","Cold Snap","Thunder Strike","Beam Cell","Cold Snap","Cold Snap","Ghostly","Ghostly","Ghostly+1"],"relics":["Cracked Core","Blood Vial","Membership Card","Runic Pyramid","Ancient Tea Set","Dream Catcher"],"acts_visited":["Exordium","TheCity"],"potions_floor_usage":[21,24,24],"damage_taken":[{"damage":15.0,"enemies":"Small Slimes","floor":1.0,"turns":3.0},{"damage":1.0,"enemies":"2 Louse","floor":3.0,"turns":2.0},{"damage":1.0,"enemies":"Cultist","floor":4.0,"turns":4.0},{"damage":13.0,"enemies":"Gremlin Gang","floor":5.0,"turns":3.0},{"damage":13.0,"enemies":"Exordium Thugs","floor":7.0,"turns":4.0},{"damage":3.0,"enemies":"Blue Slaver","floor":8.0,"turns":3.0},{"damage":0.0,"enemies":"3 Louse","floor":10.0,"turns":3.0},{"damage":9.0,"enemies":"Exordium Wildlife","floor":11.0,"turns":5.0},{"damage":7.0,"enemies":"The Guardian","floor":16.0,"turns":14.0},{"damage":2.0,"enemies":"Spheric Guardian","floor":18.0,"turns":6.0},{"damage":17.0,"enemies":"2 Thieves","floor":19.0,"turns":4.0},{"damage":8,"enemies":"Chosen and Byrds","floor":21,"turns":7},{"damage":15,"enemies":"Slavers","floor":24,"turns":6},{"damage":34,"enemies":"Gremlin Leader","floor":27,"turns":4}],"seed_played":"-5055448436100467496","potions_obtained":[{"floor":3.0,"key":"ColorlessPotion"},{"floor":5.0,"key":"SteroidPotion"},{"floor":8.0,"key":"EssenceOfDarkness"},{"floor":10.0,"key":"PowerPotion"},{"floor":16.0,"key":"EntropicBrew"}],"is_trial":false,"path_per_floor":["M","?","M","M","M","R","M","M","T","M","M","$","R","?","R","B",null,"M","M","?","M","?","R","E","R","T","E"],"character_chosen":"DEFECT","items_purchased":["Membership Card","Defragment","Cold Snap"],"campfire_rested":3,"item_purchase_floors":[12,12,12],"current_hp_per_floor":[49,42,41,40,27,48,35,32,32,34,27,27,48,37,37,32,61,61,46,46,40,35,35,20,30,30,0,0],"gold":61,"neow_bonus":"UPGRADE_CARD","is_daily":false,"chose_seed":false,"campfire_upgraded":2,"win_rate":0.0,"timestamp":1607754654,"path_taken":["M","?","M","M","M","R","M","M","T","M","M","$","R","?","R","BOSS","M","M","?","M","?","R","E","R","T","E"],"items_purchased_type":["Relic","Card","Card"],"build_version":"2020-11-30","purchased_purges":0,"victory":false,"max_hp_per_floor":[71,71,71,71,71,71,71,71,71,71,71,71,71,71,71,71,71,71,71,71,71,35,35,35,35,35,35,35],"relic_stats":{"Blood Vial":14,"Dream Catcher":0,"counters":[14,67],"obtain_stats":[{"Blood Vial":9,"Dream Catcher":26,"Membership Card":12,"Cracked Core":0,"Ancient Tea Set":24,"Runic Pyramid":17},{"Blood Vial":6,"Dream Catcher":13,"Membership Card":8,"Cracked Core":0,"Ancient Tea Set":13,"Runic Pyramid":9},{"Blood Vial":19,"Dream Catcher":63,"Membership Card":27,"Cracked Core":0,"Ancient Tea Set":63,"Runic Pyramid":40}]},"card_choices":[{"not_picked":["Conserve Battery","Darkness"],"picked":"Ball Lightning","floor":1.0},{"not_picked":["Stack","Redo"],"picked":"Skim","floor":3.0},{"not_picked":["Streamline","Force Field"],"picked":"Turbo","floor":4.0},{"not_picked":["Sweeping Beam","Static Discharge"],"picked":"Go for the Eyes","floor":5.0},{"not_picked":["Sweeping Beam","Leap"],"picked":"Reinforced Body","floor":7.0},{"not_picked":["Streamline","Rainbow","Steam Power"],"picked":"SKIP","floor":8.0},{"not_picked":["Gash","Redo"],"picked":"Loop","floor":10.0},{"not_picked":["Glacier","Go for the Eyes"],"picked":"Undo","floor":11.0},{"not_picked":["Amplify","Hyperbeam"],"picked":"Thunder Strike","floor":16.0},{"not_picked":["Sweeping Beam","Coolheaded"],"picked":"Beam Cell","floor":18.0},{"not_picked":["Steam","Static Discharge+1"],"picked":"Cold Snap","floor":19.0},{"not_picked":["Tempest","Hologram"],"picked":"Cold Snap","floor":21},{"not_picked":["Multi-Cast","Reprogram","Sweeping Beam"],"picked":"SKIP","floor":24}],"player_experience":765069,"relics_obtained":[{"floor":9.0,"key":"Blood Vial"},{"floor":24,"key":"Ancient Tea Set"},{"floor":26,"key":"Dream Catcher"}],"event_choices":[{"cards_removed":["Strike_B"],"damage_healed":0.0,"max_hp_gain":0.0,"max_hp_loss":0.0,"gold_gain":0.0,"event_name":"Golden Wing","player_choice":"Card Removal","floor":2.0,"gold_loss":0.0,"damage_taken":7.0},{"damage_healed":0.0,"max_hp_gain":0.0,"max_hp_loss":0.0,"gold_gain":75.0,"event_name":"World of Goop","player_choice":"Gather Gold","floor":14.0,"gold_loss":0.0,"damage_taken":11.0},{"damage_healed":0,"gold_gain":0,"player_choice":"Paid Fearfully","damage_taken":0,"max_hp_gain":0,"max_hp_loss":0,"event_name":"Masked Bandits","floor":20,"gold_loss":175},{"damage_healed":0,"gold_gain":0,"player_choice":"Became a Ghost","damage_taken":0,"max_hp_gain":0,"max_hp_loss":36,"event_name":"Ghosts","floor":22,"gold_loss":0,"cards_obtained":["Ghostly","Ghostly","Ghostly"]}],"is_beta":false,"boss_relics":[{"not_picked":["Velvet Choker","Snecko Eye"],"picked":"Runic Pyramid"}],"items_purged_floors":[],"is_endless":false,"potions_floor_spawned":[3,5,8,10,16],"killed_by":"Gremlin Leader","ascension_level":19}}