{"host":"danq4vzudt77osor","time":1607768463,"event":{"mods":["BaseMod","Colored Map","Custom Start","Minty Spire (QoL Compilation)","StSLib","SuperFastMode"],"gold_per_floor":[110,110,129,139,158,158,187,187],"floor_reached":7,"playtime":153,"items_purged":[],"score":53,"play_id":"bd448887-a537-4f4e-a0a8-57b342587117","local_time":"20201212192103","is_ascension_mode":false,"campfire_choices":[{"data":"Poisoned Stab","floor":6,"key":"SMITH"}],"circlet_count":0,"master_deck":["Strike_G","Strike_G","Strike_G","Strike_G","Defend_G","Defend_G","Defend_G","Defend_G","Defend_G","Survivor","Neutralize","Adrenaline","Slice","Predator","Poisoned Stab+1","PiercingWail"],"relics":["Ring of the Snake","Mercury Hourglass"],"acts_visited":["Exordium"],"potions_floor_usage":[],"damage_taken":[{"damage":3,"enemies":"Jaw Worm","floor":1,"turns":4},{"damage":0,"enemies":"Cultist","floor":3,"turns":3},{"damage":0,"enemies":"Small Slimes","floor":4,"turns":3},{"damage":1,"enemies":"Blue Slaver","floor":5,"turns":3},{"damage":8,"enemies":"Lagavulin","floor":7,"turns":6}],"seed_played":"-2044586156658094332","potions_obtained":[{"floor":3,"key":"LiquidMemories"},{"floor":7,"key":"EntropicBrew"}],"is_trial":false,"path_per_floor":["M","?","M","M","M","R","E"],"character_chosen":"THE_SILENT","items_purchased":[],"campfire_rested":0,"item_purchase_floors":[],"current_hp_per_floor":[60,60,60,60,59,59,51,51],"gold":187,"neow_bonus":"THREE_RARE_CARDS","is_daily":false,"chose_seed":false,"campfire_upgraded":1,"win_rate":0.0,"timestamp":1607768463,"path_taken":["M","?","M","M","M","R","E"],"items_purchased_type":[],"build_version":"2020-11-30","purchased_purges":0,"victory":false,"max_hp_per_floor":[63,63,63,63,63,63,63,63],"card_choices":[{"not_picked":["Burst","Doppelganger"],"picked":"Adrenaline","floor":0},{"not_picked":["Deflect","Choke"],"picked":"Slice","floor":1},{"not_picked":["Setup","Cloak And Dagger"],"picked":"Predator","floor":3},{"not_picked":["Bane","Flying Knee"],"picked":"Poisoned Stab","floor":4},{"not_picked":["Sucker Punch","Choke"],"picked":"PiercingWail","floor":5}],"player_experience":1656437,"relics_obtained":[{"floor":7,"key":"Mercury Hourglass"}],"event_choices":[{"cards_removed":["Strike_G"],"damage_healed":0,"gold_gain":0,"player_choice":"Offered Basic","damage_taken":0,"max_hp_gain":0,"max_hp_loss":0,"event_name":"Bonfire Elementals","floor":2,"gold_loss":0}],"is_beta":false,"boss_relics":[],"items_purged_floors":[],"is_endless":false,"potions_floor_spawned":[3,7],"killed_by":"Lagavulin","ascension_level":0}}