{"host":"3a1ypf1irl30q4k8","time":1607796635,"event":{"mods":["AchievementEnabler","BaseMod","Bestiary","Colored Map","Minty Spire (QoL Compilation)","Relic Stats"],"gold_per_floor":[114,11,31,49,124,124,155,155,181,200,242,55,79,263,263,377,377,401,19,64,50,70,70,91,114,114,114,150,0,0,20,20,20,20],"floor_reached":33,"playtime":5744,"items_purged":["Strike_B"],"score":480,"play_id":"efb68d65-077a-496d-bdbf-501a1291db1d","local_time":"20201212181035","is_ascension_mode":true,"campfire_choices":[{"data":"Rainbow","floor":6,"key":"SMITH"},{"floor":8,"key":"REST"},{"data":"Zap","floor":15,"key":"SMITH"},{"data":"Fission","floor":23,"key":"SMITH"},{"floor":32,"key":"REST"}],"circlet_count":0,"master_deck":["Defend_B","Defend_B","Defend_B","Defend_B","Zap+1","Dualcast","Rainbow+1","Ball Lightning","Compile Driver","Cold Snap","Barrage","Conserve Battery","Reinforced Body","Redo","Capacitor","Turbo","Doubt","Fission+1","Static Discharge+1","Capacitor","Bite","Bite","Bite","Bite","Bite","Barrage+1","Coolheaded+1","Skim","Tempest","Barrage+1","Buffer"],"relics":["FrozenCore","MealTicket","CeramicFish","Bronze Scales","Toy Ornithopter","Gremlin Horn","Blood Vial","Smiling Mask","Chemical X"],"acts_visited":["Exordium","TheCity"],"potions_floor_usage":[7,16,16,16,25,33],"damage_taken":[{"damage":8,"enemies":"Small Slimes","floor":1,"turns":3},{"damage":7,"enemies":"Jaw Worm","floor":3,"turns":2},{"damage":0,"enemies":"Cultist","floor":4,"turns":3},{"damage":16,"enemies":"Gremlin Nob","floor":7,"turns":3},{"damage":0,"enemies":"Large Slime","floor":10,"turns":3},{"damage":19,"enemies":"3 Sentries","floor":11,"turns":5},{"damage":2,"enemies":"Blue Slaver","floor":13,"turns":3},{"damage":0,"enemies":"Slime Boss","floor":16,"turns":8},{"damage":8,"enemies":"Chosen","floor":18,"turns":7},{"damage":3,"enemies":"Spheric Guardian","floor":22,"turns":3},{"damage":27,"enemies":"Chosen and Byrds","floor":24,"turns":6},{"damage":28,"enemies":"Shelled Parasite and Fungi","floor":25,"turns":5},{"damage":14,"enemies":"Gremlin Leader","floor":28,"turns":5},{"damage":22,"enemies":"Snake Plant","floor":31,"turns":4},{"damage":64,"enemies":"Automaton","floor":33,"turns":8}],"seed_played":"-6682565644416742540","potions_obtained":[{"floor":10,"key":"Dexterity Potion"},{"floor":11,"key":"DistilledChaos"},{"floor":13,"key":"EssenceOfSteel"},{"floor":24,"key":"Block Potion"},{"floor":31,"key":"ColorlessPotion"}],"is_trial":false,"path_per_floor":["M","$","M","M","?","R","E","R","T","M","E","$","M","?","R","B",null,"M","$","?","$","M","R","M","M","T","?","E","$","?","M","R","B"],"character_chosen":"DEFECT","items_purchased":["Compile Driver","Energy Potion","Capacitor","Toy Ornithopter","Capacitor","Gremlin Horn","Barrage","Chemical X"],"campfire_rested":2,"item_purchase_floors":[2,2,12,12,19,19,21,29],"current_hp_per_floor":[60,60,53,53,42,42,26,46,46,46,27,42,40,40,40,55,65,57,68,47,47,44,44,29,16,16,32,34,47,47,27,41,0,0],"gold":20,"neow_bonus":"THREE_RARE_CARDS","is_daily":false,"chose_seed":false,"campfire_upgraded":3,"win_rate":0.0,"timestamp":1607796635,"path_taken":["M","$","M","M","?","R","E","R","T","M","E","$","M","?","R","BOSS","M","$","?","$","M","R","M","M","T","?","E","$","?","M","R","BOSS"],"items_purchased_type":["Card","Potion","Card","Relic","Card","Relic","Card","Relic"],"build_version":"2020-11-30","purchased_purges":1,"victory":false,"max_hp_per_floor":[68,68,68,68,68,68,68,68,68,68,68,68,68,68,68,68,68,68,68,47,47,47,47,47,47,47,47,47,47,47,47,47,47,47],"relic_stats":{"Blood Vial":4,"Gremlin Horn":[8,8],"counters":[15,68],"CeramicFish":171,"Bronze Scales":[132],"MealTicket":39,"Chemical X":[3],"Smiling Mask":0,"obtain_stats":[{"Blood Vial":26,"Gremlin Horn":19,"CeramicFish":9,"Bronze Scales":11,"MealTicket":7,"Chemical X":29,"Cracked Core":0,"Smiling Mask":28,"Toy Ornithopter":12,"FrozenCore":17},{"Blood Vial":12,"Gremlin Horn":9,"CeramicFish":4,"Bronze Scales":6,"MealTicket":4,"Chemical X":13,"Cracked Core":0,"Smiling Mask":13,"Toy Ornithopter":6,"FrozenCore":8},{"Blood Vial":51,"Gremlin Horn":37,"CeramicFish":11,"Bronze Scales":19,"MealTicket":11,"Chemical X":56,"Cracked Core":0,"Smiling Mask":56,"Toy Ornithopter":19,"FrozenCore":30}],"Toy Ornithopter":20,"FrozenCore":[20]},"card_choices":[{"not_picked":["Core Surge","Meteor Strike"],"picked":"Rainbow","floor":0},{"not_picked":["Reprogram","Rip and Tear"],"picked":"Ball Lightning","floor":1},{"not_picked":["Hologram","Rip and Tear"],"picked":"Cold Snap","floor":3},{"not_picked":["Gash","Compile Driver"],"picked":"Barrage","floor":4},{"not_picked":["Melter","All For One"],"picked":"Conserve Battery","floor":7},{"not_picked":["Gash","Go for the Eyes"],"picked":"Reinforced Body","floor":10},{"not_picked":["Compile Driver","Ball Lightning"],"picked":"Redo","floor":11},{"not_picked":["Gash","Leap"],"picked":"Turbo","floor":13},{"not_picked":["Rainbow","Hyperbeam"],"picked":"Fission","floor":16},{"not_picked":["Beam Cell","Darkness"],"picked":"Static Discharge+1","floor":18},{"not_picked":["Undo+1","Streamline"],"picked":"Coolheaded+1","floor":22},{"not_picked":["Chaos","Compile Driver"],"picked":"Skim","floor":24},{"not_picked":["Compile Driver","Go for the Eyes"],"picked":"Tempest","floor":25},{"not_picked":["Undo","Leap"],"picked":"Barrage+1","floor":28},{"not_picked":["Chaos+1","Rebound"],"picked":"Buffer","floor":31}],"player_experience":820379,"relics_obtained":[{"floor":7,"key":"MealTicket"},{"floor":9,"key":"CeramicFish"},{"floor":11,"key":"Bronze Scales"},{"floor":26,"key":"Blood Vial"},{"floor":28,"key":"Smiling Mask"}],"event_choices":[{"damage_healed":0,"gold_gain":75,"player_choice":"Gather Gold","damage_taken":11,"max_hp_gain":0,"max_hp_loss":0,"event_name":"World of Goop","floor":5,"gold_loss":0},{"damage_healed":0,"gold_gain":175,"player_choice":"AGREE","damage_taken":0,"max_hp_gain":0,"max_hp_loss":0,"event_name":"Liars Game","floor":14,"gold_loss":0,"cards_obtained":["Doubt"]},{"damage_healed":0,"gold_gain":0,"player_choice":"Became a vampire","damage_taken":0,"max_hp_gain":0,"max_hp_loss":21,"event_name":"Vampires","floor":20,"gold_loss":0,"cards_obtained":["Bite","Bite","Bite","Bite","Bite"]},{"damage_healed":16,"gold_gain":0,"player_choice":"Heal","damage_taken":0,"max_hp_gain":0,"max_hp_loss":0,"event_name":"The Library","floor":27,"gold_loss":0},{"damage_healed":0,"gold_gain":0,"player_choice":"Upgraded","damage_taken":0,"max_hp_gain":0,"max_hp_loss":0,"event_name":"Upgrade Shrine","floor":30,"gold_loss":0,"cards_upgraded":["Barrage"]}],"is_beta":false,"boss_relics":[{"not_picked":["Busted Crown","Snecko Eye"],"picked":"FrozenCore"}],"items_purged_floors":[19],"is_endless":false,"potions_floor_spawned":[10,11,13,24,31],"killed_by":"Automaton","ascension_level":8}}