{"host":"og6lam4kt3nibbw0","time":1607791113,"event":{"mods":["AchievementEnabler","BaseMod","Colored Map","DeckTracker","Highlight Path","Keyboard Shortcuts","Minty Spire (QoL Compilation)","Permanent Neow","Quick Restart","StSLib","SuperFastMode"],"gold_per_floor":[17,17,35,45,55,55,86,86,86,11,31,44,44,74,74,146,146,163,175,60,60,60],"floor_reached":21,"playtime":662,"items_purged":[],"score":378,"play_id":"b5de0c3a-8cd9-4b6a-8ec9-45d632b942e4","local_time":"20201213013833","is_ascension_mode":true,"campfire_choices":[{"data":"Apotheosis","floor":6.0,"key":"SMITH"},{"floor":13.0,"key":"REST"},{"floor":15.0,"key":"REST"}],"circlet_count":0,"master_deck":["AscendersBane","Strike_B","Strike_B","Strike_B","Defend_B","Defend_B","Defend_B","Defend_B","Zap","Dualcast","Apotheosis+1","Redo","Static Discharge","Rebound","Skim","Reboot+1","Turbo+1","Lockon","Fission+1","Redo+1","Self Repair","Leap+1"],"relics":["Cracked Core","Gremlin Horn","Toxic Egg 2","Odd Mushroom","Oddly Smooth Stone","Inserter"],"acts_visited":["Exordium","TheCity"],"potions_floor_usage":[],"damage_taken":[{"damage":0.0,"enemies":"Cultist","floor":1.0,"turns":3.0},{"damage":0.0,"enemies":"2 Louse","floor":3.0,"turns":1.0},{"damage":12.0,"enemies":"Jaw Worm","floor":4.0,"turns":3.0},{"damage":0.0,"enemies":"2 Fungi Beasts","floor":5.0,"turns":2.0},{"damage":18.0,"enemies":"3 Sentries","floor":7.0,"turns":6.0},{"damage":22.0,"enemies":"The Mushroom Lair","floor":11.0,"turns":3.0},{"damage":0.0,"enemies":"3 Louse","floor":12.0,"turns":3.0},{"damage":12.0,"enemies":"Lagavulin","floor":14.0,"turns":5.0},{"damage":36.0,"enemies":"Slime Boss","floor":16.0,"turns":8.0},{"damage":0.0,"enemies":"Chosen","floor":18.0,"turns":3.0},{"damage":27.0,"enemies":"Shell Parasite","floor":19.0,"turns":3.0},{"damage":58,"enemies":"Cultist and Chosen","floor":21,"turns":5}],"seed_played":"3383254704244276927","potions_obtained":[{"floor":1.0,"key":"Fruit Juice"},{"floor":11.0,"key":"SteroidPotion"},{"floor":12.0,"key":"BlessingOfTheForge"},{"floor":16.0,"key":"PotionOfCapacity"},{"floor":19.0,"key":"Fruit Juice"}],"is_trial":false,"path_per_floor":["M","$","M","M","M","R","E","?","T","?","?","M","R","E","R","B",null,"M","M","$","M"],"character_chosen":"DEFECT","items_purchased":["Self Repair","Leap+1"],"campfire_rested":2,"item_purchase_floors":[20,20],"current_hp_per_floor":[69,69,69,57,57,57,39,44,44,44,22,22,46,34,58,22,66,66,44,44,0,0],"gold":60,"neow_bonus":"RANDOM_COLORLESS_2","is_daily":false,"chose_seed":false,"campfire_upgraded":1,"win_rate":0.0,"timestamp":1607791113,"path_taken":["M","?","M","M","M","R","E","?","T","?","?","M","R","E","R","BOSS","M","M","$","M"],"items_purchased_type":["Card","Card"],"build_version":"2020-11-30","purchased_purges":0,"victory":false,"max_hp_per_floor":[76,76,76,76,76,76,76,81,81,81,81,81,81,81,81,81,81,81,86,86,86,86],"card_choices":[{"not_picked":["Magnetism","Mayhem"],"picked":"Apotheosis","floor":0.0},{"not_picked":["Compile Driver","Beam Cell"],"picked":"Redo","floor":1.0},{"not_picked":["Leap","Turbo"],"picked":"Static Discharge","floor":3.0},{"not_picked":["Steam","Conserve Battery"],"picked":"Rebound","floor":4.0},{"not_picked":["Auto Shields","Ball Lightning"],"picked":"Skim","floor":5.0},{"not_picked":["Steam Power","Ball Lightning","Gash"],"picked":"SKIP","floor":7.0},{"not_picked":["Gash","Barrage"],"picked":"Reboot+1","floor":11.0},{"not_picked":["Rebound","Sweeping Beam"],"picked":"Turbo+1","floor":12.0},{"not_picked":["Ball Lightning","Scrape"],"picked":"Lockon","floor":14.0},{"not_picked":["Buffer","Creative AI"],"picked":"Fission+1","floor":16.0},{"not_picked":["Stack+1","Rebound","Scrape"],"picked":"SKIP","floor":18.0},{"not_picked":["Go for the Eyes","Compile Driver"],"picked":"Redo+1","floor":19.0}],"player_experience":730012,"relics_obtained":[{"floor":7.0,"key":"Gremlin Horn"},{"floor":9.0,"key":"Toxic Egg 2"},{"floor":11.0,"key":"Odd Mushroom"},{"floor":14.0,"key":"Oddly Smooth Stone"}],"event_choices":[{"damage_healed":0.0,"max_hp_gain":5.0,"max_hp_loss":0.0,"gold_gain":0.0,"event_name":"Big Fish","player_choice":"Donut","floor":8.0,"gold_loss":0.0,"damage_taken":0.0},{"cards_removed":["Strike_B"],"damage_healed":0.0,"max_hp_gain":0.0,"max_hp_loss":0.0,"gold_gain":0.0,"event_name":"The Cleric","player_choice":"Card Removal","floor":10.0,"gold_loss":75.0,"damage_taken":0.0},{"damage_healed":0.0,"max_hp_gain":0.0,"max_hp_loss":0.0,"gold_gain":0.0,"event_name":"Mushrooms","player_choice":"Fought Mushrooms","floor":11.0,"gold_loss":0.0,"damage_taken":0.0}],"is_beta":false,"boss_relics":[{"not_picked":["Empty Cage","Snecko Eye"],"picked":"Inserter"}],"items_purged_floors":[],"is_endless":false,"potions_floor_spawned":[1,11,12,16,19],"killed_by":"Cultist and Chosen","ascension_level":20}}