{"host":"wrp3mzqnpgxvyzn2","time":1607769342,"event":{"mods":["BaseMod","Minty Spire (QoL Compilation)"],"gold_per_floor":[16,26,26,26,201,201,216,71,71,71,71,71,89,132,132,256,256,280,280,305,305,305,305,324,34,34,34,52,96,96,116,116,214,214,232,282,282,302,317,351,351,380,404,418,446,446,184,184,184,184,184,184,35,64,64],"floor_reached":56,"playtime":3089,"items_purged":["Doubt","Normality"],"score":1326,"play_id":"75bd2dfe-a76d-4219-8fae-bcb369395310","local_time":"20201212053542","is_ascension_mode":false,"campfire_choices":[{"data":"TalkToTheHand","floor":6,"key":"SMITH"},{"data":"TalkToTheHand","floor":10,"key":"SMITH"},{"data":"FlyingSleeves","floor":12,"key":"SMITH"},{"floor":15,"key":"REST"},{"data":"Ragnarok","floor":23,"key":"SMITH"},{"data":"FollowUp","floor":32,"key":"SMITH"},{"data":"Ragnarok","floor":41,"key":"SMITH"},{"floor":46,"key":"RECALL"},{"floor":49,"key":"REST"},{"data":"Vigilance","floor":52,"key":"SMITH"}],"circlet_count":0,"master_deck":["Strike_P","Strike_P","Strike_P","Strike_P+1","Defend_P","Defend_P","Defend_P","Defend_P","Eruption+1","Vigilance+1","FlyingSleeves+1","TalkToTheHand+1","FollowUp+1","TalkToTheHand+1","SashWhip+1","Ragnarok+1","Wireheading+1","Necronomicurse","Ragnarok+1","Prostrate+1","Devotion+1","Prostrate+1"],"relics":["PureWater","Mango","Bloody Idol","Gremlin Horn","Frozen Egg 2","Snecko Eye","Necronomicon","Pen Nib","Calipers","GoldenEye","Toxic Egg 2","Cursed Key","Unceasing Top","Potion Belt","PreservedInsect","Pocketwatch","Cauldron","Bottled Lightning"],"acts_visited":["Exordium","TheCity","TheBeyond","TheEnding"],"potions_floor_usage":[14,14,16,35,35,44,50,50,50,54,55,55,55,55],"damage_taken":[{"damage":8,"enemies":"Cultist","floor":1,"turns":6},{"damage":1,"enemies":"Jaw Worm","floor":2,"turns":4},{"damage":0,"enemies":"Small Slimes","floor":7,"turns":2},{"damage":0,"enemies":"3 Louse","floor":13,"turns":1},{"damage":13,"enemies":"Gremlin Nob","floor":14,"turns":4},{"damage":30,"enemies":"Slime Boss","floor":16,"turns":7},{"damage":10,"enemies":"2 Thieves","floor":18,"turns":3},{"damage":5,"enemies":"Chosen","floor":20,"turns":3},{"damage":0,"enemies":"Snecko","floor":24,"turns":3},{"damage":0,"enemies":"3 Cultists","floor":28,"turns":5},{"damage":0,"enemies":"Book of Stabbing","floor":29,"turns":3},{"damage":0,"enemies":"Snake Plant","floor":31,"turns":3},{"damage":0,"enemies":"Collector","floor":33,"turns":8},{"damage":3,"enemies":"3 Darklings","floor":35,"turns":4},{"damage":5,"enemies":"2 Orb Walkers","floor":36,"turns":3},{"damage":3,"enemies":"3 Shapes","floor":38,"turns":3},{"damage":0,"enemies":"Writhing Mass","floor":39,"turns":6},{"damage":9,"enemies":"Reptomancer","floor":40,"turns":5},{"damage":0,"enemies":"Giant Head","floor":42,"turns":4},{"damage":25,"enemies":"3 Darklings","floor":44,"turns":3},{"damage":0,"enemies":"Nemesis","floor":45,"turns":5},{"damage":60,"enemies":"Donu and Deca","floor":50,"turns":5},{"damage":24,"enemies":"Shield and Spear","floor":54,"turns":3},{"damage":28,"enemies":"The Heart","floor":55,"turns":6}],"seed_played":"6529024677394639169","potions_obtained":[{"floor":1,"key":"SkillPotion"},{"floor":13,"key":"ColorlessPotion"},{"floor":14,"key":"PowerPotion"},{"floor":20,"key":"ColorlessPotion"},{"floor":33,"key":"SkillPotion"},{"floor":36,"key":"Swift Potion"},{"floor":39,"key":"Block Potion"},{"floor":42,"key":"Energy Potion"},{"floor":44,"key":"CultistPotion"},{"floor":45,"key":"DuplicationPotion"},{"floor":53,"key":"PowerPotion"},{"floor":53,"key":"BottledMiracle"},{"floor":53,"key":"Dexterity Potion"},{"floor":53,"key":"AttackPotion"}],"is_trial":false,"path_per_floor":["M","M","?","?","?","R","M","$","T","R","?","R","M","E","R","B",null,"M","?","M","?","?","R","M","$","T","?","M","E","?","M","R","B",null,"M","?","?","M","M","E","R","E","T","M","E","R","$","?","R","B",null,"R","$","E","B",null],"character_chosen":"WATCHER","items_purchased":["TalkToTheHand","Calipers","Devotion+1","Cauldron"],"campfire_rested":2,"item_purchase_floors":[8,25,47,53],"current_hp_per_floor":[78,77,77,61,61,61,61,61,61,61,61,61,61,48,72,42,80,70,54,49,49,75,75,75,75,75,75,75,75,75,80,80,80,80,80,80,80,80,80,76,76,80,80,60,65,65,65,65,76,16,76,76,76,57,29],"gold":64,"neow_bonus":"ONE_RARE_RELIC","is_daily":false,"chose_seed":false,"campfire_upgraded":7,"win_rate":0.0,"timestamp":1607769342,"path_taken":["M","M","?","?","?","R","M","$","T","R","?","R","M","E","R","BOSS","M","?","M","?","?","R","M","$","T","?","?","E","?","M","R","BOSS","M","?","?","M","M","E","R","E","T","?","E","R","$","?","R","BOSS","R","$","E","BOSS"],"items_purchased_type":["Card","Relic","Card","Relic"],"build_version":"2020-11-30","purchased_purges":2,"victory":true,"max_hp_per_floor":[86,86,80,80,80,80,80,80,80,80,80,80,80,80,80,80,80,80,80,80,80,80,80,80,80,80,80,80,80,80,80,80,80,80,80,80,80,80,80,80,80,80,80,80,80,80,80,76,76,76,76,76,76,76,76],"card_choices":[{"not_picked":["WheelKick","JustLucky"],"picked":"FlyingSleeves","floor":1},{"not_picked":["EmptyBody","JustLucky"],"picked":"TalkToTheHand","floor":2},{"not_picked":["Swivel","Evaluate"],"picked":"FollowUp","floor":7},{"not_picked":["JustLucky","FlyingSleeves","FearNoEvil"],"picked":"SKIP","floor":13},{"not_picked":["EmptyFist","DeusExMachina"],"picked":"SashWhip","floor":14},{"not_picked":["Omniscience","DevaForm+1"],"picked":"Ragnarok","floor":16},{"not_picked":["Fasting2+1","Perseverance"],"picked":"Wireheading+1","floor":18},{"not_picked":["Protect","Indignation","PathToVictory+1"],"picked":"SKIP","floor":20},{"not_picked":["EmptyMind","Halt","Sanctity+1"],"picked":"SKIP","floor":24},{"not_picked":["JustLucky","ClearTheMind","InnerPeace"],"picked":"SKIP","floor":28},{"not_picked":["JustLucky+1","Sanctity+1","BattleHymn+1"],"picked":"SKIP","floor":29},{"not_picked":["SandsOfTime","FlurryOfBlows","FlyingSleeves"],"picked":"SKIP","floor":31},{"not_picked":["ConjureBlade+1","Blasphemy+1"],"picked":"Ragnarok","floor":33},{"not_picked":["EmptyFist","Weave","PathToVictory+1"],"picked":"SKIP","floor":35},{"not_picked":["WaveOfTheHand+1","ThirdEye+1"],"picked":"Prostrate+1","floor":36},{"not_picked":["SandsOfTime+1","Wireheading+1","ForeignInfluence+1"],"picked":"SKIP","floor":38},{"not_picked":["Fasting2+1","ThirdEye+1","PathToVictory+1"],"picked":"SKIP","floor":39},{"not_picked":["SashWhip","CutThroughFate","Crescendo+1"],"picked":"SKIP","floor":40},{"not_picked":["Fasting2+1","FollowUp+1","Tantrum+1"],"picked":"SKIP","floor":42},{"not_picked":["SashWhip+1","Protect+1","Meditate+1"],"picked":"SKIP","floor":44},{"not_picked":["DeceiveReality+1","PathToVictory+1","CutThroughFate"],"picked":"SKIP","floor":45},{"not_picked":["SpiritShield+1","SandsOfTime+1"],"picked":"Prostrate+1","floor":54}],"player_experience":138788,"relics_obtained":[{"floor":9,"key":"Gremlin Horn"},{"floor":14,"key":"Frozen Egg 2"},{"floor":19,"key":"Necronomicon"},{"floor":26,"key":"GoldenEye"},{"floor":29,"key":"Toxic Egg 2"},{"floor":36,"key":"Unceasing Top"},{"floor":40,"key":"Potion Belt"},{"floor":42,"key":"PreservedInsect"},{"floor":45,"key":"Pocketwatch"},{"floor":54,"key":"Bottled Lightning"}],"event_choices":[{"damage_healed":0,"gold_gain":0,"player_choice":"Lose Max HP","damage_taken":0,"relics_obtained":["Golden Idol"],"max_hp_gain":0,"max_hp_loss":6,"event_name":"Golden Idol","floor":3,"gold_loss":0},{"damage_healed":0,"gold_gain":0,"player_choice":"Entered Light","damage_taken":16,"max_hp_gain":0,"max_hp_loss":0,"event_name":"Shining Light","floor":4,"gold_loss":0,"cards_upgraded":["Eruption","Strike_P"]},{"damage_healed":0,"gold_gain":175,"player_choice":"AGREE","damage_taken":0,"max_hp_gain":0,"max_hp_loss":0,"event_name":"Liars Game","floor":5,"gold_loss":0,"cards_obtained":["Doubt"]},{"damage_healed":0,"gold_gain":0,"player_choice":"Ignored","damage_taken":0,"max_hp_gain":0,"max_hp_loss":0,"event_name":"Golden Wing","floor":11,"gold_loss":0},{"damage_healed":0,"gold_gain":0,"player_choice":"Obtained Book","damage_taken":16,"max_hp_gain":0,"max_hp_loss":0,"event_name":"Cursed Tome","floor":19,"gold_loss":0},{"damage_healed":0,"gold_gain":0,"player_choice":"Opened","damage_taken":0,"relics_obtained":["Pen Nib"],"max_hp_gain":0,"max_hp_loss":0,"event_name":"The Mausoleum","floor":21,"gold_loss":0},{"damage_healed":26,"gold_gain":0,"player_choice":"Heal","damage_taken":0,"max_hp_gain":0,"max_hp_loss":0,"event_name":"The Library","floor":22,"gold_loss":0},{"damage_healed":0,"gold_gain":0,"player_choice":"Forge","damage_taken":0,"max_hp_gain":0,"max_hp_loss":0,"event_name":"Accursed Blacksmith","floor":27,"gold_loss":0,"cards_upgraded":["SashWhip"]},{"damage_healed":0,"gold_gain":0,"player_choice":"Gave Idol","damage_taken":0,"relics_obtained":["Bloody Idol"],"max_hp_gain":0,"max_hp_loss":0,"event_name":"Forgotten Altar","floor":30,"relics_lost":["Golden Idol"],"gold_loss":0},{"damage_healed":0,"gold_gain":0,"player_choice":"Fight","damage_taken":0,"max_hp_gain":0,"max_hp_loss":0,"event_name":"Mysterious Sphere","floor":36,"gold_loss":0},{"damage_healed":0,"gold_gain":0,"player_choice":"Ignored","damage_taken":0,"max_hp_gain":0,"max_hp_loss":0,"event_name":"NoteForYourself","floor":37,"gold_loss":0},{"damage_healed":0,"gold_gain":0,"player_choice":"Max HP","damage_taken":0,"max_hp_gain":0,"max_hp_loss":4,"event_name":"Winding Halls","floor":48,"gold_loss":0}],"is_beta":false,"boss_relics":[{"not_picked":["VioletLotus","SlaversCollar"],"picked":"Snecko Eye"},{"not_picked":["Astrolabe","Black Star"],"picked":"Cursed Key"}],"items_purged_floors":[8,47],"is_endless":false,"potions_floor_spawned":[1,13,14,20,33,36,39,42,44,45],"ascension_level":0}}