{"host":"4p8f8v7tnj1cel6f","time":1607741086,"event":{"mods":["BaseMod","Colored Map","DeckTracker","Keyboard Shortcuts","Minty Spire (QoL Compilation)","Quick Restart","StSLib","SuperFastMode"],"gold_per_floor":[109,109,59,59,73,102,117,117,117,117,16,16,16,29,29,126,126,146,157,9,9,19,19,45,57,69,95,22,34,46,85,97,207,219,244,306,318,346,377,389,418,459,526,538,585,421,421,144,144,144,144,144,144,170,170],"floor_reached":56,"playtime":2356,"items_purged":["Reprogram","Ball Lightning+1","Cold Snap"],"score":1637,"play_id":"6cdd8ef1-3221-4ed4-a8ab-92bcfb9239a2","local_time":"20201212114446","is_ascension_mode":true,"campfire_choices":[{"data":"Zap","floor":8.0,"key":"SMITH"},{"data":"Dualcast","floor":10.0,"key":"SMITH"},{"data":"Turbo","floor":12.0,"key":"SMITH"},{"data":"Ball Lightning","floor":15.0,"key":"SMITH"},{"data":"Biased Cognition","floor":23.0,"key":"SMITH"},{"floor":32.0,"key":"REST"},{"data":"Rainbow","floor":40.0,"key":"SMITH"},{"data":"Heatsinks","floor":44.0,"key":"SMITH"},{"data":"Darkness","floor":47.0,"key":"SMITH"},{"floor":49.0,"key":"RECALL"},{"data":"Steam Power","floor":52,"key":"SMITH"}],"circlet_count":0,"master_deck":["Zap+1","Dualcast+1","Genetic Algorithm","Steam Power+1","Turbo+1","Meteor Strike","Heatsinks+1","Biased Cognition+1","Darkness+1","Conserve Battery","Rainbow+1","Reinforced Body","Loop+1","Core Surge","Echo Form+1","Glacier","Self Repair+1","Coolheaded+1","Capacitor+1","Loop+1","Defragment+1","Amplify"],"relics":["Cracked Core","NeowsBlessing","Cables","Nunchaku","Pandora\u0027s Box","ClockworkSouvenir","MawBank","MutagenicStrength","Matryoshka","Mummified Hand","Juzu Bracelet","Frozen Egg 2","Anchor","Coffee Dripper","Dead Branch","Strawberry","Bottled Lightning","HornCleat","Blood Vial","Peace Pipe","Runic Capacitor","Kunai"],"acts_visited":["Exordium","TheCity","TheBeyond","TheEnding"],"potions_floor_usage":[55],"damage_taken":[{"damage":0.0,"enemies":"2 Louse","floor":1.0,"turns":1.0},{"damage":0.0,"enemies":"Small Slimes","floor":5.0,"turns":1.0},{"damage":0.0,"enemies":"3 Sentries","floor":6.0,"turns":1.0},{"damage":1.0,"enemies":"Cultist","floor":7.0,"turns":3.0},{"damage":17.0,"enemies":"Lots of Slimes","floor":14.0,"turns":3.0},{"damage":32.0,"enemies":"The Guardian","floor":16.0,"turns":10.0},{"damage":5.0,"enemies":"Chosen","floor":18.0,"turns":3.0},{"damage":1.0,"enemies":"Shell Parasite","floor":19.0,"turns":4.0},{"damage":18.0,"enemies":"Snake Plant","floor":22.0,"turns":4.0},{"damage":4.0,"enemies":"Gremlin Leader","floor":24.0,"turns":6.0},{"damage":14.0,"enemies":"Shelled Parasite and Fungi","floor":27.0,"turns":4.0},{"damage":20.0,"enemies":"Book of Stabbing","floor":31.0,"turns":4.0},{"damage":27.0,"enemies":"Collector","floor":33.0,"turns":7.0},{"damage":9.0,"enemies":"3 Darklings","floor":35.0,"turns":3.0},{"damage":0.0,"enemies":"Mind Bloom Boss Battle","floor":36.0,"turns":5.0},{"damage":0.0,"enemies":"Orb Walker","floor":38.0,"turns":2.0},{"damage":0.0,"enemies":"Spire Growth","floor":39.0,"turns":4.0},{"damage":12.0,"enemies":"4 Shapes","floor":41.0,"turns":4.0},{"damage":0.0,"enemies":"Nemesis","floor":42.0,"turns":5.0},{"damage":0.0,"enemies":"Giant Head","floor":45.0,"turns":7.0},{"damage":4,"enemies":"Time Eater","floor":50,"turns":10},{"damage":0,"enemies":"Shield and Spear","floor":54,"turns":5},{"damage":1,"enemies":"The Heart","floor":55,"turns":5}],"seed_played":"6729330449326918506","potions_obtained":[{"floor":1.0,"key":"Dexterity Potion"},{"floor":5.0,"key":"LiquidBronze"},{"floor":16.0,"key":"Explosive Potion"},{"floor":19.0,"key":"Dexterity Potion"},{"floor":39.0,"key":"Fire Potion"},{"floor":42.0,"key":"ColorlessPotion"}],"is_trial":false,"path_per_floor":["M","?","?","?","M","E","M","R","T","R","$","R","$","M","R","B",null,"M","M","$","?","M","R","E","?","T","M","?","?","T","E","R","B",null,"M","?","T","M","M","R","M","E","T","R","E","$","R","$","R","B",null,"R","$","E","B",null],"character_chosen":"DEFECT","items_purchased":["Turbo","ClockworkSouvenir","Defragment+1","Runic Capacitor"],"campfire_rested":1,"item_purchase_floors":[11,20,46,48],"current_hp_per_floor":[75,57,57,57,57,57,56,56,56,56,56,56,56,39,39,7,75,70,69,69,69,51,51,47,47,47,33,33,33,33,13,35,8,75,66,66,73,73,82,82,80,82,82,82,82,82,82,82,82,82,82,82,82,82,82],"gold":170,"neow_bonus":"THREE_ENEMY_KILL","is_daily":false,"chose_seed":false,"campfire_upgraded":9,"win_rate":0.0,"timestamp":1607741086,"path_taken":["M","?","?","?","?","E","?","R","T","R","$","R","$","M","R","BOSS","M","M","$","?","M","R","E","?","T","M","?","?","?","E","R","BOSS","M","?","?","M","M","R","M","E","T","R","E","$","R","$","R","BOSS","R","$","E","BOSS"],"items_purchased_type":["Card","Relic","Card","Relic"],"build_version":"2020-11-30","purchased_purges":3,"victory":true,"max_hp_per_floor":[75,75,75,75,75,75,75,75,75,75,75,75,75,75,75,75,75,75,75,75,75,75,75,75,75,75,75,75,75,75,75,75,75,75,75,75,82,82,82,82,82,82,82,82,82,82,82,82,82,82,82,82,82,82,82],"card_choices":[{"not_picked":["Streamline","Leap"],"picked":"Ball Lightning","floor":1.0},{"not_picked":["Go for the Eyes","Stack"],"picked":"Genetic Algorithm","floor":5.0},{"not_picked":["Barrage","Steam","Sweeping Beam"],"picked":"SKIP","floor":6.0},{"not_picked":["Gash","Storm"],"picked":"Steam Power","floor":7.0},{"not_picked":["Sweeping Beam","Turbo"],"picked":"Cold Snap","floor":14.0},{"not_picked":["Hyperbeam","Amplify"],"picked":"Meteor Strike","floor":16.0},{"not_picked":["Gash+1","Steam"],"picked":"Reinforced Body","floor":18.0},{"not_picked":["Conserve Battery+1","Sweeping Beam"],"picked":"Loop+1","floor":19.0},{"not_picked":["Gash+1","Leap","Streamline"],"picked":"SKIP","floor":22.0},{"not_picked":["Leap+1","Recycle","Machine Learning"],"picked":"SKIP","floor":24.0},{"not_picked":["Beam Cell","Rebound","Auto Shields+1"],"picked":"SKIP","floor":27.0},{"not_picked":["Go for the Eyes","Loop+1"],"picked":"Core Surge","floor":31.0},{"not_picked":["Rainbow","Thunder Strike"],"picked":"Echo Form+1","floor":33.0},{"not_picked":["Double Energy+1","Ball Lightning"],"picked":"Glacier","floor":35.0},{"not_picked":["BootSequence+1","Loop+1"],"picked":"Self Repair+1","floor":36.0},{"not_picked":["Force Field+1","Go for the Eyes"],"picked":"Coolheaded+1","floor":38.0},{"not_picked":["Beam Cell+1","Chaos+1"],"picked":"Capacitor+1","floor":39.0},{"not_picked":["White Noise+1","Rebound","Steam"],"picked":"SKIP","floor":41.0},{"not_picked":["Redo","Cold Snap+1"],"picked":"Loop+1","floor":42.0},{"not_picked":["Hologram","Force Field+1","Melter+1"],"picked":"SKIP","floor":45.0},{"not_picked":["Doom and Gloom+1","Go for the Eyes+1"],"picked":"Amplify","floor":54}],"player_experience":165739,"relics_obtained":[{"floor":6.0,"key":"Nunchaku"},{"floor":24.0,"key":"MawBank"},{"floor":26.0,"key":"Matryoshka"},{"floor":30.0,"key":"Juzu Bracelet"},{"floor":30.0,"key":"Frozen Egg 2"},{"floor":31.0,"key":"Anchor"},{"floor":36.0,"key":"Dead Branch"},{"floor":37.0,"key":"Strawberry"},{"floor":37.0,"key":"Bottled Lightning"},{"floor":42.0,"key":"HornCleat"},{"floor":43.0,"key":"Blood Vial"},{"floor":45.0,"key":"Peace Pipe"},{"floor":54,"key":"Kunai"}],"event_choices":[{"damage_healed":0.0,"max_hp_gain":0.0,"max_hp_loss":0.0,"gold_gain":0.0,"event_name":"Scrap Ooze","player_choice":"Success","floor":2.0,"gold_loss":0.0,"damage_taken":18.0,"relics_obtained":["Cables"]},{"cards_removed":["Strike_B"],"damage_healed":0.0,"max_hp_gain":0.0,"max_hp_loss":0.0,"gold_gain":0.0,"event_name":"The Cleric","player_choice":"Card Removal","floor":3.0,"gold_loss":50.0,"damage_taken":0.0},{"damage_healed":0.0,"max_hp_gain":0.0,"max_hp_loss":0.0,"gold_gain":0.0,"cards_transformed":["Strike_B"],"event_name":"Transmorgrifier","player_choice":"Transformed","floor":4.0,"gold_loss":0.0,"damage_taken":0.0,"cards_obtained":["Reprogram"]},{"damage_healed":0.0,"max_hp_gain":0.0,"max_hp_loss":0.0,"gold_gain":0.0,"event_name":"Vampires","player_choice":"Ignored","floor":21.0,"gold_loss":0.0,"damage_taken":0.0},{"damage_healed":0.0,"max_hp_gain":0.0,"max_hp_loss":0.0,"gold_gain":0.0,"event_name":"Drug Dealer","player_choice":"Inject Mutagens","floor":25.0,"gold_loss":0.0,"damage_taken":0.0,"relics_obtained":["MutagenicStrength"]},{"damage_healed":0.0,"max_hp_gain":0.0,"max_hp_loss":0.0,"gold_gain":0.0,"event_name":"Addict","player_choice":"Obtained Relic","floor":28.0,"gold_loss":85.0,"damage_taken":0.0,"relics_obtained":["Mummified Hand"]},{"cards_removed":["Darkness"],"damage_healed":0.0,"max_hp_gain":0.0,"max_hp_loss":0.0,"gold_gain":0.0,"event_name":"Back to Basics","player_choice":"Elegance","floor":29.0,"gold_loss":0.0,"damage_taken":0.0},{"damage_healed":0.0,"max_hp_gain":0.0,"max_hp_loss":0.0,"gold_gain":0.0,"event_name":"MindBloom","player_choice":"Fight","floor":36.0,"gold_loss":0.0,"damage_taken":0.0}],"is_beta":false,"boss_relics":[{"not_picked":["SacredBark","Astrolabe"],"picked":"Pandora\u0027s Box"},{"not_picked":["Black Star","Runic Pyramid"],"picked":"Coffee Dripper"}],"items_purged_floors":[11,46,48],"is_endless":false,"potions_floor_spawned":[1,5,16,19,22,39,42],"ascension_level":4}}