{"host":"2lo6hma6kymb0g9i","time":1607767405,"event":{"mods":["BaseMod","Colored Map","DeckTracker","Minty Spire (QoL Compilation)"],"gold_per_floor":[109,125,140,140,140,167,167,177,177,208,308,339,354,371,371,467,467,486,505,430,441,441,441,467,342,342,342,342,369,369,93,93,189,189,200,550,562,121,121,154,154,181,231,231,244,270,284,309,309,309,309],"floor_reached":50,"playtime":5267,"items_purged":["Strike_G","Strike_G","Defend_G"],"score":1217,"play_id":"25f1d6c7-2c41-4cef-9adf-7d1a443c400d","local_time":"20201212190325","is_ascension_mode":true,"campfire_choices":[{"data":"Apotheosis","floor":15,"key":"SMITH"},{"data":"Backstab","floor":23,"key":"SMITH"},{"data":"Tools of the Trade","floor":28,"key":"SMITH"},{"floor":32,"key":"REST"},{"floor":49,"key":"RECALL"}],"circlet_count":0,"master_deck":["Defend_G","Defend_G","Defend_G","Survivor","Neutralize","Apotheosis+1","Blade Dance","Escape Plan","All Out Attack+1","Distraction","Predator+1","Bouncing Flask","Backflip","Backstab+1","PiercingWail","Escape Plan","Tools of the Trade+1","Venomology","Escape Plan","Prepared+1","Distraction+1","Tactician","Tactician","Dagger Throw+1","Underhanded Strike+1","Masterful Stab+1","Finisher+1","Wraith Form v2","Tactician","Predator+1","Well Laid Plans","Dagger Throw+1","Shame","Concentrate+1","Backflip+1","Tactician","Leg Sweep+1"],"relics":["Ring of the Snake","Prayer Wheel","Mercury Hourglass","Gremlin Horn","Dead Branch","Cursed Key","Molten Egg 2","Anchor","TwistedFunnel","Coffee Dripper","Old Coin","CaptainsWheel","Bag of Marbles","Shuriken","Whetstone","Juzu Bracelet","HornCleat"],"acts_visited":["Exordium","TheCity","TheBeyond"],"potions_floor_usage":[6,19,29,36,42,45,46,50,50],"damage_taken":[{"damage":2,"enemies":"Small Slimes","floor":1,"turns":3},{"damage":0,"enemies":"2 Louse","floor":2,"turns":3},{"damage":0,"enemies":"Cultist","floor":3,"turns":3},{"damage":15,"enemies":"Lagavulin","floor":6,"turns":5},{"damage":1,"enemies":"Blue Slaver","floor":8,"turns":4},{"damage":12,"enemies":"Gremlin Nob","floor":10,"turns":3},{"damage":14,"enemies":"Lagavulin","floor":12,"turns":5},{"damage":0,"enemies":"Exordium Wildlife","floor":13,"turns":1},{"damage":0,"enemies":"Looter","floor":14,"turns":2},{"damage":0,"enemies":"Slime Boss","floor":16,"turns":4},{"damage":0,"enemies":"Spheric Guardian","floor":18,"turns":1},{"damage":2,"enemies":"Shell Parasite","floor":19,"turns":2},{"damage":6,"enemies":"Snake Plant","floor":21,"turns":3},{"damage":1,"enemies":"Slavers","floor":24,"turns":2},{"damage":0,"enemies":"Gremlin Leader","floor":29,"turns":3},{"damage":0,"enemies":"Collector","floor":33,"turns":3},{"damage":0,"enemies":"Orb Walker","floor":35,"turns":1},{"damage":0,"enemies":"Mind Bloom Boss Battle","floor":36,"turns":5},{"damage":0,"enemies":"3 Shapes","floor":37,"turns":2},{"damage":4,"enemies":"Reptomancer","floor":40,"turns":3},{"damage":12,"enemies":"Nemesis","floor":42,"turns":5},{"damage":22,"enemies":"Writhing Mass","floor":45,"turns":5},{"damage":0,"enemies":"Giant Head","floor":46,"turns":6},{"damage":0,"enemies":"Maw","floor":47,"turns":4},{"damage":0,"enemies":"Reptomancer","floor":48,"turns":3},{"damage":72,"enemies":"Time Eater","floor":50,"turns":8}],"seed_played":"-2387876620708435996","potions_obtained":[{"floor":2,"key":"FearPotion"},{"floor":10,"key":"Fire Potion"},{"floor":12,"key":"Explosive Potion"},{"floor":13,"key":"SkillPotion"},{"floor":21,"key":"FairyPotion"},{"floor":24,"key":"LiquidMemories"},{"floor":45,"key":"Poison Potion"}],"is_trial":false,"path_per_floor":["M","M","M","?","?","E","?","M","T","E","?","E","M","M","R","B",null,"M","M","$","M","?","R","E","$","T","?","R","E","?","$","R","B",null,"M","?","M","$","?","E","?","E","T","?","M","E","M","E","R","B"],"character_chosen":"THE_SILENT","items_purchased":["Underhanded Strike+1","TwistedFunnel","CaptainsWheel","Bag of Marbles"],"campfire_rested":1,"item_purchase_floors":[25,31,38,38],"current_hp_per_floor":[61,61,61,61,66,51,51,50,50,38,38,24,24,24,24,24,57,57,55,55,49,49,49,48,48,48,48,48,48,48,48,68,68,68,68,68,68,68,68,64,64,52,52,52,30,30,30,30,30,0,0],"gold":309,"neow_bonus":"RANDOM_COLORLESS_2","is_daily":false,"chose_seed":false,"campfire_upgraded":3,"win_rate":0.0,"timestamp":1607767405,"path_taken":["M","M","M","?","?","E","?","M","T","E","?","E","M","?","R","BOSS","M","M","$","M","?","R","E","$","T","?","R","E","?","?","R","BOSS","M","?","M","$","?","E","?","E","T","?","M","E","M","E","R","BOSS"],"items_purchased_type":["Card","Relic","Relic","Relic"],"build_version":"2020-11-30","purchased_purges":3,"victory":false,"max_hp_per_floor":[63,63,63,63,68,68,68,68,68,68,68,68,68,68,68,68,68,68,68,68,68,68,68,68,68,68,68,68,68,68,68,68,68,68,68,68,68,68,68,68,65,65,65,65,65,65,65,65,65,65,65],"card_choices":[{"not_picked":["Thinking Ahead","Panache"],"picked":"Apotheosis","floor":0},{"not_picked":["Outmaneuver","Dagger Spray"],"picked":"Blade Dance","floor":1},{"not_picked":["Dagger Throw","Poisoned Stab"],"picked":"Escape Plan","floor":2},{"not_picked":["Setup","PiercingWail"],"picked":"All Out Attack","floor":3},{"not_picked":["Prepared","Escape Plan"],"picked":"Predator","floor":6},{"not_picked":["Terror","Cloak And Dagger"],"picked":"Bouncing Flask","floor":8},{"not_picked":["Underhanded Strike","Poisoned Stab","Grand Finale"],"picked":"SKIP","floor":8},{"not_picked":["Terror","Dagger Spray","Bane"],"picked":"SKIP","floor":10},{"not_picked":["Doppelganger","Blade Dance"],"picked":"Backflip","floor":12},{"not_picked":["PiercingWail","Dodge and Roll"],"picked":"Backstab","floor":13},{"not_picked":["Cloak And Dagger","Bane"],"picked":"PiercingWail","floor":13},{"not_picked":["Setup","Backflip"],"picked":"Escape Plan","floor":14},{"not_picked":["Expertise","Blade Dance"],"picked":"Tools of the Trade","floor":14},{"not_picked":["Night Terror","Envenom"],"picked":"Venomology","floor":16},{"not_picked":["Dagger Throw+1","Cloak And Dagger"],"picked":"Escape Plan","floor":18},{"not_picked":["Dagger Throw","Blade Dance","Bouncing Flask"],"picked":"SKIP","floor":18},{"not_picked":["PiercingWail","Endless Agony"],"picked":"Prepared+1","floor":19},{"not_picked":["Dagger Spray","Sucker Punch"],"picked":"Distraction+1","floor":19},{"not_picked":["Dagger Spray","Acrobatics"],"picked":"Tactician","floor":21},{"not_picked":["PiercingWail","Footwork"],"picked":"Tactician","floor":21},{"not_picked":["Footwork+1","Blade Dance"],"picked":"Dagger Throw+1","floor":24},{"not_picked":["Dagger Spray+1","Bouncing Flask","Footwork"],"picked":"SKIP","floor":29},{"not_picked":["Envenom","Doppelganger"],"picked":"Wraith Form v2","floor":33},{"not_picked":["Poisoned Stab+1","Flying Knee+1"],"picked":"Tactician","floor":35},{"not_picked":["Deflect","Dagger Spray+1","Slice+1"],"picked":"SKIP","floor":35},{"not_picked":["Catalyst","Backflip+1"],"picked":"Predator+1","floor":36},{"not_picked":["Prepared","Footwork"],"picked":"Well Laid Plans","floor":37},{"not_picked":["Dagger Spray+1","Bane+1","Crippling Poison+1"],"picked":"SKIP","floor":37},{"not_picked":["Outmaneuver","Footwork"],"picked":"Dagger Throw+1","floor":40},{"not_picked":["Die Die Die+1","Setup","Outmaneuver"],"picked":"SKIP","floor":42},{"not_picked":["Blade Dance+1","Slice+1"],"picked":"Concentrate+1","floor":45},{"not_picked":["Cloak And Dagger","Poisoned Stab+1","Dagger Spray+1"],"picked":"SKIP","floor":45},{"not_picked":["Dagger Throw+1","Deflect"],"picked":"Backflip+1","floor":46},{"not_picked":["All Out Attack+1","Deflect+1"],"picked":"Tactician","floor":47},{"not_picked":["Caltrops","Outmaneuver","Bane+1"],"picked":"SKIP","floor":47},{"not_picked":["Finisher+1","Dagger Spray+1"],"picked":"Leg Sweep+1","floor":48}],"player_experience":775708,"relics_obtained":[{"floor":6,"key":"Prayer Wheel"},{"floor":9,"key":"Mercury Hourglass"},{"floor":10,"key":"Gremlin Horn"},{"floor":12,"key":"Dead Branch"},{"floor":24,"key":"Molten Egg 2"},{"floor":29,"key":"Anchor"},{"floor":36,"key":"Old Coin"},{"floor":40,"key":"Shuriken"},{"floor":42,"key":"Whetstone"},{"floor":46,"key":"Juzu Bracelet"},{"floor":48,"key":"HornCleat"}],"event_choices":[{"damage_healed":0,"gold_gain":0,"cards_transformed":["Strike_G"],"player_choice":"Change","damage_taken":0,"max_hp_gain":0,"max_hp_loss":0,"event_name":"Living Wall","floor":4,"gold_loss":0,"cards_obtained":["Distraction"]},{"damage_healed":0,"gold_gain":0,"player_choice":"Donut","damage_taken":0,"max_hp_gain":5,"max_hp_loss":0,"event_name":"Big Fish","floor":5,"gold_loss":0},{"damage_healed":0,"gold_gain":0,"player_choice":"Ignored","damage_taken":0,"max_hp_gain":0,"max_hp_loss":0,"event_name":"Liars Game","floor":7,"gold_loss":0},{"damage_healed":0,"gold_gain":100,"player_choice":"Pray","damage_taken":0,"max_hp_gain":0,"max_hp_loss":0,"event_name":"Golden Shrine","floor":11,"gold_loss":0},{"damage_healed":0,"gold_gain":0,"player_choice":"Ignored","damage_taken":0,"max_hp_gain":0,"max_hp_loss":0,"event_name":"The Mausoleum","floor":22,"gold_loss":0},{"damage_healed":0,"gold_gain":0,"player_choice":"Ignored","damage_taken":0,"max_hp_gain":0,"max_hp_loss":0,"event_name":"Ghosts","floor":27,"gold_loss":0},{"damage_healed":0,"gold_gain":0,"cards_transformed":["Strike_G","Strike_G"],"player_choice":"Became Test Subject","damage_taken":0,"max_hp_gain":0,"max_hp_loss":0,"event_name":"Drug Dealer","floor":30,"gold_loss":0,"cards_obtained":["Masterful Stab","Finisher"]},{"damage_healed":0,"gold_gain":0,"player_choice":"Fight","damage_taken":0,"max_hp_gain":0,"max_hp_loss":0,"event_name":"MindBloom","floor":36,"gold_loss":0},{"cards_removed":["Defend_G"],"damage_healed":0,"gold_gain":0,"player_choice":"Removed Skill","damage_taken":0,"max_hp_gain":0,"max_hp_loss":0,"event_name":"Falling","floor":39,"gold_loss":0},{"damage_healed":0,"gold_gain":0,"player_choice":"Max HP","damage_taken":0,"max_hp_gain":0,"max_hp_loss":3,"event_name":"Winding Halls","floor":41,"gold_loss":0},{"damage_healed":0,"gold_gain":0,"player_choice":"Ignored","damage_taken":0,"max_hp_gain":0,"max_hp_loss":0,"event_name":"Tomb of Lord Red Mask","floor":44,"gold_loss":0}],"is_beta":false,"boss_relics":[{"not_picked":["Philosopher\u0027s Stone","Ectoplasm"],"picked":"Cursed Key"},{"not_picked":["Tiny House","Empty Cage"],"picked":"Coffee Dripper"}],"items_purged_floors":[20,25,31],"is_endless":false,"potions_floor_spawned":[2,10,12,13,14,16,21,24,33,35,45,46],"killed_by":"Time Eater","ascension_level":8}}