{"host":"9s5pd4ub2gisjqzu","time":1607787485,"event":{"mods":["2.2 Compatiblity","BaseMod","Better Synergies","Downfall","Googly Eyes","Minty Spire (QoL Compilation)","Replay The Spire","Spicy Shops","StSLib"],"gold_per_floor":[110,121,121,136,136,136,152,169,217,217,217,234,246,246,246,349,349,363,382,395,83,83,83,83,83,107,121,140,155,165,178,178,275,275,289,216,116,128,128,128,128,143,143,143,143,163,163,181,181,278,278,296,201,221,145,165,165,165,165,165,165,178,178,196,230,230,327,327,344,364,376,396,412,412,412,412,412,412,257,274,274,292,292,390,390,409,409,422,434,451,451,463,314,314,314,327,327,327,184,184,281,281,296,296,122,137,137,137,137,137,164,164,182,182,182,217,217,321,371,385,403,413,432,449,449,449,449,473,506,518,42,59,76,76,180,180,193,209,222,242,259,259,259,259,308,120,140,167,167,193,193,294,294,306,156,172,172,186,186],"floor_reached":158,"playtime":46976,"items_purged":[],"score":3756,"play_id":"8c5160d5-f7e1-4118-b877-832cc3612247","local_time":"20201212093805","daily_mods":["Hoarder","Vintage","Heirloom","Time Dilation","Flight","Binary"],"is_ascension_mode":false,"campfire_choices":[{"data":"Defend_R","floor":6.0,"key":"SMITH"},{"data":"Bash","floor":10.0,"key":"SMITH"},{"floor":15.0,"key":"REST"},{"data":"Metallicize","floor":23.0,"key":"SMITH"},{"data":"Metallicize","floor":24.0,"key":"SMITH"},{"data":"Metallicize","floor":25.0,"key":"SMITH"},{"data":"Strike_R+1","floor":32.0,"key":"SMITH"},{"data":"Strike_R+2","floor":40.0,"key":"SMITH"},{"data":"Strike_R+3","floor":41.0,"key":"SMITH"},{"data":"Strike_R+4","floor":44.0,"key":"SMITH"},{"data":"Strike_R+5","floor":45.0,"key":"SMITH"},{"data":"Strike_R+6","floor":47.0,"key":"SMITH"},{"data":"Strike_R+7","floor":47.0,"key":"SMITH"},{"data":"Strike_R+8","floor":49.0,"key":"SMITH"},{"data":"Strike_R+9","floor":49.0,"key":"SMITH"},{"data":"Dual Wield","floor":57.0,"key":"PURGE"},{"data":"Defend_R","floor":58.0,"key":"PURGE"},{"data":"Dual Wield","floor":59.0,"key":"PURGE"},{"data":"Defend_R+1","floor":61.0,"key":"PURGE"},{"data":"Strike_R+1","floor":63.0,"key":"PURGE"},{"data":"Dual Wield","floor":66.0,"key":"PURGE"},{"data":"Defend_R+1","floor":74.0,"key":"PURGE"},{"data":"Strike_R+1","floor":75.0,"key":"PURGE"},{"data":"Defend_R+1","floor":76.0,"key":"SMITH"},{"data":"Defend_R+2","floor":76.0,"key":"SMITH"},{"data":"Defend_R+3","floor":78.0,"key":"SMITH"},{"data":"Defend_R+4","floor":78.0,"key":"SMITH"},{"data":"Defend_R+5","floor":83.0,"key":"SMITH"},{"data":"Defend_R+6","floor":83.0,"key":"SMITH"},{"data":"Strike_R+10","floor":91.0,"key":"SMITH"},{"data":"Defend_R+7","floor":91.0,"key":"SMITH"},{"data":"Defend_R+8","floor":95.0,"key":"SMITH"},{"data":"Defend_R+9","floor":95.0,"key":"SMITH"},{"data":"Defend_R+10","floor":97.0,"key":"SMITH"},{"data":"Strike_R+11","floor":97.0,"key":"SMITH"},{"data":"Defend_R+11","floor":98.0,"key":"SMITH"},{"data":"Strike_R+12","floor":98.0,"key":"SMITH"},{"data":"Defend_R+12","floor":100.0,"key":"SMITH"},{"data":"Strike_R+13","floor":100.0,"key":"SMITH"},{"data":"Pot Of Greed","floor":108.0,"key":"PURGE"},{"data":"Pot Of Greed","floor":109.0,"key":"PURGE"},{"data":"Pot Of Greed","floor":110.0,"key":"PURGE"},{"data":"Defend_R+13","floor":112.0,"key":"SMITH"},{"data":"Strike_R+14","floor":112.0,"key":"SMITH"},{"data":"Defend_R+14","floor":114.0,"key":"SMITH"},{"data":"Strike_R+15","floor":114.0,"key":"SMITH"},{"data":"Defend_R+15","floor":115.0,"key":"SMITH"},{"data":"Strike_R+16","floor":115.0,"key":"SMITH"},{"data":"Defend_R+16","floor":117.0,"key":"SMITH"},{"data":"Strike_R+17","floor":117.0,"key":"SMITH"},{"data":"Defend_R+17","floor":125.0,"key":"SMITH"},{"data":"Defend_R+18","floor":125.0,"key":"SMITH"},{"data":"Defend_R+19","floor":126.0,"key":"SMITH"},{"data":"Strike_R+19","floor":126.0,"key":"SMITH"},{"data":"Defend_R+20","floor":127.0,"key":"SMITH"},{"data":"Strike_R+20","floor":127.0,"key":"SMITH"},{"data":"Strike_R+21","floor":134.0,"key":"SMITH"},{"data":"Strike_R+22","floor":134.0,"key":"SMITH"},{"data":"Strike_R+23","floor":142.0,"key":"SMITH"},{"data":"Strike_R+24","floor":142.0,"key":"SMITH"},{"data":"Strike_R+25","floor":143.0,"key":"SMITH"},{"data":"Strike_R+26","floor":143.0,"key":"SMITH"},{"data":"Strike_R+27","floor":144.0,"key":"SMITH"},{"data":"Strike_R+28","floor":144.0,"key":"SMITH"},{"data":"Strike_R+29","floor":149.0,"key":"SMITH"},{"data":"Strike_R+30","floor":149.0,"key":"SMITH"},{"data":"Strike_R+31","floor":151.0,"key":"SMITH"},{"data":"Strike_R+32","floor":151.0,"key":"SMITH"}],"circlet_count":1,"master_deck":["Strike_R+1","Defend_R+1","Metallicize+1","Metallicize+1","Metallicize+1"],"relics":["Unceasing Top","Busted Crown","Replay:Towering Pillar of Hats","Matryoshka","Whetstone","Guardian:GemstoneGun","Happy Flower","HornCleat","War Paint","King of Hearts","Gremlin Food","Replay:Mystery Machine","Strawberry","sneckomod:BlankCard","Garlic","Orichalcum","Ancient Tea Set","PreservedInsect","Replay:Baseball","Shovel","Simple Rune","Bag of Preparation","Regal Pillow","sneckomod:SneckoTalon","Turnip","Bronze Scales","ReplayTheSpireMod:Ninjato","Iron Hammer","Letter Opener","Replay:Arrowhead","Replay:Drink Me","Durian","Peace Pipe","Replay:Bottled Steam","Akabeko","Anchor","Torii","Nunchaku","Replay:PocketPolymizer","Replay:Bottled Snecko","Black Star","hexamod:BolsterEngine","Mercury Hourglass","Replay:Wax Seal","Mummified Hand","Singing Bowl","Juzu Bracelet","Nloth\u0027s Gift","CeramicFish","Replay:Bronze Core","Blue Doll","Sundial","Ice Cream","ReplayFunnel","Toy Ornithopter","Bag of Marbles","Centennial Puzzle","Blue Candle","Lantern","SlaversCollar","Pear","Membership Card","Grinning Jar","Question Card","MealTicket","Guardian:PocketSentry","Self Forming Clay","Onion Ring","Tiny House","Potion Belt","Boot","Replay:Accelerometer","Divine Protection","Blood Vial","ReplayTheSpireMod:Lightbulb","Omamori","Lee\u0027s Waffle","Frozen Egg 2","Replay:Bottled Eggs","Counterbalance","Toxic Egg 2","Replay:Rubber Ducky","Runic Pyramid","Red Skull","ReplayTheSpireMod:Spearhead","InkBottle","Quantum Egg","Replay:Bottled Flurry","Paper Frog","White Beast Statue","Meat on the Bone","Pantograph","Circlet","Another Sword","Ornamental Fan","SacredBark","Bird Faced Urn","FossilizedHelix","Mirror"],"acts_visited":["Exordium","TheCity","TheBeyond","Exordium","TheCity","TheBeyond","Exordium","TheCity","TheBeyond","Exordium"],"potions_floor_usage":[],"damage_taken":[{"damage":1.0,"enemies":"2 Louse","floor":1.0,"turns":2.0},{"damage":0.0,"enemies":"Cultist","floor":2.0,"turns":2.0},{"damage":6.0,"enemies":"Jaw Worm","floor":4.0,"turns":2.0},{"damage":2.0,"enemies":"Looter","floor":7.0,"turns":2.0},{"damage":0.0,"enemies":"2 Fungi Beasts","floor":8.0,"turns":2.0},{"damage":0.0,"enemies":"Blue Slaver","floor":12.0,"turns":2.0},{"damage":8.0,"enemies":"Exordium Wildlife","floor":13.0,"turns":4.0},{"damage":12.0,"enemies":"Slime Boss","floor":16.0,"turns":9.0},{"damage":1.0,"enemies":"3 Byrds","floor":18.0,"turns":7.0},{"damage":4.0,"enemies":"Shell Parasite","floor":19.0,"turns":4.0},{"damage":16.0,"enemies":"Snecko","floor":20.0,"turns":5.0},{"damage":0.0,"enemies":"Snake Plant","floor":27.0,"turns":5.0},{"damage":0.0,"enemies":"Centurion and Healer","floor":28.0,"turns":6.0},{"damage":0.0,"enemies":"Shelled Parasite and Fungi","floor":29.0,"turns":5.0},{"damage":0.0,"enemies":"Snake Plant","floor":30.0,"turns":5.0},{"damage":0.0,"enemies":"Sentry and Sphere","floor":31.0,"turns":7.0},{"damage":37.0,"enemies":"Pondfish","floor":33.0,"turns":19.0},{"damage":0.0,"enemies":"3 Darklings","floor":35.0,"turns":4.0},{"damage":0.0,"enemies":"Orb Walker","floor":38.0,"turns":4.0},{"damage":0.0,"enemies":"Maw","floor":42.0,"turns":5.0},{"damage":0.0,"enemies":"Writhing Mass","floor":46.0,"turns":1.0},{"damage":0.0,"enemies":"Sphere and 2 Shapes","floor":48.0,"turns":2.0},{"damage":0.0,"enemies":"Replay:Hell Engine","floor":50.0,"turns":5.0},{"damage":0.0,"enemies":"2 Louse","floor":52.0,"turns":2.0},{"damage":0.0,"enemies":"Small Slimes","floor":54.0,"turns":3.0},{"damage":0.0,"enemies":"Jaw Worm","floor":56.0,"turns":1.0},{"damage":0.0,"enemies":"Exordium Thugs","floor":62.0,"turns":1.0},{"damage":0.0,"enemies":"3 Louse","floor":64.0,"turns":2.0},{"damage":0.0,"enemies":"3 Sentries","floor":65.0,"turns":1.0},{"damage":0.0,"enemies":"Slime Boss","floor":67.0,"turns":1.0},{"damage":0.0,"enemies":"Shell Parasite","floor":69.0,"turns":1.0},{"damage":0.0,"enemies":"3 Byrds","floor":70.0,"turns":3.0},{"damage":0.0,"enemies":"Snake Plant","floor":71.0,"turns":1.0},{"damage":0.0,"enemies":"Sentry and Sphere","floor":72.0,"turns":2.0},{"damage":0.0,"enemies":"Centurion and Healer","floor":73.0,"turns":1.0},{"damage":0.0,"enemies":"Snecko","floor":80.0,"turns":1.0},{"damage":0.0,"enemies":"Sentry and Sphere","floor":82.0,"turns":2.0},{"damage":0.0,"enemies":"Collector","floor":84.0,"turns":1.0},{"damage":0.0,"enemies":"3 Darklings","floor":86.0,"turns":1.0},{"damage":0.0,"enemies":"3 Shapes","floor":88.0,"turns":1.0},{"damage":0.0,"enemies":"Maw","floor":89.0,"turns":1.0},{"damage":0.0,"enemies":"4 Shapes","floor":90.0,"turns":1.0},{"damage":0.0,"enemies":"Sphere and 2 Shapes","floor":92.0,"turns":1.0},{"damage":0.0,"enemies":"Writhing Mass","floor":96.0,"turns":1.0},{"damage":0.0,"enemies":"Replay:Hell Engine","floor":101.0,"turns":1.0},{"damage":0.0,"enemies":"Cultist","floor":103.0,"turns":1.0},{"damage":0.0,"enemies":"2 Louse","floor":106.0,"turns":1.0},{"damage":0.0,"enemies":"Jaw Worm","floor":113.0,"turns":1.0},{"damage":0.0,"enemies":"3 Sentries","floor":116.0,"turns":1.0},{"damage":0.0,"enemies":"The Guardian","floor":118.0,"turns":1.0},{"damage":0.0,"enemies":"Spheric Guardian","floor":120.0,"turns":1.0},{"damage":0.0,"enemies":"3 Byrds","floor":121.0,"turns":1.0},{"damage":0.0,"enemies":"Shelled Parasite and Fungi","floor":122.0,"turns":1.0},{"damage":0.0,"enemies":"Chosen and Byrds","floor":123.0,"turns":1.0},{"damage":0.0,"enemies":"Centurion and Healer","floor":124.0,"turns":1.0},{"damage":0.0,"enemies":"Book of Stabbing","floor":129.0,"turns":1.0},{"damage":0.0,"enemies":"Snecko","floor":130.0,"turns":1.0},{"damage":0.0,"enemies":"Chosen and Byrds","floor":132.0,"turns":1.0},{"damage":0.0,"enemies":"Centurion and Healer","floor":133.0,"turns":1.0},{"damage":0.0,"enemies":"Pondfish","floor":135.0,"turns":2.0},{"damage":0.0,"enemies":"3 Darklings","floor":137.0,"turns":1.0},{"damage":0.0,"enemies":"Orb Walker","floor":138.0,"turns":1.0},{"damage":0.0,"enemies":"Spire Growth","floor":139.0,"turns":1.0},{"damage":0.0,"enemies":"Writhing Mass","floor":140.0,"turns":1.0},{"damage":0.0,"enemies":"4 Shapes","floor":141.0,"turns":1.0},{"damage":0.0,"enemies":"Sphere and 2 Shapes","floor":147.0,"turns":1.0},{"damage":0.0,"enemies":"R_Hoarder","floor":148.0,"turns":1.0},{"damage":0.0,"enemies":"Reptomancer","floor":150.0,"turns":1.0},{"damage":0.0,"enemies":"Time Eater","floor":152.0,"turns":1.0},{"damage":0.0,"enemies":"Jaw Worm","floor":154.0,"turns":1.0},{"damage":0,"enemies":"Small Slimes","floor":156,"turns":1},{"damage":0,"enemies":"Cultist","floor":158,"turns":1}],"seed_played":"-8365947278918714839","potions_obtained":[{"floor":4.0,"key":"Weak Potion"},{"floor":12.0,"key":"ColorlessPotion"},{"floor":13.0,"key":"EssenceOfSteel"},{"floor":16.0,"key":"SteroidPotion"},{"floor":19.0,"key":"Explosive Potion"},{"floor":29.0,"key":"BloodPotion"},{"floor":33.0,"key":"FairyPotion"},{"floor":120.0,"key":"AttackPotion"},{"floor":123.0,"key":"Fruit Juice"},{"floor":147.0,"key":"Dexterity Potion"},{"floor":148.0,"key":"Fruit Juice"},{"floor":152.0,"key":"Dexterity Potion"},{"floor":156,"key":"DuplicationPotion"}],"is_trial":true,"path_per_floor":["M","M","$","M","$","R","M","M","T","R","$","M","M","?","R","B",null,"M","M","M","$","$","R","R","R","T","M","M","M","M","M","R","B",null,"M","$","$","M","$","R","R","M","T","R","R","M","R","M","R","B",null,"M","$","M","$","M","R","R","R","T","R","M","R","M","E","R","B",null,"M","M","M","M","M","R","R","R","T","R","$","M","?","M","R","B",null,"M","$","M","M","M","R","M","$","T","R","M","R","R","$","R","B",null,"M","$","$","M","$","R","R","R","T","R","M","R","R","E","R","B",null,"M","M","M","M","M","R","R","R","T","E","M","$","M","M","R","B",null,"M","M","M","M","M","R","R","R","T","$","M","E","R","E","R","B",null,"M","$","M","?","M"],"character_chosen":"IRONCLAD","items_purchased":["Metallicize","FairyPotion","Bronze Scales","Dual Wield","Peace Pipe","Akabeko","Juzu Bracelet","Bag of Marbles","Lantern","Membership Card","Grinning Jar","Lee\u0027s Waffle","Frozen Egg 2","Replay:Bottled Eggs","Counterbalance","Paper Frog","White Beast Statue","FossilizedHelix"],"campfire_rested":1,"item_purchase_floors":[21,21,36,37,53,55,79,93,99,105,105,131,131,131,131,146,146,155],"current_hp_per_floor":[79,79,79,73,73,73,71,71,71,71,71,71,63,70,87,75,87,86,82,66,66,66,66,66,66,66,66,66,66,66,66,66,46,87,87,87,87,87,87,87,87,87,87,87,87,87,87,87,87,87,66,71,71,71,71,71,71,71,71,71,71,71,71,71,71,71,71,71,71,71,71,71,71,71,71,71,71,71,71,71,71,71,71,71,71,71,71,71,71,71,71,71,71,71,71,71,71,71,71,71,71,71,81,81,81,81,81,81,81,81,81,81,81,81,81,83,83,85,92,92,92,92,97,97,97,97,97,97,99,99,106,106,106,106,108,108,108,108,108,108,108,108,108,108,108,108,108,115,115,117,117,119,119,119,119,119,119,119,119],"gold":186,"neow_bonus":"","is_daily":false,"chose_seed":false,"campfire_upgraded":56,"win_rate":0.0,"timestamp":1607787485,"path_taken":["M","M","$","M","$","R","M","M","T","R","$","M","M","?","R","BOSS","M","M","M","$","$","R","R","R","T","M","M","M","M","M","R","BOSS","M","$","$","M","$","R","R","M","T","R","R","M","R","M","R","BOSS","M","$","M","$","M","R","R","R","T","R","M","R","M","E","R","BOSS","M","M","M","M","M","R","R","R","T","R","$","M","?","M","R","BOSS","M","$","M","M","M","R","M","$","T","R","M","R","R","$","R","BOSS","M","$","$","M","$","R","R","R","T","R","M","R","R","E","R","BOSS","M","M","M","M","M","R","R","R","T","E","M","$","M","M","R","BOSS","M","M","M","M","M","R","R","R","T","$","M","E","R","E","R","BOSS","M","$","M","?","M"],"items_purchased_type":["Card","Potion","Relic","Card","Relic","Relic","Relic","Relic","Relic","Relic","Relic","Relic","Relic","Relic","Relic","Relic","Relic","Relic"],"build_version":"2020-11-30","purchased_purges":0,"victory":false,"max_hp_per_floor":[80,80,80,80,80,80,80,80,80,80,80,80,80,87,87,87,87,87,87,87,87,87,87,87,87,87,87,87,87,87,87,87,87,87,87,87,87,87,87,87,87,87,87,87,87,87,87,87,87,87,66,71,71,71,71,71,71,71,71,71,71,71,71,71,71,71,71,71,71,71,71,71,71,71,71,71,71,71,71,71,71,71,71,71,71,71,71,71,71,71,71,71,71,71,71,71,71,71,71,71,71,71,81,81,81,81,81,81,81,81,81,81,81,81,81,83,83,85,92,92,92,92,97,97,97,97,97,97,99,99,106,106,106,106,108,108,108,108,108,108,108,108,108,108,108,108,108,115,115,117,117,119,119,119,119,119,119,119,119],"card_choices":[{"not_picked":["Massacre"],"picked":"Singing Bowl","floor":116.0},{"not_picked":["Bludgeon"],"picked":"Singing Bowl","floor":118.0},{"not_picked":["Clash"],"picked":"Singing Bowl","floor":119.0},{"not_picked":["Berserk"],"picked":"Singing Bowl","floor":129.0},{"not_picked":["Exhume+1"],"picked":"Singing Bowl","floor":135.0},{"not_picked":["Double Tap+1"],"picked":"Singing Bowl","floor":148.0},{"not_picked":["Sword Boomerang"],"picked":"Singing Bowl","floor":150.0},{"not_picked":["Juggernaut+1"],"picked":"Singing Bowl","floor":152.0}],"player_experience":234209,"relics_obtained":[{"floor":1.0,"key":"Matryoshka"},{"floor":2.0,"key":"Whetstone"},{"floor":4.0,"key":"Guardian:GemstoneGun"},{"floor":7.0,"key":"Happy Flower"},{"floor":8.0,"key":"HornCleat"},{"floor":9.0,"key":"War Paint"},{"floor":9.0,"key":"King of Hearts"},{"floor":12.0,"key":"Gremlin Food"},{"floor":13.0,"key":"Replay:Mystery Machine"},{"floor":18.0,"key":"sneckomod:BlankCard"},{"floor":19.0,"key":"Garlic"},{"floor":20.0,"key":"Orichalcum"},{"floor":26.0,"key":"Ancient Tea Set"},{"floor":26.0,"key":"PreservedInsect"},{"floor":27.0,"key":"Replay:Baseball"},{"floor":28.0,"key":"Shovel"},{"floor":29.0,"key":"Simple Rune"},{"floor":30.0,"key":"Bag of Preparation"},{"floor":31.0,"key":"Regal Pillow"},{"floor":35.0,"key":"Turnip"},{"floor":38.0,"key":"ReplayTheSpireMod:Ninjato"},{"floor":42.0,"key":"Iron Hammer"},{"floor":43.0,"key":"Letter Opener"},{"floor":46.0,"key":"Replay:Arrowhead"},{"floor":48.0,"key":"Snack Pack"},{"floor":52.0,"key":"Durian"},{"floor":54.0,"key":"Replay:Bottled Steam"},{"floor":56.0,"key":"Anchor"},{"floor":60.0,"key":"Torii"},{"floor":62.0,"key":"Nunchaku"},{"floor":64.0,"key":"Replay:PocketPolymizer"},{"floor":65.0,"key":"Replay:Bottled Snecko"},{"floor":69.0,"key":"hexamod:BolsterEngine"},{"floor":70.0,"key":"Mercury Hourglass"},{"floor":71.0,"key":"Replay:Wax Seal"},{"floor":72.0,"key":"Mummified Hand"},{"floor":73.0,"key":"ReplayTheSpireMod:TigerMarble"},{"floor":77.0,"key":"Singing Bowl"},{"floor":82.0,"key":"CeramicFish"},{"floor":86.0,"key":"Blue Doll"},{"floor":88.0,"key":"Sundial"},{"floor":89.0,"key":"Ice Cream"},{"floor":90.0,"key":"ReplayFunnel"},{"floor":92.0,"key":"Toy Ornithopter"},{"floor":94.0,"key":"Centennial Puzzle"},{"floor":96.0,"key":"Blue Candle"},{"floor":103.0,"key":"Pear"},{"floor":106.0,"key":"Question Card"},{"floor":111.0,"key":"MealTicket"},{"floor":113.0,"key":"Guardian:PocketSentry"},{"floor":116.0,"key":"Self Forming Clay"},{"floor":116.0,"key":"Onion Ring"},{"floor":120.0,"key":"Potion Belt"},{"floor":121.0,"key":"Boot"},{"floor":122.0,"key":"Replay:Accelerometer"},{"floor":123.0,"key":"Divine Protection"},{"floor":128.0,"key":"Blood Vial"},{"floor":129.0,"key":"ReplayTheSpireMod:Lightbulb"},{"floor":130.0,"key":"Omamori"},{"floor":132.0,"key":"Toxic Egg 2"},{"floor":133.0,"key":"Replay:Rubber Ducky"},{"floor":137.0,"key":"Red Skull"},{"floor":138.0,"key":"ReplayTheSpireMod:Spearhead"},{"floor":140.0,"key":"InkBottle"},{"floor":141.0,"key":"Quantum Egg"},{"floor":145.0,"key":"Replay:Bottled Flurry"},{"floor":147.0,"key":"Meat on the Bone"},{"floor":148.0,"key":"Pantograph"},{"floor":148.0,"key":"Dead Branch"},{"floor":150.0,"key":"Another Sword"},{"floor":150.0,"key":"Ornamental Fan"},{"floor":154.0,"key":"Bird Faced Urn"},{"floor":158,"key":"Mirror"}],"event_choices":[{"damage_healed":0.0,"max_hp_gain":0.0,"max_hp_loss":0.0,"gold_gain":0.0,"event_name":"WeMeetAgain","player_choice":"Gave Potion","floor":14.0,"gold_loss":0.0,"damage_taken":0.0,"relics_obtained":["Strawberry"]},{"damage_healed":0.0,"max_hp_gain":0.0,"max_hp_loss":0.0,"gold_gain":0.0,"event_name":"N\u0027loth","player_choice":"Traded Relic","floor":81.0,"relics_lost":["Snack Pack"],"gold_loss":0.0,"damage_taken":0.0,"relics_obtained":["Nloth\u0027s Gift"]}],"is_beta":false,"boss_relics":[{"not_picked":["Snecko Heart","Ooze Armor","Kintsugi"]},{"not_picked":["Black Star","Mark of Pain"],"picked":"sneckomod:SneckoTalon"},{"not_picked":["Astrolabe","Sozu"],"picked":"Replay:Drink Me"},{"not_picked":["Fusion Hammer","Coffee Dripper"],"picked":"Black Star"},{"not_picked":["Calling Bell","SacredBark"],"picked":"Replay:Bronze Core"},{"not_picked":["Honey Jar","expansioncontent:StudyCardRelic"],"picked":"SlaversCollar"},{"not_picked":["ReplayTheSpireMod:DimensionalGlitch","Calling Bell"],"picked":"Tiny House"},{"not_picked":["Snecko Eye","Empty Cage"],"picked":"Runic Pyramid"},{"not_picked":["Pandora\u0027s Box","ChewingGum"],"picked":"SacredBark"}],"items_purged_floors":[],"is_endless":true,"potions_floor_spawned":[4,12,13,16,19,28,29,30,31,33,46,54,56,67,69,72,82,90,92,96,116,120,123,124,129,135,137,139,140,147,148,150,152,154,156,158],"killed_by":"Cultist","ascension_level":0}}