{"host":"3c27c697js19kaoo","time":1607775027,"event":{"mods":["BaseMod","Dota2Spire","Minty Spire (QoL Compilation)","Quick Restart","Reimu£®≤©¿ˆ¡È√Œ£©","Remilia£®¿Ÿ√◊¿Ú—«£©","Replay The Spire","StSLib","The Cursed","The Gatherer","The Servant 0.9.4","°æ“≈ŒÔø®≈∆°øREMEMod"],"gold_per_floor":[114,94,17,33,45,80,80,93,174,200,200,200],"floor_reached":11,"playtime":697,"items_purged":[],"score":73,"play_id":"750817c4-0e95-4f9f-9019-2d71485602e3","local_time":"20201212201027","is_ascension_mode":false,"campfire_choices":[{"floor":7,"key":"REST"}],"circlet_count":0,"master_deck":["Strike_Lin:ReiMu","Strike_Lin:ReiMu","Strike_Lin:ReiMu","Strike_Lin:ReiMu","Defend_Lin:ReiMu","Defend_Lin:ReiMu","Defend_Lin:ReiMu","Defend_Lin:ReiMu","NB:ReiMu","Stagnation:ReiMu","Creative AI","AirStrike:ReiMu","OctopathBindingBorder2:ReiMu","AirStrike:ReiMu","Amulet:ReiMu","CareerPray:ReiMu","Gathering:ReiMu"],"relics":["FlyPower:ReiMu","REME_ComplimentaryCards","NeowsBlessing","Girya","Mirror","Odd Mushroom"],"acts_visited":["Exordium"],"potions_floor_usage":[6,11],"damage_taken":[{"damage":0,"enemies":"Jaw Worm","floor":1,"turns":1},{"damage":0,"enemies":"Cultist","floor":4,"turns":1},{"damage":0,"enemies":"Small Slimes","floor":5,"turns":1},{"damage":47,"enemies":"3 Sentries","floor":6,"turns":9},{"damage":24,"enemies":"Exordium Thugs","floor":8,"turns":6},{"damage":11,"enemies":"The Mushroom Lair","floor":10,"turns":4},{"damage":8,"enemies":"Gremlin Nob","floor":11,"turns":2}],"seed_played":"-8801778374276020940","potions_obtained":[{"floor":2,"key":"Dexterity Potion"},{"floor":4,"key":"Swift Potion"},{"floor":6,"key":"Elixir"},{"floor":10,"key":"Toxic Potion"}],"is_trial":false,"path_per_floor":["M","?","$","M","M","E","R","M","T","?","E"],"character_chosen":"REIMU","items_purchased":["OctopathBindingBorder2:ReiMu"],"campfire_rested":1,"item_purchase_floors":[3],"current_hp_per_floor":[65,65,65,65,65,18,37,13,13,2,0,0],"gold":200,"neow_bonus":"THREE_ENEMY_KILL","is_daily":false,"chose_seed":false,"campfire_upgraded":0,"win_rate":0.0,"timestamp":1607775027,"path_taken":["M","?","?","?","M","E","R","M","T","?","E"],"items_purchased_type":["Card"],"build_version":"2020-11-30","purchased_purges":0,"victory":false,"max_hp_per_floor":[65,65,65,65,65,65,65,65,65,65,65,65],"card_choices":[{"not_picked":["SpiritualOutbreak2:ReiMu","CollectionFlower2:ReiMu"],"picked":"AirStrike:ReiMu","floor":1},{"not_picked":["OrbThrow:ReiMu","SpringWay:ReiMu"],"picked":"AirStrike:ReiMu","floor":4},{"not_picked":["CollectionFlower2:ReiMu","CareerPray:ReiMu","WonderfulDomain:ReiMu"],"picked":"SKIP","floor":5},{"not_picked":["HakureiPhantom:ReiMu","PrepareRite:ReiMu"],"picked":"Amulet:ReiMu","floor":6},{"not_picked":["CollectionFlower2:ReiMu","AlertArray:ReiMu"],"picked":"CareerPray:ReiMu","floor":8},{"not_picked":["Meditation:ReiMu","Enchanting:ReiMu"],"picked":"Gathering:ReiMu","floor":10}],"player_experience":107897,"relics_obtained":[{"floor":6,"key":"Girya"},{"floor":9,"key":"Mirror"},{"floor":10,"key":"Odd Mushroom"}],"event_choices":[{"damage_healed":0,"gold_gain":0,"player_choice":"Bought 1 Potion","damage_taken":0,"max_hp_gain":0,"max_hp_loss":0,"event_name":"The Woman in Blue","floor":2,"gold_loss":0},{"damage_healed":0,"gold_gain":0,"player_choice":"Fought Mushrooms","damage_taken":0,"max_hp_gain":0,"max_hp_loss":0,"event_name":"Mushrooms","floor":10,"gold_loss":0}],"is_beta":false,"boss_relics":[],"items_purged_floors":[],"is_endless":false,"potions_floor_spawned":[4,6,10],"killed_by":"Gremlin Nob","ascension_level":0}}