{"host":"2461dio7vetlq1z3","time":1607770956,"event":{"mods":["AchievementEnabler","Aspiration","Bard","BaseMod","Hermit","Lobotomy","Marisa????????","Minty Spire (QoL Compilation)","Relic Stats","Spicy Shops","StSLib","Waifu the Spire"],"gold_per_floor":[117,136,136,151,101,101,143,143,143,143,168,168,168,202,202],"floor_reached":14,"playtime":751,"items_purged":[],"score":98,"play_id":"b2f46455-cf0a-4e79-83c7-4965a6a4e29e","local_time":"20201212120236","is_ascension_mode":false,"campfire_choices":[{"data":"bard:Inspire","floor":6,"key":"SMITH"},{"data":"bard:FaerieFire","floor":8,"key":"SMITH"},{"data":"bard:Riposte","floor":10,"key":"SMITH"},{"data":"bard:Blink","floor":12,"key":"SMITH"}],"circlet_count":0,"master_deck":["bard:Strike","bard:Strike","bard:Strike","bard:Defend","bard:Defend","bard:Defend","bard:Defend","bard:Riposte+1","bard:Inspire+1","bard:Thunderwave","bard:FaerieFire+1","bard:Parry","bard:GuardPoint","bard:Blink+1"],"relics":["bard:PitchPipe","bard:BagPipes","aspiration:Nostalgia","Burning Blood","Golden Idol","CeramicFish","Omamori","InkBottle","Anchor"],"acts_visited":["Exordium"],"potions_floor_usage":[],"damage_taken":[{"damage":11,"enemies":"Jaw Worm","floor":1,"turns":6},{"damage":0,"enemies":"Small Slimes","floor":2,"turns":3},{"damage":0,"enemies":"Cultist","floor":4,"turns":3},{"damage":11,"enemies":"Lagavulin","floor":7,"turns":8},{"damage":3,"enemies":"Looter","floor":11,"turns":4},{"damage":7,"enemies":"Gremlin Nob","floor":14,"turns":5}],"seed_played":"-4633544427323055639","potions_obtained":[{"floor":2,"key":"SteroidPotion"},{"floor":4,"key":"SkillPotion"},{"floor":11,"key":"SpeedPotion"}],"is_trial":false,"path_per_floor":["M","M","?","M","?","R","E","R","T","R","M","R","?","E"],"character_chosen":"BARD","items_purchased":[],"campfire_rested":0,"item_purchase_floors":[],"current_hp_per_floor":[65,70,53,59,59,59,54,54,54,54,57,57,57,56,56],"gold":202,"neow_bonus":"NOSTALGIA","is_daily":false,"chose_seed":false,"campfire_upgraded":4,"win_rate":0.0,"timestamp":1607770956,"path_taken":["M","M","?","M","?","R","E","R","T","R","M","R","?","E"],"items_purchased_type":[],"build_version":"2020-11-30","purchased_purges":0,"victory":false,"max_hp_per_floor":[70,70,70,70,70,70,70,70,70,70,70,70,70,70,70],"relic_stats":{"counters":[6,29],"Golden Idol":20,"CeramicFish":18,"obtain_stats":[{"bard:BagPipes":0,"Anchor":14,"bard:PitchPipe":0,"aspiration:Nostalgia":0,"Golden Idol":3,"CeramicFish":7,"Omamori":9,"Burning Blood":0,"InkBottle":13},{"bard:BagPipes":0,"Anchor":6,"bard:PitchPipe":0,"aspiration:Nostalgia":0,"Golden Idol":2,"CeramicFish":4,"Omamori":4,"Burning Blood":0,"InkBottle":5},{"bard:BagPipes":0,"Anchor":29,"bard:PitchPipe":0,"aspiration:Nostalgia":0,"Golden Idol":9,"CeramicFish":20,"Omamori":20,"Burning Blood":0,"InkBottle":24}],"Burning Blood":35,"InkBottle":[1]},"card_choices":[{"not_picked":["bard:Doot","bard:CuttingWords"],"picked":"bard:Thunderwave","floor":1},{"not_picked":["bard:SixFourTime","bard:Thunderwave"],"picked":"bard:FaerieFire","floor":2},{"not_picked":["bard:ViciousMockery","bard:FeastOnFear"],"picked":"bard:Parry","floor":4},{"not_picked":["bard:FeastOnFear","bard:BucklerBash"],"picked":"bard:GuardPoint","floor":7},{"not_picked":["bard:BucklerBash","bard:FeastOnFear"],"picked":"bard:Blink","floor":11}],"player_experience":696746,"relics_obtained":[{"floor":7,"key":"CeramicFish"},{"floor":9,"key":"Omamori"},{"floor":14,"key":"Anchor"}],"event_choices":[{"damage_healed":0,"gold_gain":0,"player_choice":"Take Damage","damage_taken":17,"relics_obtained":["Golden Idol"],"max_hp_gain":0,"max_hp_loss":0,"event_name":"Golden Idol","floor":3,"gold_loss":0},{"cards_removed":["bard:Strike"],"damage_healed":0,"gold_gain":0,"player_choice":"Card Removal","damage_taken":0,"max_hp_gain":0,"max_hp_loss":0,"event_name":"The Cleric","floor":5,"gold_loss":50},{"damage_healed":0,"gold_gain":0,"player_choice":"Gave Potion","damage_taken":0,"relics_obtained":["InkBottle"],"max_hp_gain":0,"max_hp_loss":0,"event_name":"WeMeetAgain","floor":13,"gold_loss":0}],"is_beta":false,"boss_relics":[],"items_purged_floors":[],"is_endless":false,"potions_floor_spawned":[2,4,11],"killed_by":"Gremlin Nob","ascension_level":0}}