{"host":"2pffx5rqbod9ds0c","time":1607798131,"event":{"mods":["BaseMod","Better Altar","Better Match","Better Note","Better Sensory Stone","Better Skull","Better Third Choice","Custom Start","Hubris","Minty Spire (QoL Compilation)","Quick Restart","Relic Stats","Robot Space Explorer","Spicy Shops","StSLib"],"gold_per_floor":[111,111,111,128,128,153,153,187,265,297,297,308,1253,1279,1279,1378,1378,1389,1489,1489,748,759,785,801,827,875,887,901,929,929,4088,4088,4184,4184,4202,4218,3036,3055,3055,3089,3103,3103,3129,3157,3157,3172,3222,1891,1891,1891],"floor_reached":51,"playtime":2187,"items_purged":["RobotSpaceExplorer:Strike","RobotSpaceExplorer:Strike","RobotSpaceExplorer:Strike","RobotSpaceExplorer:Defend","RobotSpaceExplorer:StunGrenade","RobotSpaceExplorer:Defend+1","RobotSpaceExplorer:Defend+1"],"score":1246,"play_id":"ad099cbd-4629-492b-ad0d-21f46f91941e","local_time":"20201212103531","is_ascension_mode":true,"campfire_choices":[{"data":"RobotSpaceExplorer:MiniLasers","floor":7.0,"key":"SMITH"},{"data":"RobotSpaceExplorer:Arsenal","floor":11.0,"key":"SMITH"},{"data":"RobotSpaceExplorer:DroneSwarm","floor":15.0,"key":"SMITH"},{"data":"RobotSpaceExplorer:ShockMissile","floor":30.0,"key":"SMITH"},{"data":"RobotSpaceExplorer:Blaster","floor":32.0,"key":"SMITH"},{"data":"RobotSpaceExplorer:Scan","floor":42.0,"key":"SMITH"},{"floor":45.0,"key":"REST"},{"floor":49,"key":"REST"}],"circlet_count":0,"master_deck":["RobotSpaceExplorer:Scan+1","RobotSpaceExplorer:MiniLasers+1","RobotSpaceExplorer:Arsenal+1","Noxious Fumes+1","RobotSpaceExplorer:DroneSwarm+1","RobotSpaceExplorer:ShockMissile+1","RobotSpaceExplorer:Blaster+1","RobotSpaceExplorer:DroneSwarm","RobotSpaceExplorer:Arsenal+1","RobotSpaceExplorer:Arsenal+1","RobotSpaceExplorer:PowerCollector"],"relics":["RobotSpaceExplorer:RoboCore","War Paint","hubris:Icosahedron","Akabeko","hubris:CrystalStatue","Sundial","Dream Catcher","Lizard Tail","hubris:OldNail","Lee\u0027s Waffle","Torii","HandDrill","Regal Pillow","Ornamental Fan","RobotSpaceExplorer:SearchSpecs","hubris:PeanutButter","TheAbacus","Matryoshka","Pen Nib","Anchor","Strawberry","hubris:SlimyHat","MealTicket","Bag of Preparation","RobotSpaceExplorer:ToughPlating","Orichalcum","Bag of Marbles","Sling","hubris:Backtick","Chemical X","RobotSpaceExplorer:RingOfTheNewt","hubris:ToyBattleship","ClockworkSouvenir","hubris:Metronome","Ancient Tea Set","Vajra","Centennial Puzzle","Art of War","Juzu Bracelet","Ice Cream","Happy Flower","DollysMirror","Gambling Chip","TungstenRod"],"acts_visited":["Exordium","TheCity","TheBeyond"],"potions_floor_usage":[50],"damage_taken":[{"damage":0.0,"enemies":"Small Slimes","floor":1.0,"turns":4.0},{"damage":0.0,"enemies":"Jaw Worm","floor":4.0,"turns":5.0},{"damage":25.0,"enemies":"3 Sentries","floor":6.0,"turns":8.0},{"damage":23.0,"enemies":"Gremlin Nob","floor":8.0,"turns":4.0},{"damage":5.0,"enemies":"Lagavulin","floor":10.0,"turns":5.0},{"damage":0.0,"enemies":"2 Louse","floor":12.0,"turns":2.0},{"damage":0.0,"enemies":"3 Sentries","floor":14.0,"turns":2.0},{"damage":0.0,"enemies":"Hexaghost","floor":16.0,"turns":7.0},{"damage":1.0,"enemies":"Chosen","floor":18.0,"turns":3.0},{"damage":0.0,"enemies":"3 Byrds","floor":22.0,"turns":3.0},{"damage":0.0,"enemies":"Gremlin Leader","floor":23.0,"turns":7.0},{"damage":0.0,"enemies":"Snecko","floor":24.0,"turns":4.0},{"damage":0.0,"enemies":"Slavers","floor":25.0,"turns":2.0},{"damage":0.0,"enemies":"Cultist and Chosen","floor":27.0,"turns":6.0},{"damage":0.0,"enemies":"Centurion and Healer","floor":28.0,"turns":3.0},{"damage":0.0,"enemies":"Book of Stabbing","floor":29.0,"turns":6.0},{"damage":0.0,"enemies":"Champ","floor":33.0,"turns":15.0},{"damage":0.0,"enemies":"3 Shapes","floor":35.0,"turns":4.0},{"damage":0.0,"enemies":"3 Darklings","floor":36.0,"turns":3.0},{"damage":0.0,"enemies":"Writhing Mass","floor":38.0,"turns":2.0},{"damage":0.0,"enemies":"Giant Head","floor":40.0,"turns":4.0},{"damage":0.0,"enemies":"Maw","floor":41.0,"turns":5.0},{"damage":0.0,"enemies":"Reptomancer","floor":44.0,"turns":5.0},{"damage":0.0,"enemies":"Sphere and 2 Shapes","floor":46.0,"turns":3.0},{"damage":0,"enemies":"Mind Bloom Boss Battle","floor":47,"turns":3},{"damage":0,"enemies":"Awakened One","floor":50,"turns":10}],"seed_played":"-2807877443284744490","potions_obtained":[{"floor":1.0,"key":"DuplicationPotion"},{"floor":8.0,"key":"Weak Potion"},{"floor":12.0,"key":"ColorlessPotion"},{"floor":16.0,"key":"AttackPotion"},{"floor":18.0,"key":"SpeedPotion"}],"is_trial":false,"path_per_floor":["M","?","?","M","?","E","R","E","T","E","R","M","$","E","R","B",null,"M","?","?","$","M","E","M","E","T","M","M","E","R","$","R","B",null,"M","M","$","M","?","E","M","R","T","E","R","M","?","$","R","B",null],"character_chosen":"RobotSpaceExplorer","items_purchased":["Lizard Tail","hubris:OldNail","Lee\u0027s Waffle","Torii","HandDrill","Regal Pillow","hubris:PeanutButter","TheAbacus","Matryoshka","Bag of Preparation","RobotSpaceExplorer:ToughPlating","Orichalcum","Bag of Marbles","Sling","RobotSpaceExplorer:RingOfTheNewt","hubris:ToyBattleship","ClockworkSouvenir","hubris:Metronome","Ancient Tea Set","Happy Flower","DollysMirror","Gambling Chip","RobotSpaceExplorer:PowerCollector","TungstenRod"],"campfire_rested":2,"item_purchase_floors":[13,13,13,13,13,13,21,21,21,31,31,31,31,31,37,37,37,37,37,48,48,48,48,48],"current_hp_per_floor":[75,36,36,36,29,61,61,38,38,33,33,33,82,82,82,82,82,81,81,81,81,81,81,81,81,88,88,88,88,88,89,89,89,89,89,89,89,89,89,89,89,89,89,89,89,89,89,89,89,89],"gold":1891,"neow_bonus":"ONE_RANDOM_RARE_CARD","is_daily":false,"chose_seed":false,"campfire_upgraded":6,"win_rate":0.0,"timestamp":1607798131,"path_taken":["M","?","?","M","?","E","R","E","T","E","R","M","?","E","R","BOSS","M","?","?","$","?","E","M","E","T","?","M","E","R","$","R","BOSS","M","M","$","M","?","E","M","R","T","E","R","M","?","$","R","BOSS"],"items_purchased_type":["Relic","Relic","Relic","Relic","Relic","Relic","Relic","Relic","Relic","Relic","Relic","Relic","Relic","Relic","Relic","Relic","Relic","Relic","Relic","Relic","Relic","Relic","Card","Relic"],"build_version":"2020-11-30","purchased_purges":7,"victory":true,"max_hp_per_floor":[75,75,75,75,75,75,75,75,75,75,75,75,82,82,82,82,82,82,82,82,82,82,82,82,82,89,89,89,89,89,89,89,89,89,89,89,89,89,89,89,89,89,89,89,89,89,89,89,89,89],"relic_stats":{"Lee\u0027s Waffle":49,"Regal Pillow":0,"Torii":1,"Happy Flower":[3],"counters":[26,125],"Pen Nib":[14],"Bag of Preparation":[20],"Juzu Bracelet":1,"War Paint":["RobotSpaceExplorer:Defend","RobotSpaceExplorer:Defend"],"Orichalcum":[12],"Dream Catcher":2,"Lizard Tail":0,"Centennial Puzzle":[0],"TheAbacus":[318],"Sundial":[40],"Ornamental Fan":[148],"Gambling Chip":[3],"MealTicket":1,"HandDrill":[62],"Art of War":[8],"Chemical X":[20],"obtain_stats":[{"Ice Cream":47,"Regal Pillow":13,"hubris:Metronome":37,"hubris:CrystalStatue":8,"Torii":13,"Vajra":40,"hubris:SlimyHat":26,"Bag of Preparation":31,"Juzu Bracelet":44,"Sling":31,"Ancient Tea Set":37,"ClockworkSouvenir":37,"Dream Catcher":10,"Lizard Tail":13,"Centennial Puzzle":43,"hubris:Icosahedron":3,"TheAbacus":21,"Matryoshka":21,"hubris:Backtick":34,"Sundial":9,"DollysMirror":48,"Strawberry":26,"Gambling Chip":48,"MealTicket":29,"HandDrill":13,"RobotSpaceExplorer:SearchSpecs":17,"Chemical X":34,"Lee\u0027s Waffle":13,"Happy Flower":48,"RobotSpaceExplorer:RoboCore":0,"RobotSpaceExplorer:RingOfTheNewt":37,"Pen Nib":23,"War Paint":2,"Orichalcum":31,"Akabeko":6,"Anchor":25,"Ornamental Fan":14,"RobotSpaceExplorer:ToughPlating":31,"hubris:PeanutButter":21,"Bag of Marbles":31,"hubris:ToyBattleship":37,"Art of War":43,"hubris:OldNail":13,"TungstenRod":48},{"Ice Cream":25,"Regal Pillow":6,"hubris:Metronome":19,"hubris:CrystalStatue":4,"Torii":6,"Vajra":21,"hubris:SlimyHat":13,"Bag of Preparation":16,"Juzu Bracelet":23,"Sling":16,"Ancient Tea Set":19,"ClockworkSouvenir":19,"Dream Catcher":5,"Lizard Tail":6,"Centennial Puzzle":22,"hubris:Icosahedron":1,"TheAbacus":9,"Matryoshka":9,"hubris:Backtick":17,"Sundial":4,"DollysMirror":25,"Strawberry":13,"Gambling Chip":25,"MealTicket":16,"HandDrill":6,"RobotSpaceExplorer:SearchSpecs":8,"Chemical X":17,"Lee\u0027s Waffle":6,"Happy Flower":25,"RobotSpaceExplorer:RoboCore":0,"RobotSpaceExplorer:RingOfTheNewt":19,"Pen Nib":11,"War Paint":1,"Orichalcum":16,"Akabeko":3,"Anchor":13,"Ornamental Fan":7,"RobotSpaceExplorer:ToughPlating":16,"hubris:PeanutButter":9,"Bag of Marbles":16,"hubris:ToyBattleship":19,"Art of War":22,"hubris:OldNail":6,"TungstenRod":25},{"Ice Cream":115,"Regal Pillow":28,"hubris:Metronome":93,"hubris:CrystalStatue":21,"Torii":28,"Vajra":99,"hubris:SlimyHat":56,"Bag of Preparation":71,"Juzu Bracelet":109,"Sling":71,"Ancient Tea Set":93,"ClockworkSouvenir":93,"Dream Catcher":26,"Lizard Tail":28,"Centennial Puzzle":104,"hubris:Icosahedron":4,"TheAbacus":40,"Matryoshka":40,"hubris:Backtick":86,"Sundial":21,"DollysMirror":115,"Strawberry":56,"Gambling Chip":115,"MealTicket":71,"HandDrill":28,"RobotSpaceExplorer:SearchSpecs":37,"Chemical X":86,"Lee\u0027s Waffle":28,"Happy Flower":115,"RobotSpaceExplorer:RoboCore":0,"RobotSpaceExplorer:RingOfTheNewt":93,"Pen Nib":50,"War Paint":4,"Orichalcum":71,"Akabeko":17,"Anchor":56,"Ornamental Fan":30,"RobotSpaceExplorer:ToughPlating":71,"hubris:PeanutButter":40,"Bag of Marbles":71,"hubris:ToyBattleship":93,"Art of War":104,"hubris:OldNail":28,"TungstenRod":115}],"TungstenRod":0},"card_choices":[{"not_picked":["RobotSpaceExplorer:MakeshiftVolley","RobotSpaceExplorer:ShockKick","RobotSpaceExplorer:Probe"],"picked":"SKIP","floor":1.0},{"not_picked":["RobotSpaceExplorer:SurgingShield","RobotSpaceExplorer:Electropulse","RobotSpaceExplorer:Probe"],"picked":"SKIP","floor":4.0},{"not_picked":["RobotSpaceExplorer:DualCore","RobotSpaceExplorer:StarLightning","RobotSpaceExplorer:GlueShot"],"picked":"SKIP","floor":6.0},{"not_picked":["RobotSpaceExplorer:MakeshiftVolley","RobotSpaceExplorer:FreezeRay","RobotSpaceExplorer:Electroshield"],"picked":"SKIP","floor":8.0},{"not_picked":["RobotSpaceExplorer:LuckyStrike","RobotSpaceExplorer:Ammunition"],"picked":"RobotSpaceExplorer:StunGrenade","floor":10.0},{"not_picked":["RobotSpaceExplorer:LaserBurst","RobotSpaceExplorer:GlueSpray","RobotSpaceExplorer:StunGrenade"],"picked":"SKIP","floor":12.0},{"not_picked":["RobotSpaceExplorer:PowerGlove","RobotSpaceExplorer:MetalStrike"],"picked":"RobotSpaceExplorer:DroneSwarm","floor":14.0},{"not_picked":["RobotSpaceExplorer:HighVoltage","RobotSpaceExplorer:ChargingLaser"],"picked":"RobotSpaceExplorer:ShockMissile","floor":16.0},{"not_picked":["RobotSpaceExplorer:Probe","RobotSpaceExplorer:SwiftStep+1","RobotSpaceExplorer:LaserBurst"],"picked":"SKIP","floor":18.0},{"not_picked":["RobotSpaceExplorer:ShovelStrike","RobotSpaceExplorer:MetalStrike","RobotSpaceExplorer:FranticSearch"],"picked":"SKIP","floor":22.0},{"not_picked":["RobotSpaceExplorer:ShockKick+1","RobotSpaceExplorer:ToxicBomb+1","RobotSpaceExplorer:ScrapShield"],"picked":"SKIP","floor":23.0},{"not_picked":["RobotSpaceExplorer:GlueShot+1","RobotSpaceExplorer:SwiftStep","RobotSpaceExplorer:StarDust"],"picked":"SKIP","floor":24.0},{"not_picked":["RobotSpaceExplorer:Pulsar","RobotSpaceExplorer:TurboDodge+1"],"picked":"RobotSpaceExplorer:Blaster","floor":25.0},{"not_picked":["RobotSpaceExplorer:PlasmaMissile","RobotSpaceExplorer:MetalStrike","RobotSpaceExplorer:MiniDrones"],"picked":"SKIP","floor":27.0},{"not_picked":["RobotSpaceExplorer:PlasmaMissile","RobotSpaceExplorer:SurgingShield+1","RobotSpaceExplorer:SurgingStrike"],"picked":"SKIP","floor":28.0},{"not_picked":["RobotSpaceExplorer:MakeshiftVolley+1","RobotSpaceExplorer:GlueShot"],"picked":"RobotSpaceExplorer:Wormhole","floor":29.0},{"not_picked":["RobotSpaceExplorer:Blaster","RobotSpaceExplorer:Wormhole"],"picked":"RobotSpaceExplorer:DroneSwarm","floor":33.0},{"not_picked":["RobotSpaceExplorer:MetalStrike+1","RobotSpaceExplorer:ShockKick+1","RobotSpaceExplorer:FranticSearch"],"picked":"SKIP","floor":35.0},{"not_picked":["RobotSpaceExplorer:GlueShot+1","RobotSpaceExplorer:FrostMissile","RobotSpaceExplorer:Discharger+1"],"picked":"SKIP","floor":36.0},{"not_picked":["RobotSpaceExplorer:SurgingStrike+1","RobotSpaceExplorer:BigMissile","RobotSpaceExplorer:Ammunition+1"],"picked":"SKIP","floor":38.0},{"not_picked":["RobotSpaceExplorer:GearShield","RobotSpaceExplorer:FreezingShield","RobotSpaceExplorer:Pulsar+1"],"picked":"SKIP","floor":40.0},{"not_picked":["RobotSpaceExplorer:Reload+1","RobotSpaceExplorer:JunkDive","RobotSpaceExplorer:MiniDrones"],"picked":"SKIP","floor":41.0},{"not_picked":["RobotSpaceExplorer:Blitz","RobotSpaceExplorer:GlueShot","RobotSpaceExplorer:Pulsar"],"picked":"SKIP","floor":44.0},{"not_picked":["RobotSpaceExplorer:Calculate+1","RobotSpaceExplorer:ScrapShield","RobotSpaceExplorer:SwiftStep+1"],"picked":"SKIP","floor":46.0}],"player_experience":752411,"relics_obtained":[{"floor":6.0,"key":"Akabeko"},{"floor":8.0,"key":"hubris:CrystalStatue"},{"floor":9.0,"key":"Sundial"},{"floor":10.0,"key":"Dream Catcher"},{"floor":14.0,"key":"Ornamental Fan"},{"floor":23.0,"key":"Pen Nib"},{"floor":25.0,"key":"Anchor"},{"floor":26.0,"key":"Strawberry"},{"floor":26.0,"key":"hubris:SlimyHat"},{"floor":29.0,"key":"MealTicket"},{"floor":40.0,"key":"Vajra"},{"floor":43.0,"key":"Centennial Puzzle"},{"floor":43.0,"key":"Art of War"},{"floor":44.0,"key":"Juzu Bracelet"},{"floor":47,"key":"Ice Cream"}],"event_choices":[{"cards_removed":["RobotSpaceExplorer:Strike"],"damage_healed":0.0,"max_hp_gain":0.0,"max_hp_loss":0.0,"gold_gain":0.0,"event_name":"Golden Wing","player_choice":"Card Removal","floor":5.0,"gold_loss":0.0,"damage_taken":7.0},{"damage_healed":0.0,"max_hp_gain":0.0,"max_hp_loss":0.0,"gold_gain":100.0,"event_name":"Golden Shrine","player_choice":"Pray","floor":19.0,"gold_loss":0.0,"damage_taken":0.0},{"damage_healed":0.0,"max_hp_gain":0.0,"max_hp_loss":0.0,"gold_gain":0.0,"event_name":"betterNote:BetterNote","player_choice":"Ignored","floor":20.0,"gold_loss":0.0,"damage_taken":0.0,"cards_obtained":["Apotheosis"]},{"damage_healed":0.0,"max_hp_gain":0.0,"max_hp_loss":0.0,"gold_gain":0.0,"event_name":"Duplicator","player_choice":"Copied","floor":39.0,"gold_loss":0.0,"damage_taken":0.0,"cards_obtained":["RobotSpaceExplorer:Arsenal"]},{"damage_healed":0,"gold_gain":0,"player_choice":"Fight","damage_taken":0,"max_hp_gain":0,"max_hp_loss":0,"event_name":"MindBloom","floor":47,"gold_loss":0}],"is_beta":false,"boss_relics":[{"not_picked":["hubris:Stopwatch","Tiny House"],"picked":"RobotSpaceExplorer:SearchSpecs"},{"not_picked":["Velvet Choker","hubris:ScarierMask"],"picked":"hubris:Backtick"}],"items_purged_floors":[13,21,31,31,37,48,48],"is_endless":false,"potions_floor_spawned":[1,8,12,16,18,23,27,28,33,35,38,40,47],"ascension_level":1}}