{"host":"4np54w3ai1r5lqo1","time":1607779856,"event":{"mods":["BaseMod","Colored Map","Minty Spire (QoL Compilation)"],"gold_per_floor":[113,23,23,37,52,52,82,82,134,104,120,120,151,151,151,247,247,219,233,233,233],"floor_reached":20,"playtime":765,"items_purged":[],"score":246,"play_id":"fea5efb7-607b-4ff8-8d76-a581f4075174","local_time":"20201212113056","is_ascension_mode":true,"campfire_choices":[{"data":"Footwork","floor":6,"key":"SMITH"},{"data":"Cloak And Dagger","floor":8,"key":"SMITH"},{"data":"Dodge and Roll","floor":15,"key":"SMITH"}],"circlet_count":0,"master_deck":["Strike_G+1","Strike_G","Strike_G","Strike_G","Strike_G","Defend_G+1","Defend_G","Defend_G","Defend_G","Defend_G","Survivor","Neutralize","Phantasmal Killer","PiercingWail","Footwork+1","Sucker Punch","All Out Attack","Blur","Cloak And Dagger+1","Dagger Spray","Dodge and Roll+1","Adrenaline","A Thousand Cuts","Heel Hook","Acrobatics"],"relics":["Ring of the Serpent","Oddly Smooth Stone","Nunchaku","Du-Vu Doll","Juzu Bracelet"],"acts_visited":["Exordium","TheCity"],"potions_floor_usage":[13,16],"damage_taken":[{"damage":6,"enemies":"2 Louse","floor":1,"turns":4},{"damage":0,"enemies":"Small Slimes","floor":4,"turns":4},{"damage":4,"enemies":"Jaw Worm","floor":5,"turns":4},{"damage":12,"enemies":"3 Sentries","floor":7,"turns":10},{"damage":0,"enemies":"Looter","floor":10,"turns":4},{"damage":0,"enemies":"Large Slime","floor":11,"turns":5},{"damage":18,"enemies":"Gremlin Nob","floor":13,"turns":4},{"damage":9,"enemies":"Hexaghost","floor":16,"turns":12},{"damage":15,"enemies":"2 Thieves","floor":18,"turns":5},{"damage":23,"enemies":"3 Byrds","floor":19,"turns":5},{"damage":18,"enemies":"Cultist and Chosen","floor":20,"turns":4}],"seed_played":"9027289837739730860","potions_obtained":[{"floor":5,"key":"Strength Potion"},{"floor":7,"key":"LiquidBronze"},{"floor":19,"key":"Poison Potion"}],"is_trial":false,"path_per_floor":["M","$","?","M","M","R","E","R","T","M","M","?","E","?","R","B",null,"M","M","M"],"character_chosen":"THE_SILENT","items_purchased":["Footwork","Sucker Punch"],"campfire_rested":0,"item_purchase_floors":[2,2],"current_hp_per_floor":[57,57,43,43,39,39,27,27,27,27,27,50,32,20,20,11,55,40,17,0,0],"gold":233,"neow_bonus":"ONE_RANDOM_RARE_CARD","is_daily":false,"chose_seed":false,"campfire_upgraded":3,"win_rate":0.0,"timestamp":1607779856,"path_taken":["M","$","?","M","M","R","E","R","T","M","M","?","E","?","R","BOSS","M","M","M"],"items_purchased_type":["Card","Card"],"build_version":"2020-11-30","purchased_purges":0,"victory":false,"max_hp_per_floor":[70,70,70,70,70,70,70,70,70,70,70,70,70,70,70,70,70,70,70,70,70],"card_choices":[{"not_picked":["Quick Slash","Deflect"],"picked":"PiercingWail","floor":1},{"not_picked":["Sucker Punch","Acrobatics"],"picked":"All Out Attack","floor":4},{"not_picked":["Deflect","Sucker Punch"],"picked":"Blur","floor":5},{"not_picked":["Deflect","Reflex"],"picked":"Cloak And Dagger","floor":7},{"not_picked":["Outmaneuver","Heel Hook"],"picked":"Dagger Spray","floor":10},{"not_picked":["Catalyst","Blur"],"picked":"Dodge and Roll","floor":11},{"not_picked":["Slice","Deadly Poison"],"picked":"Adrenaline","floor":13},{"not_picked":["Venomology","Storm of Steel"],"picked":"A Thousand Cuts","floor":16},{"not_picked":["Flying Knee","Masterful Stab"],"picked":"Heel Hook","floor":18},{"not_picked":["Poisoned Stab","Distraction"],"picked":"Acrobatics","floor":19}],"player_experience":450913,"relics_obtained":[{"floor":7,"key":"Oddly Smooth Stone"},{"floor":9,"key":"Nunchaku"},{"floor":13,"key":"Du-Vu Doll"}],"event_choices":[{"damage_healed":0,"gold_gain":0,"player_choice":"Entered Light","damage_taken":14,"max_hp_gain":0,"max_hp_loss":0,"event_name":"Shining Light","floor":3,"gold_loss":0,"cards_upgraded":["Strike_G","Defend_G"]},{"damage_healed":23,"gold_gain":0,"player_choice":"Banana","damage_taken":0,"max_hp_gain":0,"max_hp_loss":0,"event_name":"Big Fish","floor":12,"gold_loss":0},{"damage_healed":0,"gold_gain":0,"player_choice":"Success","damage_taken":12,"relics_obtained":["Juzu Bracelet"],"max_hp_gain":0,"max_hp_loss":0,"event_name":"Scrap Ooze","floor":14,"gold_loss":0}],"is_beta":false,"boss_relics":[{"not_picked":["Pandora\u0027s Box","HoveringKite"],"picked":"Ring of the Serpent"}],"items_purged_floors":[],"is_endless":false,"potions_floor_spawned":[5,7,19],"killed_by":"Cultist and Chosen","ascension_level":7}}