{"host":"wbdly04l9mkn9nrc","time":1607778013,"event":{"mods":["AchievementEnabler","BaseMod","BetterRewards","Minty Spire (QoL Compilation)","StSLib","[IsaacMod]ÒÔÈö¼âËþ"],"gold_per_floor":[126,53,118,18,41,41,53,53,77,77,84,9,26,37,37,164,164,192,218,233,266,5,5,37,74,74,74,113,130,130,130],"floor_reached":30,"playtime":959,"items_purged":["Strike_B"],"score":290,"play_id":"76ddc004-3fbb-4db7-9e98-7e26d57e116f","local_time":"20201212210013","is_ascension_mode":true,"campfire_choices":[{"data":"Dualcast","floor":6.0,"key":"SMITH"},{"data":"Zap","floor":8.0,"key":"SMITH"},{"floor":15.0,"key":"REST"},{"floor":23,"key":"REST"},{"floor":27,"key":"REST"}],"circlet_count":0,"master_deck":["Zap+1","Dualcast+1","BloodyBrimstone+1","All For One","Double Energy","Ball Lightning","Doom and Gloom","Cold Snap","Compile Driver","ElectricPowerLearning","Seek","Scrape","Rainbow","Buffer","Barrage","Glacier","Buffer","Static Discharge","Compile Driver","Pulse","Storm+1","Hologram","Echo Form","Gash","Turbo","Streamline+1","Loop","Ball Lightning"],"relics":["Cracked Core","HushsDoor","GuppysHead","SteamSale","SalivaCoin","Whetstone","Nunchaku","Art of War","Toy Ornithopter","Bag of Marbles","Pandora\u0027s Box","Red Mask","Mummified Hand","Happy Flower","Juzu Bracelet","HowToJump"],"acts_visited":["Exordium","TheCity"],"potions_floor_usage":[],"damage_taken":[{"damage":5.0,"enemies":"2 Louse","floor":1.0,"turns":3.0},{"damage":2.0,"enemies":"Jaw Worm","floor":5.0,"turns":3.0},{"damage":0.0,"enemies":"Cultist","floor":7.0,"turns":2.0},{"damage":3.0,"enemies":"Gremlin Gang","floor":13.0,"turns":2.0},{"damage":0.0,"enemies":"Blue Slaver","floor":14.0,"turns":1.0},{"damage":15.0,"enemies":"The Guardian","floor":16.0,"turns":6.0},{"damage":15.0,"enemies":"Shell Parasite","floor":18.0,"turns":4.0},{"damage":0.0,"enemies":"Masked Bandits","floor":19.0,"turns":1.0},{"damage":0.0,"enemies":"3 Byrds","floor":20.0,"turns":3.0},{"damage":14,"enemies":"Snake Plant","floor":21,"turns":3},{"damage":25,"enemies":"Centurion and Healer","floor":24,"turns":3},{"damage":25,"enemies":"Sentry and Sphere","floor":25,"turns":4},{"damage":1,"enemies":"Gremlin Leader","floor":28,"turns":4},{"damage":1,"enemies":"Snake Plant","floor":29,"turns":2},{"damage":0,"enemies":"Centurion and Healer","floor":30,"turns":1}],"seed_played":"8728549274386072237","potions_obtained":[{"floor":5.0,"key":"LiquidMemories"},{"floor":13.0,"key":"Energy Potion"},{"floor":16.0,"key":"Dexterity Potion"}],"is_trial":false,"path_per_floor":["M","$","?","$","M","R","M","R","T","?","?","$","M","M","R","B",null,"M","?","M","M","$","R","M","M","T","R","E","M","M"],"character_chosen":"DEFECT","items_purchased":["SteamSale","SalivaCoin","All For One","Whetstone","Nunchaku","Ball Lightning","Bag of Marbles","Echo Form","Mummified Hand","Happy Flower","Gash"],"campfire_rested":3,"item_purchase_floors":[0,0,0,2,4,4,12,22,22,22,22],"current_hp_per_floor":[35,35,35,35,33,33,33,33,33,33,18,18,15,15,35,20,66,51,51,51,37,37,55,30,5,5,23,22,21,21,21],"gold":130,"neow_bonus":"","is_daily":false,"chose_seed":false,"campfire_upgraded":2,"win_rate":0.0,"timestamp":1607778013,"path_taken":["M","$","?","$","M","R","M","R","T","?","?","$","?","M","R","BOSS","M","?","?","M","$","R","?","M","T","R","E","M","M"],"items_purchased_type":["Relic","Relic","Card","Relic","Relic","Card","Relic","Card","Relic","Relic","Card"],"build_version":"2020-11-30","purchased_purges":1,"victory":false,"max_hp_per_floor":[75,75,75,75,75,75,75,75,75,75,75,75,72,69,69,66,66,66,63,63,63,63,63,63,63,63,63,60,57,57,57],"card_choices":[{"not_picked":[],"picked":"BloodyBrimstone","floor":0.0},{"not_picked":["Glacier","FTL"],"picked":"Double Energy","floor":1.0},{"not_picked":["Gash","Fusion"],"picked":"Doom and Gloom","floor":5.0},{"not_picked":["Reinforced Body","Barrage"],"picked":"Cold Snap","floor":7.0},{"not_picked":["Steam Power","Streamline"],"picked":"Compile Driver","floor":13.0},{"not_picked":["Force Field","Go for the Eyes"],"picked":"ElectricPowerLearning","floor":14.0},{"not_picked":["Reboot","Buffer"],"picked":"Seek","floor":16.0},{"not_picked":["Go for the Eyes","Barrage"],"picked":"Compile Driver","floor":18.0},{"not_picked":["Static Discharge","Defragment"],"picked":"Pulse","floor":19.0},{"not_picked":["Cold Snap","Auto Shields+1"],"picked":"Storm+1","floor":20.0},{"not_picked":["Compile Driver","Leap"],"picked":"Hologram","floor":21},{"not_picked":["Defragment","Sweeping Beam"],"picked":"Turbo","floor":24},{"not_picked":["Sweeping Beam","Static Discharge"],"picked":"Streamline+1","floor":25},{"not_picked":["Stack","Chaos"],"picked":"Loop","floor":28},{"not_picked":["Beam Cell","Barrage"],"picked":"Ball Lightning","floor":29}],"player_experience":77725,"relics_obtained":[{"floor":9.0,"key":"Art of War"},{"floor":19.0,"key":"Red Mask"},{"floor":26,"key":"Juzu Bracelet"},{"floor":28,"key":"HowToJump"}],"event_choices":[{"damage_healed":0.0,"max_hp_gain":0.0,"max_hp_loss":0.0,"gold_gain":65.0,"event_name":"Golden Wing","player_choice":"Gained Gold","floor":3.0,"gold_loss":0.0,"damage_taken":0.0},{"damage_healed":0.0,"max_hp_gain":0.0,"max_hp_loss":0.0,"gold_gain":0.0,"event_name":"Dead Adventurer","player_choice":"Searched \u00271\u0027 times","floor":10.0,"gold_loss":0.0,"damage_taken":0.0,"relics_obtained":["Toy Ornithopter"]},{"damage_healed":0.0,"max_hp_gain":0.0,"max_hp_loss":0.0,"gold_gain":0.0,"event_name":"Shining Light","player_choice":"Entered Light","floor":11.0,"gold_loss":0.0,"damage_taken":15.0,"cards_upgraded":["Defend_B","Defend_B"]},{"damage_healed":0.0,"max_hp_gain":0.0,"max_hp_loss":0.0,"gold_gain":0.0,"event_name":"Masked Bandits","player_choice":"Fought Bandits","floor":19.0,"gold_loss":0.0,"damage_taken":0.0}],"is_beta":false,"boss_relics":[{"not_picked":["Nuclear Battery","Velvet Choker"],"picked":"Pandora\u0027s Box"},{"not_picked":[]}],"items_purged_floors":[0],"is_endless":false,"potions_floor_spawned":[5,13,16,18,24,25,28],"killed_by":"Centurion and Healer","ascension_level":4}}