{"host":"jak4ncvfzor9mys0","time":1607795720,"event":{"mods":["2.2 Compatiblity","AchievementEnabler","BaseMod","Better Altar","Better Match","Better Note","Better Sensory Stone","Better Skull","Better Third Choice","BetterRewards","Block Reminder","Colored Map","Colored Powertips","Energized Spire","Gold Saver","Hubris","Infinite Spire","Key Reminder","Minty Spire (QoL Compilation)","Rare Cards Sparkle","Red Circlet Mod","Relic Sorter","Relic Stats","Replay The Spire","Retaliation","StSLib","SuperFastMode","The Blue Laboratory"],"gold_per_floor":[377,477,487,500,520,555,573,230,254,154,172,172,185,205,205,310,310,300,300,300,38,56,87,87,102,172,372,387,387,404,404,404,509,509,524,202,220,72,72,72,88,106,182,215,215,215,215,228,228,228,228],"floor_reached":50,"playtime":2048,"items_purged":["Strike_B","Strike_B","Defend_B","Strike_B"],"score":546,"play_id":"a4940da3-e12c-4bba-a10b-1a56c5ed6430","local_time":"20201212095520","is_ascension_mode":false,"campfire_choices":[{"floor":15,"key":"REST"},{"data":"All For One","floor":24,"key":"SMITH"},{"data":"Beam Cell","floor":29,"key":"SMITH"},{"data":"Go for the Eyes","floor":32,"key":"SMITH"},{"data":"Leap","floor":40,"key":"SMITH"},{"floor":45,"key":"REST"},{"floor":47,"key":"REST"},{"data":"Leap","floor":49,"key":"SMITH"}],"circlet_count":0,"master_deck":["Defend_B","Defend_B","Defend_B","Zap","Dualcast","Leap+1","Beam Cell+1","Leap+1","Rebound","Gash","Gash+1","Leap","All For One+1","Gash","Flash of Steel","Gash","infinitespire:Gouge+1","Go for the Eyes+1","Echo Form","Conserve Battery","Gash+1"],"relics":["FrozenCore","WingedGreaves","Inserter","Mercury Hourglass","hubris:SlimyHat","Nloth\u0027s Gift","hubris:TinFlute","HandDrill","Replay:Frozen Program","hubris:Towel","Symbiotic Virus","Pear"],"acts_visited":["Exordium","TheCity","TheBeyond"],"potions_floor_usage":[11,16,23,33,50],"damage_taken":[{"damage":1,"enemies":"Jaw Worm","floor":1,"turns":3},{"damage":0,"enemies":"Cultist","floor":3,"turns":4},{"damage":0,"enemies":"infinitespire:Voidling","floor":4,"turns":4},{"damage":0,"enemies":"3 Louse","floor":5,"turns":4},{"damage":44,"enemies":"Gremlin Nob","floor":6,"turns":5},{"damage":2,"enemies":"Red Slaver","floor":7,"turns":4},{"damage":0,"enemies":"Exordium Thugs","floor":11,"turns":3},{"damage":0,"enemies":"Gremlin Gang","floor":13,"turns":4},{"damage":0,"enemies":"3 Louse","floor":14,"turns":2},{"damage":18,"enemies":"Hexaghost","floor":16,"turns":11},{"damage":7,"enemies":"2 Thieves","floor":18,"turns":4},{"damage":0,"enemies":"Chosen","floor":22,"turns":2},{"damage":7,"enemies":"Nightmare","floor":23,"turns":8},{"damage":0,"enemies":"Centurion and Healer","floor":25,"turns":4},{"damage":6,"enemies":"3 Cultists","floor":28,"turns":4},{"damage":0,"enemies":"Sentry and Sphere","floor":30,"turns":3},{"damage":11,"enemies":"Champ","floor":33,"turns":9},{"damage":2,"enemies":"3 Darklings","floor":35,"turns":4},{"damage":0,"enemies":"3 Shapes","floor":37,"turns":7},{"damage":40,"enemies":"Jaw Worm Horde","floor":41,"turns":6},{"damage":0,"enemies":"Sphere and 2 Shapes","floor":42,"turns":6},{"damage":30,"enemies":"Reptomancer","floor":44,"turns":6},{"damage":5,"enemies":"Maw","floor":48,"turns":5},{"damage":122,"enemies":"hubris:GrandSnecko","floor":50,"turns":13}],"seed_played":"725810412171780868","potions_obtained":[{"floor":5,"key":"Dexterity Potion"},{"floor":6,"key":"FairyPotion"},{"floor":7,"key":"ColorlessPotion"},{"floor":13,"key":"blueLaboratory:CoolantVial"},{"floor":16,"key":"FocusPotion"},{"floor":28,"key":"SmokeBomb"},{"floor":41,"key":"Strength Potion"}],"is_trial":false,"path_per_floor":["M","?","M","M","M","E","M","$","T","$","M","?","M","M","R","B",null,"M","?","?","$","M","NM","R","M","T","?","M","R","M","?","R","B",null,"M","$","M","$","?","R","M","M","T","E","R","?","R","M","R","B"],"character_chosen":"DEFECT","items_purchased":["Mercury Hourglass","Gash","Gash","Flash of Steel","HandDrill","Conserve Battery","Replay:Frozen Program"],"campfire_rested":3,"item_purchase_floors":[8,8,21,21,36,36,38],"current_hp_per_floor":[74,74,74,74,74,30,28,28,28,28,28,28,28,28,56,38,75,68,68,68,68,68,61,61,61,61,61,55,55,55,55,55,44,75,73,73,73,73,73,73,33,33,33,13,38,38,63,58,58,0,0],"gold":228,"neow_bonus":"HUNDRED_GOLD","is_daily":false,"chose_seed":false,"campfire_upgraded":5,"win_rate":0.0,"timestamp":1607795720,"path_taken":["M","?","M","?","M","E","M","$","T","$","?","?","M","M","R","BOSS","M","?","?","$","?","NM","R","?","T","?","M","R","M","?","R","BOSS","M","$","M","$","?","R","M","M","T","E","R","?","R","M","R","BOSS"],"items_purchased_type":["Relic","Card","Card","Card","Relic","Card","Relic"],"build_version":"2020-11-30","purchased_purges":4,"victory":false,"max_hp_per_floor":[75,75,75,75,75,75,75,75,75,75,75,75,75,75,75,75,75,75,75,75,75,75,75,75,75,75,75,75,75,75,75,75,75,75,75,75,75,75,75,75,75,75,75,85,85,85,85,85,85,85,85],"relic_stats":{"Inserter":[23],"counters":[24,124],"Nloth\u0027s Gift":8,"HandDrill":[16],"obtain_stats":[{"Inserter":34,"Pear":44,"Eternal Feather":6,"hubris:SlimyHat":9,"hubris:Towel":39,"Mercury Hourglass":8,"FrozenCore":17,"Replay:Frozen Program":38,"WingedGreaves":23,"Nloth\u0027s Gift":20,"HandDrill":36,"Cracked Core":0,"Symbiotic Virus":43,"hubris:TinFlute":26},{"Inserter":17,"Pear":22,"Eternal Feather":5,"hubris:SlimyHat":6,"hubris:Towel":19,"Mercury Hourglass":6,"FrozenCore":10,"Replay:Frozen Program":19,"WingedGreaves":13,"Nloth\u0027s Gift":11,"HandDrill":18,"Cracked Core":0,"Symbiotic Virus":21,"hubris:TinFlute":14},{"Inserter":78,"Pear":106,"Eternal Feather":20,"hubris:SlimyHat":24,"hubris:Towel":88,"Mercury Hourglass":24,"FrozenCore":44,"Replay:Frozen Program":88,"WingedGreaves":58,"Nloth\u0027s Gift":48,"HandDrill":82,"Cracked Core":0,"Symbiotic Virus":100,"hubris:TinFlute":62}],"FrozenCore":[51],"Mercury Hourglass":[379]},"card_choices":[{"not_picked":["Turbo","BasicCrystalCard","Redo"],"picked":"SKIP","floor":1},{"not_picked":["Stack","Streamline"],"picked":"Leap","floor":3},{"not_picked":["Ball Lightning","Storm"],"picked":"Beam Cell","floor":4},{"not_picked":["Core Surge","Steam","Rip and Tear"],"picked":"SKIP","floor":5},{"not_picked":["Redo","Doom and Gloom"],"picked":"Leap","floor":6},{"not_picked":["Capacitor","Genetic Algorithm"],"picked":"Rebound","floor":7},{"not_picked":["Ball Lightning","Steam"],"picked":"Gash","floor":11},{"not_picked":["ReplayTheSpireMod:System Scan","Rebound","ReplayTheSpireMod:Repulse"],"picked":"SKIP","floor":13},{"not_picked":["Compile Driver","hubris:Ukulele"],"picked":"Leap","floor":14},{"not_picked":["Hyperbeam","Biased Cognition"],"picked":"All For One","floor":16},{"not_picked":["FIFO Queue","Rebound","Compile Driver+1"],"picked":"SKIP","floor":18},{"not_picked":["Aggregate","Self Repair","Beam Cell"],"picked":"SKIP","floor":22},{"not_picked":["Echo Form","Glacier+1"],"picked":"Gash","floor":23},{"not_picked":["ReplayTheSpireMod:Echoes of Time","ReplayTheSpireMod:Haul"],"picked":"infinitespire:Gouge","floor":23},{"not_picked":["Stack","Reboot","Coolheaded+1"],"picked":"SKIP","floor":25},{"not_picked":["Turbo+1","Redo","Barrage+1"],"picked":"SKIP","floor":28},{"not_picked":["Coolheaded","Beam Cell"],"picked":"Go for the Eyes","floor":30},{"not_picked":["Core Surge","Meteor Strike"],"picked":"Echo Form","floor":33},{"not_picked":["Skim+1","Time Bomb","ReplayTheSpireMod:Omega Cannon"],"picked":"SKIP","floor":35},{"not_picked":["Melter+1","Crystallizer","ReplayTheSpireMod:Repulse"],"picked":"SKIP","floor":37},{"not_picked":["Panic Button+1","Cold Snap","BootSequence"],"picked":"SKIP","floor":41},{"not_picked":["Reinforced Body+1","Stack","Streamline+1"],"picked":"SKIP","floor":42},{"not_picked":["Panic Button","Hyperbeam"],"picked":"Gash+1","floor":44},{"not_picked":["BasicCrystalCard+1","Defragment+1","Go for the Eyes+1"],"picked":"SKIP","floor":48}],"player_experience":2568203,"relics_obtained":[{"floor":6,"key":"Eternal Feather"},{"floor":9,"key":"hubris:SlimyHat"},{"floor":23,"key":"WingedGreaves"},{"floor":26,"key":"hubris:TinFlute"},{"floor":43,"key":"Symbiotic Virus"},{"floor":44,"key":"Pear"}],"event_choices":[{"damage_healed":0,"gold_gain":100,"player_choice":"Pray","damage_taken":0,"max_hp_gain":0,"max_hp_loss":0,"event_name":"Golden Shrine","floor":2,"gold_loss":0},{"cards_removed":["Strike_B"],"damage_healed":0,"gold_gain":0,"player_choice":"Offered Basic","damage_taken":0,"max_hp_gain":0,"max_hp_loss":0,"event_name":"Bonfire Elementals","floor":12,"gold_loss":0},{"damage_healed":0,"gold_gain":0,"player_choice":"Forge","damage_taken":0,"max_hp_gain":0,"max_hp_loss":0,"event_name":"Accursed Blacksmith","floor":19,"gold_loss":0,"cards_upgraded":["Gash"]},{"damage_healed":0,"gold_gain":0,"player_choice":"Traded Relic","damage_taken":0,"relics_obtained":["Nloth\u0027s Gift"],"max_hp_gain":0,"max_hp_loss":0,"event_name":"N\u0027loth","floor":20,"relics_lost":["Eternal Feather"],"gold_loss":0},{"damage_healed":0,"gold_gain":250,"player_choice":"Bet on Owner","damage_taken":0,"max_hp_gain":0,"max_hp_loss":0,"event_name":"The Joust","floor":27,"gold_loss":50},{"damage_healed":0,"gold_gain":0,"player_choice":"Upgraded","damage_taken":0,"max_hp_gain":0,"max_hp_loss":0,"event_name":"Upgrade Shrine","floor":31,"gold_loss":0,"cards_upgraded":["infinitespire:Gouge"]}],"is_beta":false,"boss_relics":[{"not_picked":["SlaversCollar","Replay:Drink Me"],"picked":"FrozenCore"},{"not_picked":["energizedSpire:HugeHouse","Snecko Eye"],"picked":"Inserter"}],"items_purged_floors":[8,10,21,36],"is_endless":true,"potions_floor_spawned":[5,6,7,13,16,28,41,42,48],"killed_by":"hubris:GrandSnecko","ascension_level":0}}