{"host":"3c27c697js19kaoo","time":1607778147,"event":{"mods":["BaseMod","Dota2Spire","Minty Spire (QoL Compilation)","Quick Restart","Remilia£®¿Ÿ√◊¿Ú—«£©","Replay The Spire","StSLib","The Cursed","The Gatherer","The Servant 0.9.4","°æ“≈ŒÔø®≈∆°øREMEMod"],"gold_per_floor":[116,216,229,155,155,182,182,200,249,280,280,296,309,309,309,413,413,423,14,14,14,31,31,31],"floor_reached":23,"playtime":893,"items_purged":[],"score":286,"play_id":"0e504b9f-dd96-4d40-ab56-2b606a2fc913","local_time":"20201212210227","is_ascension_mode":true,"campfire_choices":[{"data":"ForecastOfChange","floor":7,"key":"SMITH"},{"data":"BestPractice","floor":11,"key":"SMITH"},{"floor":15,"key":"REST"}],"circlet_count":0,"master_deck":["Strike_S","Strike_S","Strike_S","Strike_S","Defend_S","Defend_S","Defend_S","Defend_S","ForecastOfChange+1","Revamp","Advance","Luminosity","BestPractice+1","Reprogram","Reboot","FloweringNight","SilverBlades","Pot Of Greed","Pot Of Greed","Shame"],"relics":["SplendidAttire","REME_ComplimentaryCards","NeowsBlessing","ReplayTheSpireMod:Lightbulb","Ancient Tea Set","Dota2Spire:UrnOfShadows","Grinning Jar","Dota2Spire:BlackKingBar","Replay:Bottled Snecko"],"acts_visited":["Exordium","TheCity"],"potions_floor_usage":[12,12,18,22],"damage_taken":[{"damage":0,"enemies":"Small Slimes","floor":1,"turns":1},{"damage":0,"enemies":"Cultist","floor":3,"turns":1},{"damage":0,"enemies":"3 Sentries","floor":6,"turns":1},{"damage":4,"enemies":"Jaw Worm","floor":8,"turns":2},{"damage":0,"enemies":"Lagavulin","floor":10,"turns":5},{"damage":26,"enemies":"Exordium Thugs","floor":12,"turns":4},{"damage":11,"enemies":"Blue Slaver","floor":13,"turns":4},{"damage":11,"enemies":"Hexaghost","floor":16,"turns":10},{"damage":6,"enemies":"Spheric Guardian","floor":18,"turns":4},{"damage":47,"enemies":"2 Thieves","floor":22,"turns":4},{"damage":24,"enemies":"Book of Stabbing","floor":23,"turns":1}],"seed_played":"7432282484686654672","potions_obtained":[{"floor":3,"key":"Doom Potion"},{"floor":8,"key":"Milkshake"},{"floor":10,"key":"ColorlessPotion"},{"floor":13,"key":"Explosive Potion"},{"floor":16,"key":"AttackPotion"},{"floor":22,"key":"Swift Potion"}],"is_trial":false,"path_per_floor":["M","?","M","$","?","E","R","M","T","E","R","M","M","?","R","B",null,"M","$","?","?","M","E"],"character_chosen":"THE_SERVANT","items_purchased":["Luminosity","Grinning Jar","Dota2Spire:BlackKingBar"],"campfire_rested":1,"item_purchase_floors":[4,19,19],"current_hp_per_floor":[65,65,65,65,65,65,65,61,61,61,61,35,24,24,43,32,65,59,59,59,59,12,0,0],"gold":31,"neow_bonus":"THREE_ENEMY_KILL","is_daily":false,"chose_seed":false,"campfire_upgraded":2,"win_rate":0.0,"timestamp":1607778147,"path_taken":["M","?","?","$","?","E","R","M","T","E","R","?","M","?","R","BOSS","M","$","?","?","M","E"],"items_purchased_type":["Card","Relic","Relic"],"build_version":"2020-11-30","purchased_purges":0,"victory":false,"max_hp_per_floor":[65,65,65,65,65,65,65,65,65,65,65,65,65,65,65,65,65,65,65,65,65,65,65,65],"card_choices":[{"not_picked":["Read","Rewind"],"picked":"Revamp","floor":1},{"not_picked":["Reset","FastForward"],"picked":"Advance","floor":3},{"not_picked":["InstantArmor","Revamp","Alleviate"],"picked":"SKIP","floor":6},{"not_picked":["Starlight","Barrier","MoonPhase"],"picked":"SKIP","floor":8},{"not_picked":["Manipulate","Alleviate"],"picked":"BestPractice","floor":10},{"not_picked":["Unruled","Replace","FastForward"],"picked":"SKIP","floor":12},{"not_picked":["TimeWarp","ShatteredReality","Rearm"],"picked":"SKIP","floor":13},{"not_picked":["LightFlow","KillingDoll"],"picked":"FloweringNight","floor":16},{"not_picked":["ShatteredReality","Comet"],"picked":"SilverBlades","floor":18},{"not_picked":["Replace","Revamp+1","Alleviate+1"],"picked":"SKIP","floor":22}],"player_experience":108626,"relics_obtained":[{"floor":6,"key":"ReplayTheSpireMod:Lightbulb"},{"floor":9,"key":"Ancient Tea Set"},{"floor":10,"key":"Dota2Spire:UrnOfShadows"}],"event_choices":[{"damage_healed":0,"gold_gain":100,"player_choice":"Gold","damage_taken":0,"max_hp_gain":0,"max_hp_loss":0,"event_name":"Wheel of Change","floor":2,"gold_loss":0},{"damage_healed":0,"gold_gain":0,"player_choice":"0 cards matched","damage_taken":0,"max_hp_gain":0,"max_hp_loss":0,"event_name":"Match and Keep!","floor":5,"gold_loss":0,"cards_obtained":[]},{"damage_healed":0,"gold_gain":0,"player_choice":"Ignored","damage_taken":0,"max_hp_gain":0,"max_hp_loss":0,"event_name":"Ghosts","floor":20,"gold_loss":0},{"damage_healed":0,"gold_gain":0,"player_choice":"Stole Relic","damage_taken":0,"relics_obtained":["Replay:Bottled Snecko"],"max_hp_gain":0,"max_hp_loss":0,"event_name":"Addict","floor":21,"gold_loss":0,"cards_obtained":["Shame"]}],"is_beta":false,"boss_relics":[{"not_picked":["Velvet Choker","Ring of Chaos"],"picked":"SplendidAttire"}],"items_purged_floors":[],"is_endless":false,"potions_floor_spawned":[3,8,10,13,16,22],"killed_by":"Book of Stabbing","ascension_level":3}}