{"host":"1lcvmslm5dvu1wk7","time":1607750535,"event":{"mods":["BaseMod","Colored Powertips","Minty Spire (QoL Compilation)","Remilia£®¿Ÿ√◊¿Ú—«£©","Replay The Spire","Shop Mod","StSLib"],"gold_per_floor":[117,42,42,42,57,90,90,100,100,100,128,140,167,177,177,273,273,283,303,303,5,17,17,32,62,62,91,125,141,141,141,141,245,245,256,78,94,108,154,179,179,190,190,218,218,23,49,67,67,67],"floor_reached":51,"playtime":3984,"items_purged":["Defend_RM","Defend_RM","Strike_RM+1"],"score":1321,"play_id":"00ded031-4b97-4924-b182-922ac756f5a3","local_time":"20201212132215","is_ascension_mode":true,"campfire_choices":[{"data":"MastersStateliness","floor":7.0,"key":"SMITH"},{"data":"RedMoon","floor":10.0,"key":"SMITH"},{"data":"ScarletImprint","floor":15.0,"key":"SMITH"},{"floor":23.0,"key":"REST"},{"floor":30.0,"key":"REST"},{"data":"Defend_RM","floor":32.0,"key":"PURGE"},{"data":"MastersStateliness","floor":41,"key":"SMITH"},{"data":"MastersStateliness","floor":49,"key":"SMITH"}],"circlet_count":0,"master_deck":["AscendersBane","RedMoon+1","ScarletShoot+1","MastersStateliness+1","ScarletImprint+1","MastersStateliness+1","BombardNight","CurseOfTheBell","Pot Of Greed","Pot Of Greed","EndlessAdversity+1","MillenniumVampire+1","HunterOfTheNight+1","TransientEternity","Pride","MastersStateliness+1","Survey Options+1","UnderTheZenith+1","UnderTheZenith+1","BombardNight+1","MastersStateliness+1","UnderTheZenith+1","Pot Of Greed+1","ScarletImprint","UnderTheZenith+1"],"relics":["ScarletHat","Replay:Accelerometer","Pen Nib","ReplayTheSpireMod:Lightbulb","Replay:Rubber Ducky","Bag of Preparation","Peace Pipe","MutagenicStrength","MerchantsRug","Grinning Jar","Chameleon Ring","Toxic Egg 2","Red Mask","GreatHeart","StoneCalendar","Bag of Marbles","RedBat","Prayer Wheel","Vajra","Bottled Lightning"],"acts_visited":["Exordium","TheCity","TheBeyond"],"potions_floor_usage":[33],"damage_taken":[{"damage":0.0,"enemies":"Small Slimes","floor":1.0,"turns":3.0},{"damage":0.0,"enemies":"2 Louse","floor":5.0,"turns":2.0},{"damage":16.0,"enemies":"3 Sentries","floor":6.0,"turns":14.0},{"damage":5.0,"enemies":"Jaw Worm","floor":8.0,"turns":3.0},{"damage":15.0,"enemies":"Lagavulin","floor":11.0,"turns":9.0},{"damage":6.0,"enemies":"Blue Slaver","floor":12.0,"turns":3.0},{"damage":22.0,"enemies":"Gremlin Nob","floor":13.0,"turns":5.0},{"damage":0.0,"enemies":"Large Slime","floor":14.0,"turns":5.0},{"damage":52.0,"enemies":"Fading Forest","floor":16.0,"turns":12.0},{"damage":23.0,"enemies":"Shell Parasite","floor":18.0,"turns":5.0},{"damage":10.0,"enemies":"2 Thieves","floor":19.0,"turns":3.0},{"damage":15.0,"enemies":"Cultist and Chosen","floor":22.0,"turns":8.0},{"damage":6.0,"enemies":"Centurion and Healer","floor":24.0,"turns":4.0},{"damage":3.0,"enemies":"Book of Stabbing","floor":25.0,"turns":6.0},{"damage":22.0,"enemies":"Gremlin Leader","floor":27.0,"turns":6.0},{"damage":10.0,"enemies":"Masked Bandits","floor":28.0,"turns":5.0},{"damage":11.0,"enemies":"Snake Plant","floor":29.0,"turns":2.0},{"damage":31,"enemies":"Collector","floor":33,"turns":6},{"damage":0,"enemies":"3 Shapes","floor":35,"turns":2},{"damage":0,"enemies":"Orb Walker","floor":37,"turns":4},{"damage":21,"enemies":"Maw","floor":38,"turns":5},{"damage":10,"enemies":"2 Orb Walkers","floor":39,"turns":4},{"damage":0,"enemies":"Reptomancer","floor":40,"turns":3},{"damage":0,"enemies":"Sphere and 2 Shapes","floor":42,"turns":2},{"damage":21,"enemies":"Nemesis","floor":44,"turns":4},{"damage":0,"enemies":"R_Hoarder","floor":47,"turns":4},{"damage":0,"enemies":"Jaw Worm Horde","floor":48,"turns":1},{"damage":3,"enemies":"Donu and Deca","floor":50,"turns":3}],"seed_played":"-6892384392626920466","potions_obtained":[{"floor":6.0,"key":"FairyPotion"},{"floor":11.0,"key":"Fire Potion"},{"floor":24.0,"key":"Adrenaline Potion"},{"floor":29.0,"key":"Toxic Potion"},{"floor":33,"key":"ColorlessPotion"},{"floor":42,"key":"PowerPotion"}],"is_trial":false,"path_per_floor":["M","$","?","?","M","E","R","M","T","R","E","M","E","M","R","B",null,"M","M","?","$","M","R","M","E","T","E","?","M","R","?","R","B",null,"M","$","M","M","?","E","R","M","T","E","?","$","E","M","R","B",null],"character_chosen":"REMILIA","items_purchased":["MerchantsRug","Grinning Jar","Survey Options+1","Vajra","UnderTheZenith+1"],"campfire_rested":2,"item_purchase_floors":[21,21,36,46,46],"current_hp_per_floor":[69,69,69,62,62,53,53,51,51,51,48,46,36,38,38,8,58,39,29,29,29,20,42,45,48,48,29,19,12,34,34,34,24,62,65,65,72,73,70,70,70,73,73,59,59,59,71,71,71,71],"gold":67,"neow_bonus":"UPGRADE_CARD","is_daily":false,"chose_seed":false,"campfire_upgraded":5,"win_rate":0.0,"timestamp":1607750535,"path_taken":["M","$","?","?","M","E","R","M","T","R","E","M","E","M","R","BOSS","M","M","?","$","M","R","M","E","T","E","?","M","R","?","R","BOSS","M","$","M","M","?","E","R","M","T","E","?","?","E","M","R","BOSS"],"items_purchased_type":["Relic","Relic","Card","Relic","Card"],"build_version":"2020-11-30","purchased_purges":3,"victory":true,"max_hp_per_floor":[75,75,75,75,75,75,75,75,75,75,75,75,75,75,75,75,75,75,75,75,75,75,75,75,75,75,75,75,75,75,75,75,75,75,75,75,75,75,75,75,75,75,75,75,71,71,71,71,71,71],"card_choices":[{"not_picked":["CharismaGuard","RedMagic"],"picked":"MastersStateliness","floor":1.0},{"not_picked":["DevilSight","UnderTheZenith","NightDance"],"picked":"SKIP","floor":5.0},{"not_picked":["BombardNight","CharismaGuard","VampireKiss"],"picked":"SKIP","floor":6.0},{"not_picked":["UnderTheZenith","VampireFantasy","ScarletCoffin"],"picked":"SKIP","floor":8.0},{"not_picked":["VampireKiss","Ultimatum"],"picked":"ScarletImprint","floor":11.0},{"not_picked":["NightDance","RedRainbow"],"picked":"MastersStateliness","floor":12.0},{"not_picked":["UnderTheZenith","VampireKiss","MiserableFate"],"picked":"SKIP","floor":13.0},{"not_picked":["Septette","ScarletDevil"],"picked":"BombardNight","floor":14.0},{"not_picked":["ScarletDevilSign","ScarletDevil","NightDance"],"picked":"SKIP","floor":18.0},{"not_picked":["BadLadyScramble+1","RedRainbow","ChainGang"],"picked":"SKIP","floor":19.0},{"not_picked":["BloodAndWine+1","BloodyTrap"],"picked":"EndlessAdversity","floor":22.0},{"not_picked":["UnstableMagic","ScarletNetherworld"],"picked":"MillenniumVampire+1","floor":24.0},{"not_picked":["NightDance+1","BloodyMagicSquare"],"picked":"HunterOfTheNight","floor":25.0},{"not_picked":["UnstableMagic+1","ScarletNetherworld+1","UltimateOffering"],"picked":"SKIP","floor":27.0},{"not_picked":["StarOfDavid","MastersStateliness+1"],"picked":"TransientEternity","floor":29.0},{"not_picked":["NightDance+1","BloodHunter+1"],"picked":"MastersStateliness","floor":35},{"not_picked":["VampireKiss","AfternoonTea+1"],"picked":"UnderTheZenith+1","floor":37},{"not_picked":["MastersStateliness","MiserableFate+1","TricksterDevil"],"picked":"SKIP","floor":38},{"not_picked":["VampireFantasy+1","StarOfDavid+1"],"picked":"UnderTheZenith+1","floor":39},{"not_picked":["StarOfDavid+1","Stigmanizer","EternalNight+1"],"picked":"SKIP","floor":40},{"not_picked":["TwelveNightmare","EternalNight+1"],"picked":"BombardNight+1","floor":42},{"not_picked":["RedRainbow+1","BombardNight"],"picked":"MastersStateliness+1","floor":44},{"not_picked":["AfternoonTea+1","RedRainbow+1","StarOfDavid+1"],"picked":"SKIP","floor":47},{"not_picked":["ReincarnationDial+1","LeisurelyOfLord"],"picked":"ScarletImprint","floor":48},{"not_picked":["MillenniumVampire+1","EmergencyRegeneration+1"],"picked":"UnderTheZenith+1","floor":48}],"player_experience":176583,"relics_obtained":[{"floor":6.0,"key":"Replay:Accelerometer"},{"floor":9.0,"key":"Pen Nib"},{"floor":11.0,"key":"ReplayTheSpireMod:Lightbulb"},{"floor":13.0,"key":"Replay:Rubber Ducky"},{"floor":17.0,"key":"Bag of Preparation"},{"floor":17.0,"key":"Peace Pipe"},{"floor":17.0,"key":"Replay:Bottled Eggs"},{"floor":25.0,"key":"Whetstone"},{"floor":26.0,"key":"Chameleon Ring"},{"floor":27.0,"key":"Toxic Egg 2"},{"floor":28.0,"key":"Red Mask"},{"floor":39,"key":"StoneCalendar"},{"floor":40,"key":"Bag of Marbles"},{"floor":43,"key":"RedBat"},{"floor":44,"key":"Prayer Wheel"},{"floor":47,"key":"Bottled Lightning"}],"event_choices":[{"cards_removed":["Defend_RM"],"damage_healed":0.0,"max_hp_gain":0.0,"max_hp_loss":0.0,"gold_gain":0.0,"event_name":"Golden Wing","player_choice":"Card Removal","floor":4.0,"gold_loss":0.0,"damage_taken":7.0},{"damage_healed":0.0,"max_hp_gain":0.0,"max_hp_loss":0.0,"gold_gain":0.0,"event_name":"Drug Dealer","player_choice":"Inject Mutagens","floor":20.0,"gold_loss":0.0,"damage_taken":0.0,"relics_obtained":["MutagenicStrength"]},{"damage_healed":0.0,"max_hp_gain":0.0,"max_hp_loss":0.0,"gold_gain":0.0,"event_name":"Masked Bandits","player_choice":"Fought Bandits","floor":28.0,"gold_loss":0.0,"damage_taken":0.0},{"damage_healed":0,"gold_gain":0,"player_choice":"Fight","damage_taken":0,"max_hp_gain":0,"max_hp_loss":0,"event_name":"Mysterious Sphere","floor":39,"gold_loss":0},{"damage_healed":0,"gold_gain":0,"player_choice":"Max HP","damage_taken":0,"max_hp_gain":0,"max_hp_loss":4,"event_name":"Winding Halls","floor":45,"gold_loss":0}],"is_beta":false,"boss_relics":[{"not_picked":["Pandora\u0027s Box","Fusion Hammer"],"picked":"Calling Bell"},{"not_picked":["Sozu","Busted Crown"],"picked":"Empty Cage"}],"items_purged_floors":[2,21,36],"is_endless":false,"potions_floor_spawned":[6,11,14,19,24,29,33,40,42,44,48],"ascension_level":11}}