{"host":"97bfbul5vt0mksxl","time":1607748687,"event":{"mods":["BaseMod","Colored Powertips","Highlight Path","Infinite Spire","Minty Spire (QoL Compilation)","Replay The Spire","Shop Mod","StSLib","SuperFastMode"],"gold_per_floor":[118,138,138,138,199,228,228,257,257,275,286,297,314,19,19,117,417,435,435,15,32,46,46,46,59,83,91,91],"floor_reached":27,"playtime":1821,"items_purged":[],"score":275,"play_id":"80d9840d-5d27-43e0-a4e0-174ad87b9b8a","local_time":"20201212015127","is_ascension_mode":false,"campfire_choices":[{"data":"Eruption","floor":15,"key":"SMITH"},{"floor":23,"key":"REST"}],"circlet_count":0,"master_deck":["Strike_P","Strike_P","Strike_P","Strike_P","Defend_P","Defend_P","Defend_P","Eruption+1","Vigilance","FlurryOfBlows","Flying Knee","WindmillStrike","Flying Knee","Devotion","Replay:Hum","SashWhip","Prostrate","Replay:LoomingThreat","CurseOfTheBell","SashWhip","RitualDagger","Transmutation","Metamorphosis","Mind Blast","BattleHymn","Study","ClearTheMind","Deep Breath","SignatureMove","Eruption"],"relics":["Replay:M_StaffOfTheSnake","Orichalcum","Smiling Mask","TungstenRod","infinitespire:Satchel","Letter Opener","MerchantsRug","Oddly Smooth Stone","Calling Bell","Dream Catcher","infinitespire:Eraser","Old Coin","infinitespire:Lychee Nut","ReplayTheSpireMod:ShopPack","Replay:Bandana"],"acts_visited":["Exordium","TheCity"],"potions_floor_usage":[6,6,8,12,16,16],"damage_taken":[{"damage":0,"enemies":"Small Slimes","floor":1,"turns":4},{"damage":0,"enemies":"2 Louse","floor":2,"turns":3},{"damage":0,"enemies":"Lagavulin","floor":6,"turns":3},{"damage":0,"enemies":"Gremlin Nob","floor":8,"turns":3},{"damage":0,"enemies":"Cultist","floor":10,"turns":3},{"damage":7,"enemies":"Red Slaver","floor":11,"turns":3},{"damage":9,"enemies":"Large Slime","floor":12,"turns":4},{"damage":5,"enemies":"Exordium Thugs","floor":13,"turns":2},{"damage":19,"enemies":"The Guardian","floor":16,"turns":7},{"damage":14,"enemies":"3 Byrds","floor":18,"turns":5},{"damage":0,"enemies":"Chosen","floor":21,"turns":3},{"damage":22,"enemies":"Centurion and Healer","floor":22,"turns":5},{"damage":16,"enemies":"Snecko","floor":25,"turns":5},{"damage":16,"enemies":"Slavers","floor":27,"turns":2}],"seed_played":"-5023946050421082799","potions_obtained":[{"floor":1,"key":"SteroidPotion"},{"floor":5,"key":"Fire Potion"},{"floor":5,"key":"Flashbang"},{"floor":6,"key":"DistilledChaos"},{"floor":8,"key":"Venom Potion"},{"floor":12,"key":"Energy Potion"}],"is_trial":false,"path_per_floor":["M","M","?","?","?","E","T","E","T","M","M","M","M","$","R","B",null,"M","?","$","M","M","R","?","M","T","E"],"character_chosen":"WATCHER","items_purchased":["MerchantsRug","Oddly Smooth Stone","infinitespire:Lychee Nut","ReplayTheSpireMod:ShopPack"],"campfire_rested":1,"item_purchase_floors":[14,14,20,20],"current_hp_per_floor":[79,79,79,79,60,60,60,60,60,60,53,44,39,39,39,20,79,65,60,59,59,40,57,57,44,44,0,0],"gold":91,"neow_bonus":"TEN_PERCENT_HP_BONUS","is_daily":false,"chose_seed":false,"campfire_upgraded":1,"win_rate":0.0,"timestamp":1607748687,"path_taken":["M","M","?","?","?","E","?","E","T","M","M","?","M","?","R","BOSS","M","?","?","M","M","R","?","?","T","E"],"items_purchased_type":["Relic","Relic","Relic","Relic"],"build_version":"2020-11-30","purchased_purges":0,"victory":false,"max_hp_per_floor":[79,79,79,79,79,79,79,79,79,79,79,79,79,79,79,79,79,79,79,59,59,59,59,59,59,59,59,59],"card_choices":[{"not_picked":["Replay:AtTheReady","ReachHeaven","WheelKick"],"picked":"SKIP","floor":1},{"not_picked":["Indignation","Prostrate"],"picked":"FlurryOfBlows","floor":2},{"not_picked":["Halt","BowlingBash"],"picked":"Flying Knee","floor":5},{"not_picked":["Fasting2","ReachHeaven"],"picked":"WindmillStrike","floor":6},{"not_picked":["Replay:ManipulateFuture","Sanctity"],"picked":"Flying Knee","floor":8},{"not_picked":["Fasting2","Replay:BluntJabs"],"picked":"Devotion","floor":10},{"not_picked":["Pray","EmptyBody"],"picked":"Replay:Hum","floor":11},{"not_picked":["ClearTheMind","WaveOfTheHand"],"picked":"SashWhip","floor":12},{"not_picked":["Halt","Replay:AtTheReady"],"picked":"Prostrate","floor":13},{"not_picked":["Wraith Form v2","Die Die Die"],"picked":"Replay:LoomingThreat","floor":16},{"not_picked":["SignatureMove","Prostrate"],"picked":"SashWhip","floor":18},{"not_picked":["ReplayUltimateDefense","Violence"],"picked":"Transmutation","floor":20},{"not_picked":["Survey Options","ReplayTheSpireMod:Trickstab"],"picked":"Metamorphosis","floor":20},{"not_picked":["Replay:Sssssssssshield","Replay:Sssssssssstrike"],"picked":"Mind Blast","floor":20},{"not_picked":["Wireheading","SashWhip"],"picked":"BattleHymn","floor":21},{"not_picked":["FollowUp","ThirdEye+1"],"picked":"Study","floor":22},{"not_picked":["Crescendo","Wish"],"picked":"ClearTheMind","floor":23},{"not_picked":["ClearTheMind","Protect","WreathOfFlame"],"picked":"SKIP","floor":25}],"player_experience":136431,"relics_obtained":[{"floor":5,"key":"Orichalcum"},{"floor":6,"key":"Smiling Mask"},{"floor":7,"key":"TungstenRod"},{"floor":8,"key":"infinitespire:Satchel"},{"floor":9,"key":"Letter Opener"},{"floor":17,"key":"Dream Catcher"},{"floor":17,"key":"infinitespire:Eraser"},{"floor":17,"key":"Old Coin"},{"floor":26,"key":"Replay:Bandana"}],"event_choices":[{"damage_healed":0,"gold_gain":0,"player_choice":"Joined the Cult","damage_taken":6,"max_hp_gain":0,"max_hp_loss":0,"event_name":"Nest","floor":19,"gold_loss":0,"cards_obtained":["RitualDagger"]},{"damage_healed":0,"gold_gain":0,"player_choice":"3 cards matched","damage_taken":0,"max_hp_gain":0,"max_hp_loss":0,"event_name":"Match and Keep!","floor":24,"gold_loss":0,"cards_obtained":["Deep Breath","SignatureMove","Eruption"]}],"is_beta":false,"boss_relics":[{"not_picked":["Astrolabe","Replay:Bronze Core"],"picked":"Calling Bell"}],"items_purged_floors":[],"is_endless":false,"potions_floor_spawned":[1,6,8,12],"killed_by":"Slavers","ascension_level":0}}