{"host":"7k2a2omxz3voj5ax","time":1607788301,"event":{"mods":["BaseMod","Marisa£¨ìFÓê¡¡Ä§ÀíÉ³£©","Minty Spire (QoL Compilation)","Quick Restart","Spicy Shops","StSLib","Starting Relic: Pandora\u0027s Box","óô»ðÖ¸ÄÏ"],"gold_per_floor":[115,3253,3253,3253,3279,2788,2820,2387,2463,2463,2496,2517,1968,1844,1844,1940,1940,1969,1981,2009,2038,2065,2077,2123,2145,2157,2058,2097,2208,2013,2024,2024,2122,2122,2140,2159,2159,2171,2186,2215,2234,2155,2155,2102,2133,2144,2194,2228,1979,1979,1979,1771,1403,1431,1431],"floor_reached":56,"playtime":2129,"items_purged":["Lockon","Stack","Steam","White Noise","Sweeping Beam","Zap","Fusion+1","Coolheaded","Dualcast+1","Sunder+1"],"score":2070,"play_id":"92d2fde2-9a7b-496f-ba99-1d2492b73ac8","local_time":"20201213005141","is_ascension_mode":true,"campfire_choices":[{"data":"Defragment","floor":15.0,"key":"SMITH"},{"data":"Coolheaded","floor":23.0,"key":"SMITH"},{"floor":32.0,"key":"RECALL"}],"circlet_count":0,"master_deck":["White Noise+1","Capacitor+1","Defragment+1","Coolheaded+1","Biased Cognition","Deep Breath","Core Surge+1","Heatsinks+1","Storm+1","Creative AI","Core Surge+1","Blizzard","Vault"],"relics":["Runic Dome","Runic Capacitor","Lizard Tail","War Paint","Incense Burner","Ancient Tea Set","Smiling Mask","Sundial","Mercury Hourglass","Blood Vial","Odd Mushroom","Omamori","Bag of Preparation","Medical Kit","Calling Bell","MawBank","Mummified Hand","Shovel","Lantern","Pocketwatch","Membership Card","Torii","DataDisk","Orrery","Runic Pyramid","Gremlin Horn","PrismaticShard","Old Coin","Frozen Egg 2","HandDrill","Meat on the Bone","Gambling Chip","Whetstone","Shuriken","Bottled Tornado","Kunai","Blue Candle","Ornamental Fan","Cables","Ice Cream","FossilizedHelix"],"acts_visited":["Exordium","TheCity","TheBeyond","TheEnding"],"potions_floor_usage":[45,48],"damage_taken":[{"damage":0.0,"enemies":"Cultist","floor":1.0,"turns":3.0},{"damage":6.0,"enemies":"3 Sentries","floor":7.0,"turns":5.0},{"damage":2.0,"enemies":"Lagavulin","floor":11.0,"turns":4.0},{"damage":3.0,"enemies":"The Mushroom Lair","floor":12.0,"turns":3.0},{"damage":0.0,"enemies":"Slime Boss","floor":16.0,"turns":6.0},{"damage":0.0,"enemies":"Spheric Guardian","floor":18.0,"turns":2.0},{"damage":0.0,"enemies":"3 Byrds","floor":20.0,"turns":3.0},{"damage":0.0,"enemies":"Snake Plant","floor":21.0,"turns":2.0},{"damage":0.0,"enemies":"Snecko","floor":22.0,"turns":1.0},{"damage":0.0,"enemies":"Slavers","floor":24.0,"turns":1.0},{"damage":0.0,"enemies":"3 Cultists","floor":25.0,"turns":1.0},{"damage":0.0,"enemies":"Gremlin Leader","floor":28.0,"turns":1.0},{"damage":1.0,"enemies":"Centurion and Healer","floor":31.0,"turns":2.0},{"damage":0.0,"enemies":"Collector","floor":33.0,"turns":2.0},{"damage":0.0,"enemies":"Orb Walker","floor":35.0,"turns":1.0},{"damage":6.0,"enemies":"3 Darklings","floor":36.0,"turns":2.0},{"damage":0.0,"enemies":"4 Shapes","floor":38.0,"turns":1.0},{"damage":0.0,"enemies":"Jaw Worm Horde","floor":39.0,"turns":1.0},{"damage":0.0,"enemies":"Giant Head","floor":40.0,"turns":1.0},{"damage":0.0,"enemies":"Maw","floor":41.0,"turns":2.0},{"damage":0,"enemies":"Reptomancer","floor":45,"turns":1},{"damage":0,"enemies":"Spire Growth","floor":46,"turns":1},{"damage":0,"enemies":"2 Orb Walkers","floor":47,"turns":2},{"damage":0,"enemies":"Giant Head","floor":48,"turns":1},{"damage":0,"enemies":"Awakened One","floor":50,"turns":3},{"damage":0,"enemies":"Shield and Spear","floor":54,"turns":1},{"damage":21,"enemies":"The Heart","floor":55,"turns":5}],"seed_played":"4084393371088393676","potions_obtained":[{"floor":11.0,"key":"Dexterity Potion"},{"floor":12.0,"key":"DistilledChaos"},{"floor":35.0,"key":"FairyPotion"},{"floor":46,"key":"Energy Potion"}],"is_trial":false,"path_per_floor":["M","$","?","?","T","R","E","R","T","?","E","?","R","$","R","B",null,"M","?","M","M","M","R","E","M","T","R","E","?","$","M","R","B",null,"M","M","?","M","M","E","M","R","T","R","E","M","?","E","R","B",null,"R","$","E","B",null],"character_chosen":"DEFECT","items_purchased":["Runic Capacitor","Coolheaded","Capacitor","Defragment","War Paint","Incense Burner","Coolheaded","Smiling Mask","Sundial","Deep Breath","Omamori","Bag of Preparation","Medical Kit","Membership Card","DataDisk","Orrery","PrismaticShard","Old Coin","Frozen Egg 2","HandDrill","Shuriken","Bottled Tornado","Kunai","Blizzard","Blue Candle","Ornamental Fan","Cables","Ice Cream"],"campfire_rested":0,"item_purchase_floors":[2,2,2,6,6,6,6,8,8,13,13,13,14,27,30,30,42,44,44,44,49,49,52,52,53,53,53,53],"current_hp_per_floor":[75,75,72,57,57,57,51,51,51,51,49,48,48,48,48,50,69,71,71,73,75,75,75,75,75,75,75,75,75,75,74,74,75,75,75,69,69,71,73,75,75,75,75,75,75,75,75,75,75,75,75,75,75,75,54],"gold":1431,"neow_bonus":"BOSS_RELIC","is_daily":false,"chose_seed":false,"campfire_upgraded":2,"win_rate":0.0,"timestamp":1607788301,"path_taken":["M","$","?","?","?","R","E","R","T","?","E","?","R","$","R","BOSS","M","?","M","M","?","R","E","M","T","R","E","?","$","M","R","BOSS","M","M","?","M","?","E","M","R","T","R","E","M","?","E","R","BOSS","R","$","E","BOSS"],"items_purchased_type":["Relic","Card","Card","Card","Relic","Relic","Card","Relic","Relic","Card","Relic","Relic","Relic","Relic","Relic","Relic","Relic","Relic","Relic","Relic","Relic","Relic","Relic","Card","Relic","Relic","Relic","Relic"],"build_version":"2020-11-30","purchased_purges":10,"victory":true,"max_hp_per_floor":[75,75,75,75,75,75,75,75,75,75,75,75,75,75,75,75,75,75,75,75,75,75,75,75,75,75,75,75,75,75,75,75,75,75,75,75,75,75,75,75,75,75,75,75,75,75,75,75,75,75,75,75,75,75,75],"card_choices":[{"not_picked":["Streamline","Stack","Scrape"],"picked":"SKIP","floor":1.0},{"not_picked":["Go for the Eyes","Ball Lightning","Beam Cell"],"picked":"SKIP","floor":7.0},{"not_picked":["Hello World","Hologram","Leap"],"picked":"SKIP","floor":11.0},{"not_picked":["Compile Driver","Beam Cell"],"picked":"Biased Cognition","floor":12.0},{"not_picked":["Meteor Strike","Seek"],"picked":"Core Surge","floor":16.0},{"not_picked":["Beam Cell","Sweeping Beam+1","Steam"],"picked":"SKIP","floor":18.0},{"not_picked":["Aggregate+1","Turbo"],"picked":"Heatsinks+1","floor":20.0},{"not_picked":["Seek","Glacier","Hologram+1"],"picked":"SKIP","floor":21.0},{"not_picked":["Melter","Gash+1","Ball Lightning+1"],"picked":"SKIP","floor":22.0},{"not_picked":["Steam Power","Coolheaded","Undo"],"picked":"SKIP","floor":24.0},{"not_picked":["Leap","Heatsinks","Sweeping Beam+1"],"picked":"SKIP","floor":25.0},{"not_picked":["Fusion","Genetic Algorithm+1"],"picked":"Storm+1","floor":28.0},{"not_picked":["Chaos","Conserve Battery"],"picked":"Creative AI","floor":30.0},{"not_picked":["Lockon","Steam","Conserve Battery"],"picked":"SKIP","floor":31.0},{"not_picked":["Multi-Cast","Thunder Strike"],"picked":"Core Surge","floor":33.0},{"not_picked":["Gash+1","Rebound+1","Compile Driver"],"picked":"SKIP","floor":35.0},{"not_picked":["Cold Snap+1","Genetic Algorithm+1","Undo"],"picked":"SKIP","floor":36.0},{"not_picked":["Doom and Gloom+1","Rebound+1","Lockon+1"],"picked":"SKIP","floor":38.0},{"not_picked":["Compile Driver","Streamline","Tempest"],"picked":"SKIP","floor":39.0},{"not_picked":["Go for the Eyes+1","Steam Power+1","Ball Lightning"],"picked":"SKIP","floor":40.0},{"not_picked":["Cold Snap","Auto Shields+1","Steam"],"picked":"SKIP","floor":41.0},{"not_picked":["The Bomb","JustLucky+1","ClearTheMind+1"],"picked":"SKIP","floor":45},{"not_picked":["Dagger Spray+1","LuminesStrike","SporeBomb+1"],"picked":"SKIP","floor":46},{"not_picked":["NonDirectionalLaser+1","Stack+1","Flex"],"picked":"SKIP","floor":48},{"not_picked":["Rupture+1","Clash"],"picked":"Vault","floor":54}],"player_experience":326980,"relics_obtained":[{"floor":7.0,"key":"Ancient Tea Set"},{"floor":9.0,"key":"Mercury Hourglass"},{"floor":11.0,"key":"Blood Vial"},{"floor":12.0,"key":"Odd Mushroom"},{"floor":17.0,"key":"MawBank"},{"floor":17.0,"key":"Mummified Hand"},{"floor":17.0,"key":"Shovel"},{"floor":24.0,"key":"Lantern"},{"floor":26.0,"key":"Pocketwatch"},{"floor":28.0,"key":"Torii"},{"floor":40.0,"key":"Gremlin Horn"},{"floor":45,"key":"Meat on the Bone"},{"floor":47,"key":"Gambling Chip"},{"floor":48,"key":"Whetstone"},{"floor":54,"key":"FossilizedHelix"}],"event_choices":[{"damage_healed":0.0,"max_hp_gain":0.0,"max_hp_loss":0.0,"gold_gain":0.0,"event_name":"Scrap Ooze","player_choice":"Success","floor":3.0,"gold_loss":0.0,"damage_taken":3.0,"relics_obtained":["Lizard Tail"]},{"damage_healed":0.0,"max_hp_gain":0.0,"max_hp_loss":0.0,"gold_gain":0.0,"event_name":"Shining Light","player_choice":"Entered Light","floor":4.0,"gold_loss":0.0,"damage_taken":15.0,"cards_upgraded":["Dualcast","Capacitor"]},{"damage_healed":0.0,"max_hp_gain":0.0,"max_hp_loss":0.0,"gold_gain":0.0,"event_name":"Liars Game","player_choice":"Ignored","floor":10.0,"gold_loss":0.0,"damage_taken":0.0},{"damage_healed":0.0,"max_hp_gain":0.0,"max_hp_loss":0.0,"gold_gain":0.0,"event_name":"Mushrooms","player_choice":"Fought Mushrooms","floor":12.0,"gold_loss":0.0,"damage_taken":0.0},{"damage_healed":0.0,"max_hp_gain":0.0,"max_hp_loss":0.0,"gold_gain":0.0,"event_name":"Upgrade Shrine","player_choice":"Upgraded","floor":19.0,"gold_loss":0.0,"damage_taken":0.0,"cards_upgraded":["Sunder"]},{"damage_healed":0.0,"max_hp_gain":0.0,"max_hp_loss":0.0,"gold_gain":99.0,"event_name":"Nest","player_choice":"Stole From Cult","floor":29.0,"gold_loss":0.0,"damage_taken":0.0},{"damage_healed":0.0,"max_hp_gain":0.0,"max_hp_loss":0.0,"gold_gain":0.0,"event_name":"Lab","player_choice":"Got Potions","floor":37.0,"gold_loss":0.0,"damage_taken":0.0},{"damage_healed":0,"gold_gain":0,"player_choice":"Fight","damage_taken":0,"max_hp_gain":0,"max_hp_loss":0,"event_name":"Mysterious Sphere","floor":47,"gold_loss":0}],"is_beta":false,"boss_relics":[{"not_picked":["Philosopher\u0027s Stone","Cursed Key"],"picked":"Calling Bell"},{"not_picked":["Black Star","SacredBark"],"picked":"Runic Pyramid"}],"items_purged_floors":[2,2,6,8,8,13,14,27,30,52],"is_endless":false,"potions_floor_spawned":[11,12,20,22,31,35,36,39,41,46,54],"ascension_level":5}}