{"host":"n23juj4d9qam5hh1","time":1607776419,"event":{"mods":["BaseMod","Better Note","BetterRewards","Infinite Spire","Minty Spire (QoL Compilation)","Relic Stats","StSLib"],"gold_per_floor":[116,116,136,136,155,155,189,189,189,189,189,208,117,136,136,235,235,250,250,261,273,63,63,92,92,92,105,119,119,133,48,48,48,48],"floor_reached":33,"playtime":1198,"items_purged":["Strike_R"],"score":319,"play_id":"cd4197f4-b301-4c5b-a2bf-a2eccc4be420","local_time":"20201212073339","is_ascension_mode":true,"campfire_choices":[{"data":"Bash","floor":6.0,"key":"SMITH"},{"data":"Double Tap","floor":8.0,"key":"SMITH"},{"data":"Cleave","floor":10.0,"key":"SMITH"},{"data":"Inflame","floor":15,"key":"SMITH"},{"data":"Demon Form","floor":23,"key":"SMITH"},{"floor":25,"key":"REST"},{"floor":32,"key":"REST"}],"circlet_count":0,"master_deck":["Strike_R","Strike_R","Strike_R","Strike_R","Defend_R","Defend_R","Defend_R","Defend_R","Bash+1","Pommel Strike","Cleave+1","Sword Boomerang","Double Tap+1","infinitespire:Oblivion","infinitespire:OneForAll","Whirlwind","Flex","Inflame+1","Feed","infinitespire:Oblivion","Intimidate+1","Clothesline+1","Demon Form+1","Body Slam+1","Battle Trance"],"relics":["Burning Blood","Unceasing Top","TungstenRod","Pen Nib","Bronze Scales","Singing Bowl","infinitespire:PuzzleCube"],"acts_visited":["Exordium","TheCity"],"potions_floor_usage":[16,24,24,33],"damage_taken":[{"damage":4.0,"enemies":"Jaw Worm","floor":1.0,"turns":6.0},{"damage":0.0,"enemies":"Small Slimes","floor":3.0,"turns":3.0},{"damage":4.0,"enemies":"2 Louse","floor":5.0,"turns":2.0},{"damage":14.0,"enemies":"Gremlin Nob","floor":7.0,"turns":3.0},{"damage":5.0,"enemies":"2 Fungi Beasts","floor":12.0,"turns":2.0},{"damage":5,"enemies":"3 Louse","floor":14,"turns":2},{"damage":32,"enemies":"Hexaghost","floor":16,"turns":9},{"damage":13,"enemies":"3 Byrds","floor":18,"turns":5},{"damage":25,"enemies":"2 Thieves","floor":20,"turns":3},{"damage":4,"enemies":"Snecko","floor":21,"turns":3},{"damage":21,"enemies":"Book of Stabbing","floor":24,"turns":4},{"damage":20,"enemies":"Centurion and Healer","floor":27,"turns":4},{"damage":20,"enemies":"Snake Plant","floor":28,"turns":3},{"damage":42,"enemies":"Colosseum Slavers","floor":29,"turns":5},{"damage":10,"enemies":"Snecko","floor":30,"turns":4},{"damage":59,"enemies":"Automaton","floor":33,"turns":6}],"seed_played":"-1176692675612674520","potions_obtained":[{"floor":1.0,"key":"PowerPotion"},{"floor":3.0,"key":"LiquidMemories"},{"floor":14,"key":"SneckoOil"},{"floor":16,"key":"SpeedPotion"},{"floor":18,"key":"Energy Potion"},{"floor":21,"key":"LiquidBronze"}],"is_trial":false,"path_per_floor":["M","?","M","$","M","R","E","R","T","R","?","M","$","M","R","B",null,"M","AVR","M","M","$","R","E","R","T","M","M","?","M","?","R","B"],"character_chosen":"IRONCLAD","items_purchased":["Whirlwind","Flex","Demon Form"],"campfire_rested":2,"item_purchase_floors":[13,13,22],"current_hp_per_floor":[80,85,85,85,85,85,77,77,77,77,58,59,59,60,60,34,85,78,78,62,64,64,64,49,75,75,63,49,16,14,14,42,0,0],"gold":48,"neow_bonus":"THREE_CARDS","is_daily":false,"chose_seed":false,"campfire_upgraded":5,"win_rate":0.0,"timestamp":1607776419,"path_taken":["M","?","M","$","M","R","E","R","T","R","?","M","$","M","R","BOSS","M","AVR","M","M","$","R","E","R","T","M","M","?","M","?","R","BOSS"],"items_purchased_type":["Card","Card","Card"],"build_version":"2020-11-30","purchased_purges":1,"victory":false,"max_hp_per_floor":[80,85,85,85,85,85,85,85,85,85,85,85,85,85,85,85,85,85,85,88,88,88,88,88,88,88,90,90,93,95,95,95,95,95],"relic_stats":{"Singing Bowl":4,"counters":[16,64],"Bronze Scales":[60],"Pen Nib":[6],"obtain_stats":[{"Singing Bowl":26,"Bronze Scales":24,"Pen Nib":19,"Burning Blood":0,"Unceasing Top":7,"TungstenRod":9,"infinitespire:PuzzleCube":31},{"Singing Bowl":11,"Bronze Scales":11,"Pen Nib":8,"Burning Blood":0,"Unceasing Top":4,"TungstenRod":4,"infinitespire:PuzzleCube":15},{"Singing Bowl":42,"Bronze Scales":42,"Pen Nib":32,"Burning Blood":0,"Unceasing Top":14,"TungstenRod":14,"infinitespire:PuzzleCube":58}],"Burning Blood":80,"Unceasing Top":[5],"TungstenRod":66},"card_choices":[{"not_picked":["Headbutt","Havoc"],"picked":"Pommel Strike","floor":0.0},{"not_picked":["Clash","Disarm","Anger"],"picked":"SKIP","floor":1.0},{"not_picked":["True Grit","Sever Soul"],"picked":"Cleave","floor":3.0},{"not_picked":["Clothesline","True Grit"],"picked":"Sword Boomerang","floor":5.0},{"not_picked":["Havoc","Sword Boomerang"],"picked":"Double Tap","floor":7.0},{"not_picked":["infinitespire:TheBestDefense","infinitespire:Gouge"],"picked":"infinitespire:Oblivion","floor":11.0},{"not_picked":["Body Slam","Heavy Blade"],"picked":"infinitespire:OneForAll","floor":12.0},{"not_picked":["True Grit","Havoc"],"picked":"Inflame","floor":14},{"not_picked":["Brutality","Juggernaut"],"picked":"Feed","floor":16},{"not_picked":["Iron Wave","Flex","Twin Strike"],"picked":"SKIP","floor":18},{"not_picked":["Twin Strike","Clothesline"],"picked":"Intimidate+1","floor":20},{"not_picked":["Thunderclap+1","Bloodletting"],"picked":"Clothesline+1","floor":21},{"not_picked":["Pommel Strike","Havoc"],"picked":"Body Slam+1","floor":24},{"not_picked":["Dropkick+1","Iron Wave","Flex"],"picked":"Singing Bowl","floor":27},{"not_picked":["Perfected Strike","infinitespire:OneForAll"],"picked":"Battle Trance","floor":28},{"not_picked":["Double Tap","Infernal Blade","Twin Strike"],"picked":"Singing Bowl","floor":30}],"player_experience":165971,"relics_obtained":[{"floor":7.0,"key":"Unceasing Top"},{"floor":9.0,"key":"TungstenRod"},{"floor":24,"key":"Bronze Scales"},{"floor":26,"key":"Singing Bowl"}],"event_choices":[{"damage_healed":0.0,"max_hp_gain":5.0,"max_hp_loss":0.0,"gold_gain":0.0,"event_name":"Big Fish","player_choice":"Donut","floor":2.0,"gold_loss":0.0,"damage_taken":0.0},{"damage_healed":0,"gold_gain":0,"player_choice":"Fight","damage_taken":0,"max_hp_gain":0,"max_hp_loss":0,"event_name":"Colosseum","floor":29,"gold_loss":0},{"damage_healed":0,"gold_gain":0,"player_choice":"Fled From Nobs","damage_taken":0,"max_hp_gain":0,"max_hp_loss":0,"event_name":"Colosseum","floor":29,"gold_loss":0},{"damage_healed":0,"gold_gain":0,"player_choice":"Obtained Relic","damage_taken":0,"relics_obtained":["infinitespire:PuzzleCube"],"max_hp_gain":0,"max_hp_loss":0,"event_name":"Addict","floor":31,"gold_loss":85}],"is_beta":false,"boss_relics":[{"not_picked":["Ectoplasm","Runic Dome","Snecko Eye"]}],"items_purged_floors":[22],"is_endless":false,"potions_floor_spawned":[1,3,14,16,18,21,29],"killed_by":"Automaton","ascension_level":2}}