{"host":"9d9dhukr2jywmy0f","time":1607757477,"event":{"mods":["2.2 Compatiblity","Alarm Clock","BaseMod","Bestiary","Block Reminder","Colored Map","Colored Powertips","Curses Come First","DeckTracker","Displayed Cursed Tome","Highlight Path","Jorbs\u0027s Wanderer Trilogy","Key Reminder","Minty Spire (QoL Compilation)","MonsterHotkey","Potion Indicator Mod","Quick Restart","RNG Fix","Rare Cards Sparkle","Relic Sorter","Relic Stats","Spire Birthday Party","StSLib","Synergy Search","Unceasing Turn Reminder","Unknown Chances"],"gold_per_floor":[116,416,435,452,452,462,462],"floor_reached":6,"playtime":1256,"items_purged":[],"score":36,"play_id":"ea3e23d5-6fef-4c82-8738-a2422b0edb59","local_time":"20201212151757","is_ascension_mode":false,"campfire_choices":[],"circlet_count":0,"master_deck":["stsjorbsmod:ForbiddenGrimoire+1","stsjorbsmod:Strike_Wanderer","stsjorbsmod:Strike_Wanderer","stsjorbsmod:Strike_Wanderer","stsjorbsmod:Strike_Wanderer","stsjorbsmod:Defend_Wanderer","stsjorbsmod:Defend_Wanderer","stsjorbsmod:Defend_Wanderer","stsjorbsmod:FreshAdventure","stsjorbsmod:EyeOfTheStorm","stsjorbsmod:Message","stsjorbsmod:Prepare","stsjorbsmod:TrueStrike"],"relics":["stsjorbsmod:GrimoireRelic","NeowsBlessing","Old Coin"],"acts_visited":["Exordium"],"potions_floor_usage":[],"damage_taken":[{"damage":31.0,"enemies":"Cultist","floor":1.0,"turns":8.0},{"damage":0.0,"enemies":"Small Slimes","floor":3.0,"turns":8.0},{"damage":10.0,"enemies":"Jaw Worm","floor":4.0,"turns":8.0},{"damage":15,"enemies":"3 Sentries","floor":6,"turns":4}],"seed_played":"-1393238689684629192","potions_obtained":[],"is_trial":false,"path_per_floor":["M","?","M","M","?","E"],"character_chosen":"WANDERER","items_purchased":[],"campfire_rested":0,"item_purchase_floors":[],"current_hp_per_floor":[37,25,25,15,15,0,0],"gold":462,"neow_bonus":"THREE_ENEMY_KILL","is_daily":false,"chose_seed":false,"campfire_upgraded":0,"win_rate":0.0,"timestamp":1607757477,"path_taken":["M","?","?","M","?","E"],"items_purchased_type":[],"build_version":"2020-11-30","purchased_purges":0,"victory":false,"max_hp_per_floor":[68,68,68,68,68,68,68],"relic_stats":{"counters":[4,28],"obtain_stats":[{"NeowsBlessing":0,"stsjorbsmod:GrimoireRelic":0,"Old Coin":2},{"NeowsBlessing":0,"stsjorbsmod:GrimoireRelic":0,"Old Coin":1},{"NeowsBlessing":0,"stsjorbsmod:GrimoireRelic":0,"Old Coin":8}]},"card_choices":[{"not_picked":["stsjorbsmod:Firebolt","stsjorbsmod:ChatteringStrike"],"picked":"stsjorbsmod:Message","floor":1.0},{"not_picked":["stsjorbsmod:Inferno","stsjorbsmod:DoubleCheck"],"picked":"stsjorbsmod:Prepare","floor":3.0},{"not_picked":["stsjorbsmod:ParryingBlow","stsjorbsmod:Prestidigitation"],"picked":"stsjorbsmod:TrueStrike","floor":4.0}],"player_experience":671778,"relics_obtained":[],"event_choices":[{"damage_healed":0.0,"max_hp_gain":0.0,"max_hp_loss":0.0,"gold_gain":0.0,"event_name":"Scrap Ooze","player_choice":"Success","floor":2.0,"gold_loss":0.0,"damage_taken":12.0,"relics_obtained":["Old Coin"]},{"cards_removed":["stsjorbsmod:Defend_Wanderer"],"damage_healed":0,"gold_gain":0,"player_choice":"Forget","damage_taken":0,"max_hp_gain":0,"max_hp_loss":0,"event_name":"Living Wall","floor":5,"gold_loss":0}],"is_beta":false,"boss_relics":[],"items_purged_floors":[],"is_endless":false,"potions_floor_spawned":[],"killed_by":"3 Sentries","ascension_level":0}}