{"host":"ktoxvvst1mwxww91","time":1607767931,"event":{"mods":["BaseMod","Downfall","Hermit","Minty Spire (QoL Compilation)","StSLib","The Blackbeard","The Hierophant","The Mystic","The Necromancer"],"gold_per_floor":[112,112,112,133,58,94,110,151,151,151,171,171,194,214,214,335,335,360,360,75,75,90,90,90,90],"floor_reached":24,"playtime":892,"items_purged":["hermit:Strike_Hermit","hermit:Snapshot"],"score":324,"play_id":"4b339895-f783-4a97-9a2a-ec72e35c8be4","local_time":"20201212111211","is_ascension_mode":true,"campfire_choices":[{"floor":10.0,"key":"REST"},{"data":"Pain","floor":15.0,"key":"PURGE"},{"data":"hermit:Determination","floor":23,"key":"SMITH"}],"circlet_count":0,"master_deck":["hermit:Defend_Hermit","hermit:Defend_Hermit","hermit:Defend_Hermit","hermit:Defend_Hermit","hermit:Covet","hermit:Spite","hermit:EyeOfTheStorm","hermit:Deadeye","hermit:Spite","hermit:Dive","hermit:HoleUp","hermit:Quickdraw","hermit:HeroicBravado","hermit:FlashPowder","Bite","Bite","Bite","Bite","Bite","hermit:Determination+1","hermit:GhostlyPresence+1"],"relics":["SlaversCollar","Mercury Hourglass","Golden Idol","Kunai","Peace Pipe","Matryoshka","WarpedTongs","Snecko Eye","Membership Card"],"acts_visited":["Exordium","TheCity"],"potions_floor_usage":[],"damage_taken":[{"damage":0.0,"enemies":"Small Slimes","floor":1.0,"turns":4.0},{"damage":0.0,"enemies":"2 Louse","floor":4.0,"turns":2.0},{"damage":32.0,"enemies":"Gremlin Nob","floor":6.0,"turns":4.0},{"damage":0.0,"enemies":"Cultist","floor":7.0,"turns":3.0},{"damage":15.0,"enemies":"3 Sentries","floor":8.0,"turns":6.0},{"damage":0.0,"enemies":"2 Fungi Beasts","floor":11.0,"turns":2.0},{"damage":1.0,"enemies":"Red Slaver","floor":13.0,"turns":3.0},{"damage":5.0,"enemies":"Gremlin Gang","floor":14.0,"turns":3.0},{"damage":18.0,"enemies":"The Guardian","floor":16.0,"turns":11.0},{"damage":4.0,"enemies":"3 Byrds","floor":18.0,"turns":6.0},{"damage":30,"enemies":"Spheric Guardian","floor":22,"turns":7},{"damage":43,"enemies":"Gremlin Leader","floor":24,"turns":7}],"seed_played":"-2818529373656400600","potions_obtained":[{"floor":6.0,"key":"Strength Potion"},{"floor":8.0,"key":"SteroidPotion"},{"floor":11.0,"key":"DistilledChaos"},{"floor":14.0,"key":"Energy Potion"},{"floor":16.0,"key":"BlessingOfTheForge"}],"is_trial":false,"path_per_floor":["M","?","?","M","$","E","M","E","T","R","M","?","M","M","R","B",null,"M","?","$","?","M","R","E"],"character_chosen":"HERMIT","items_purchased":["Membership Card","hermit:Determination"],"campfire_rested":1,"item_purchase_floors":[20,20],"current_hp_per_floor":[68,56,56,56,56,24,24,9,9,29,29,29,28,23,23,5,53,49,48,48,48,24,24,0,0],"gold":90,"neow_bonus":"BOSS_RELIC","is_daily":false,"chose_seed":false,"campfire_upgraded":1,"win_rate":0.0,"timestamp":1607767931,"path_taken":["M","?","?","M","$","E","M","E","T","R","M","?","?","M","R","BOSS","M","?","$","?","M","R","E"],"items_purchased_type":["Relic","Card"],"build_version":"2020-11-30","purchased_purges":2,"victory":false,"max_hp_per_floor":[75,75,69,69,69,69,69,69,69,69,69,69,69,69,69,69,69,69,48,48,48,48,48,48,48],"card_choices":[{"not_picked":["hermit:Dive","hermit:HoleUp"],"picked":"hermit:Spite","floor":1.0},{"not_picked":["hermit:Desperado","hermit:Brawl"],"picked":"hermit:EyeOfTheStorm","floor":4.0},{"not_picked":["hermit:LoneWolf","hermit:Shortfuse","hermit:FullyLoaded"],"picked":"SKIP","floor":6.0},{"not_picked":["hermit:Misfire","hermit:CursedWeapon"],"picked":"hermit:Deadeye","floor":7.0},{"not_picked":["hermit:ItchyTrigger","hermit:Glare"],"picked":"hermit:Spite","floor":8.0},{"not_picked":["hermit:Quickdraw","hermit:TakeAim"],"picked":"hermit:Dive","floor":11.0},{"not_picked":["hermit:TakeCover","hermit:ItchyTrigger"],"picked":"hermit:HoleUp","floor":13.0},{"not_picked":["hermit:ItchyTrigger","hermit:ShadowCloak"],"picked":"hermit:Quickdraw","floor":14.0},{"not_picked":["hermit:OverwhelmingPower","hermit:EternalForm"],"picked":"hermit:HeroicBravado","floor":16.0},{"not_picked":["hermit:Feint","hermit:BigShot"],"picked":"hermit:FlashPowder","floor":18.0},{"not_picked":["hermit:Snipe","hermit:TakeCover"],"picked":"hermit:GhostlyPresence+1","floor":22}],"player_experience":1011960,"relics_obtained":[{"floor":6.0,"key":"Kunai"},{"floor":8.0,"key":"Peace Pipe"},{"floor":9.0,"key":"Matryoshka"}],"event_choices":[{"damage_healed":0.0,"max_hp_gain":0.0,"max_hp_loss":0.0,"gold_gain":0.0,"event_name":"Scrap Ooze","player_choice":"Success","floor":2.0,"gold_loss":0.0,"damage_taken":12.0,"relics_obtained":["Mercury Hourglass"]},{"damage_healed":0.0,"max_hp_gain":0.0,"max_hp_loss":6.0,"gold_gain":0.0,"event_name":"Golden Idol","player_choice":"Lose Max HP","floor":3.0,"gold_loss":0.0,"damage_taken":0.0,"relics_obtained":["Golden Idol"]},{"damage_healed":0.0,"max_hp_gain":0.0,"max_hp_loss":0.0,"gold_gain":0.0,"event_name":"Accursed Blacksmith","player_choice":"Rummage","floor":12.0,"gold_loss":0.0,"damage_taken":0.0,"relics_obtained":["WarpedTongs"],"cards_obtained":["Pain"]},{"damage_healed":0.0,"max_hp_gain":0.0,"max_hp_loss":21.0,"gold_gain":0.0,"event_name":"Vampires","player_choice":"Became a vampire","floor":19.0,"gold_loss":0.0,"damage_taken":0.0,"cards_obtained":["Bite","Bite","Bite","Bite","Bite"]},{"damage_healed":0.0,"max_hp_gain":0.0,"max_hp_loss":0.0,"gold_gain":0.0,"event_name":"Match and Keep!","player_choice":"0 cards matched","floor":21.0,"gold_loss":0.0,"damage_taken":0.0,"cards_obtained":[]}],"is_beta":false,"boss_relics":[{"not_picked":["Runic Pyramid","Ectoplasm"],"picked":"Snecko Eye"}],"items_purged_floors":[5,20],"is_endless":false,"potions_floor_spawned":[6,8,11,14,16],"killed_by":"Gremlin Leader","ascension_level":9}}