{"host":"wzwwvfnzepcurwoi","time":1607808934,"event":{"mods":["BaseMod","Colored Powertips","Duelist Mod","Hero for Fun","Minty Spire (QoL Compilation)","Quick Restart","StSLib","The Bladedancer","The Bug Knight","The Trickster","The Wild Card"],"gold_per_floor":[118,133,86,86,98,123,123,16,16,16,34,48,59,10,10,111,111,127,138,151,151,164,183,183,510,510,530,558,558,570,589,589,693,693,712,725,743,1742,1742,1742,1144,1144,1170,1170,1170,1189,1222,1237,1237,1237,1237],"floor_reached":50,"playtime":4046,"items_purged":["Normality"],"score":643,"play_id":"2204ad4c-b3bb-43e0-a3b6-efcaca87e3ba","local_time":"20201212143534","is_ascension_mode":false,"campfire_choices":[{"floor":7.0,"key":"REST"},{"floor":10.0,"key":"REST"},{"floor":15.0,"key":"REST"},{"floor":24.0,"key":"REST"},{"floor":29.0,"key":"REST"},{"floor":32.0,"key":"REST"},{"floor":40.0,"key":"REST"},{"floor":42.0,"key":"REST"},{"floor":45.0,"key":"REST"},{"floor":49,"key":"REST"}],"circlet_count":0,"master_deck":["Strike_G","Strike_G","Strike_G","Strike_G","Strike_G","Defend_G","Defend_G","Defend_G","Defend_G","Defend_G","Survivor","Neutralize","Dodge and Roll","Blade Dance","Backflip","Caltrops","Terror+1","Dash","Footwork","Deflect+1","Backflip+1","Sucker Punch","Corpse Explosion+1","Dagger Spray+1","Prepared+1","Dash+1","Adrenaline+1","Flying Knee","Catalyst+1","Deflect+1","Outmaneuver+1","Outmaneuver+1","Backflip+1","Phantasmal Killer+1","Sucker Punch+1","Noxious Fumes+1","Poisoned Stab","Normality","Madness+1","Madness+1","Dodge and Roll+1","Caltrops","All Out Attack","Night Terror+1","Jack Of All Trades+1","Bandage Up+1","Discovery+1","PiercingWail+1","Footwork","Expertise+1"],"relics":["Ring of the Serpent","Toxic Egg 2","Ninja Scroll","Fusion Hammer","Old Coin","Mercury Hourglass","Regal Pillow","Oddly Smooth Stone","Membership Card","Bronze Scales","Pear"],"acts_visited":[],"potions_floor_usage":[47,48],"damage_taken":[{"damage":5.0,"enemies":"Jaw Worm","floor":1.0,"turns":6.0},{"damage":0.0,"enemies":"Small Slimes","floor":2.0,"turns":6.0},{"damage":0.0,"enemies":"Cultist","floor":5.0,"turns":5.0},{"damage":31.0,"enemies":"3 Sentries","floor":6.0,"turns":17.0},{"damage":4.0,"enemies":"3 Louse","floor":11.0,"turns":4.0},{"damage":3.0,"enemies":"Lots of Slimes","floor":12.0,"turns":5.0},{"damage":3.0,"enemies":"Large Slime","floor":13.0,"turns":5.0},{"damage":53.0,"enemies":"Slime Boss","floor":16.0,"turns":24.0},{"damage":24.0,"enemies":"3 Byrds","floor":18.0,"turns":4.0},{"damage":0.0,"enemies":"2 Thieves","floor":19.0,"turns":5.0},{"damage":2.0,"enemies":"Cultist and Chosen","floor":20.0,"turns":5.0},{"damage":2.0,"enemies":"Snake Plant","floor":22.0,"turns":4.0},{"damage":0.0,"enemies":"3 Cultists","floor":23.0,"turns":3.0},{"damage":43.0,"enemies":"Gremlin Leader","floor":25.0,"turns":7.0},{"damage":4.0,"enemies":"Centurion and Healer","floor":27.0,"turns":5.0},{"damage":6.0,"enemies":"Book of Stabbing","floor":28.0,"turns":6.0},{"damage":12.0,"enemies":"Snake Plant","floor":30.0,"turns":4.0},{"damage":0.0,"enemies":"Cultist and Chosen","floor":31.0,"turns":3.0},{"damage":27.0,"enemies":"Collector","floor":33.0,"turns":9.0},{"damage":16.0,"enemies":"3 Darklings","floor":35.0,"turns":4.0},{"damage":6.0,"enemies":"3 Shapes","floor":36.0,"turns":2.0},{"damage":17.0,"enemies":"Jaw Worm Horde","floor":37.0,"turns":5.0},{"damage":26,"enemies":"Spire Growth","floor":46,"turns":6},{"damage":19,"enemies":"Nemesis","floor":47,"turns":7},{"damage":27,"enemies":"Sphere and 2 Shapes","floor":48,"turns":6},{"damage":69,"enemies":"Awakened One","floor":50,"turns":7}],"seed_played":"-3535510419863106948","potions_obtained":[{"floor":5.0,"key":"Poison Potion"},{"floor":11.0,"key":"EssenceOfSteel"},{"floor":16.0,"key":"Dexterity Potion"},{"floor":19.0,"key":"PowerPotion"},{"floor":20.0,"key":"SkillPotion"},{"floor":25.0,"key":"Dexterity Potion"},{"floor":30.0,"key":"GhostInAJar"},{"floor":31.0,"key":"GamblersBrew"},{"floor":36.0,"key":"Swift Potion"},{"floor":37.0,"key":"AttackPotion"}],"is_trial":false,"path_per_floor":["M","M","?","?","M","E","R","$","T","R","M","M","M","$","R","B",null,"M","M","M","?","M","M","R","E","T","M","E","R","M","M","R","B",null,"M","M","M","?","?","R","$","R","T","?","R","M","E","M","R","B"],"character_chosen":"THE_SILENT","items_purchased":["Terror+1","Dash","Sucker Punch","Oddly Smooth Stone","Membership Card","Dodge and Roll+1","Caltrops","All Out Attack","Night Terror+1"],"campfire_rested":10,"item_purchase_floors":[8,8,14,41,41,41,41,41,41],"current_hp_per_floor":[72,72,72,72,72,41,64,64,64,77,73,70,67,67,77,24,77,53,53,51,51,49,49,72,29,29,25,19,57,45,45,77,50,77,61,55,38,38,28,66,66,77,77,67,77,51,42,15,56,0,0],"gold":1237,"neow_bonus":"TEN_PERCENT_HP_BONUS","is_daily":false,"chose_seed":false,"campfire_upgraded":0,"win_rate":0.0,"timestamp":1607808934,"path_taken":["M","M","?","?","M","E","R","$","T","R","M","M","M","?","R","BOSS","M","M","?","?","?","M","R","E","T","M","E","R","M","M","R","BOSS","M","M","M","?","?","R","$","R","T","?","R","M","E","M","R","BOSS"],"items_purchased_type":["Card","Card","Card","Relic","Relic","Card","Card","Card","Card"],"build_version":"2020-11-30","purchased_purges":1,"victory":false,"max_hp_per_floor":[77,77,77,77,77,77,77,77,77,77,77,77,77,77,77,77,77,77,77,77,77,77,77,77,77,77,77,77,77,77,77,77,77,77,77,77,77,77,77,77,77,77,77,77,77,77,87,87,87,87,87],"card_choices":[{"not_picked":["Dagger Throw","Dagger Spray"],"picked":"Dodge and Roll","floor":1.0},{"not_picked":["Well Laid Plans","Skewer"],"picked":"Blade Dance","floor":2.0},{"not_picked":["Backstab","PiercingWail"],"picked":"Backflip","floor":5.0},{"not_picked":["Die Die Die","Quick Slash"],"picked":"Caltrops","floor":6.0},{"not_picked":["Endless Agony","Terror+1"],"picked":"Footwork","floor":11.0},{"not_picked":["Tactician+1","Quick Slash"],"picked":"Deflect+1","floor":12.0},{"not_picked":["Dash","Backstab"],"picked":"Backflip+1","floor":13.0},{"not_picked":["Venomology+1","Glass Knife"],"picked":"Corpse Explosion+1","floor":16.0},{"not_picked":["Poisoned Stab","Dagger Throw"],"picked":"Dagger Spray+1","floor":18.0},{"not_picked":["Dagger Spray","Blade Dance+1"],"picked":"Prepared+1","floor":19.0},{"not_picked":["Flechettes+1","Acrobatics+1"],"picked":"Dash+1","floor":20.0},{"not_picked":["PiercingWail+1","Underhanded Strike"],"picked":"Adrenaline+1","floor":22.0},{"not_picked":["Sucker Punch","Footwork"],"picked":"Flying Knee","floor":23.0},{"not_picked":["Acrobatics+1","Endless Agony"],"picked":"Catalyst+1","floor":25.0},{"not_picked":["Sucker Punch","Bane+1"],"picked":"Deflect+1","floor":27.0},{"not_picked":["Quick Slash+1","Expertise+1"],"picked":"Outmaneuver+1","floor":28.0},{"not_picked":["Choke+1","Malaise+1"],"picked":"Outmaneuver+1","floor":30.0},{"not_picked":["Dagger Throw","Flying Knee"],"picked":"Backflip+1","floor":31.0},{"not_picked":["Envenom","Burst+1"],"picked":"Phantasmal Killer+1","floor":33.0},{"not_picked":["Reflex+1","Terror+1"],"picked":"Sucker Punch+1","floor":35.0},{"not_picked":["Dagger Throw+1","Leg Sweep+1"],"picked":"Noxious Fumes+1","floor":36.0},{"not_picked":["Acrobatics+1","Quick Slash+1"],"picked":"Poisoned Stab","floor":37.0},{"not_picked":["Sadistic Nature","Mind Blast"],"picked":"Jack Of All Trades+1","floor":44.0},{"not_picked":["Transmutation+1","Impatience+1"],"picked":"Bandage Up+1","floor":44.0},{"not_picked":["Panacea+1","Trip+1"],"picked":"Discovery+1","floor":44.0},{"not_picked":["Masterful Stab","Skewer+1"],"picked":"PiercingWail+1","floor":46},{"not_picked":["Deadly Poison+1","Underhanded Strike+1"],"picked":"Footwork","floor":47},{"not_picked":["Skewer+1","Outmaneuver+1"],"picked":"Expertise+1","floor":48}],"player_experience":13490,"relics_obtained":[{"floor":6.0,"key":"Toxic Egg 2"},{"floor":9.0,"key":"Ninja Scroll"},{"floor":25.0,"key":"Old Coin"},{"floor":26.0,"key":"Mercury Hourglass"},{"floor":28.0,"key":"Regal Pillow"},{"floor":43.0,"key":"Bronze Scales"},{"floor":47,"key":"Pear"}],"event_choices":[{"damage_healed":0.0,"max_hp_gain":0.0,"max_hp_loss":0.0,"gold_gain":0.0,"event_name":"World of Goop","player_choice":"Left Gold","floor":3.0,"gold_loss":47.0,"damage_taken":0.0},{"damage_healed":0.0,"max_hp_gain":0.0,"max_hp_loss":0.0,"gold_gain":0.0,"event_name":"Liars Game","player_choice":"Ignored","floor":4.0,"gold_loss":0.0,"damage_taken":0.0},{"damage_healed":0.0,"max_hp_gain":0.0,"max_hp_loss":0.0,"gold_gain":0.0,"event_name":"Purifier","player_choice":"Ignored","floor":21.0,"gold_loss":0.0,"damage_taken":0.0},{"damage_healed":0.0,"max_hp_gain":0.0,"max_hp_loss":0.0,"gold_gain":999.0,"event_name":"MindBloom","player_choice":"Gold","floor":38.0,"gold_loss":0.0,"damage_taken":0.0,"cards_obtained":["Normality","Normality"]},{"damage_healed":0.0,"max_hp_gain":0.0,"max_hp_loss":0.0,"gold_gain":0.0,"event_name":"Winding Halls","player_choice":"Embrace Madness","floor":39.0,"gold_loss":0.0,"damage_taken":10.0,"cards_obtained":["Madness","Madness"]},{"damage_healed":0.0,"max_hp_gain":0.0,"max_hp_loss":0.0,"gold_gain":0.0,"event_name":"SensoryStone","player_choice":"Memory 3","floor":44.0,"gold_loss":0.0,"damage_taken":10.0}],"is_beta":false,"boss_relics":[{"not_picked":["Philosopher\u0027s Stone","Astrolabe"],"picked":"Fusion Hammer"},{"not_picked":["Eternal Feather","Empty Cage"],"picked":"Ring of the Serpent"}],"items_purged_floors":[41],"is_endless":false,"potions_floor_spawned":[5,11,16,19,20,25,30,31,36,37],"killed_by":"Awakened One","ascension_level":0}}