{"host":"faxec7zdkweurczj","time":1607748716,"event":{"mods":["Ascension Reborn","BaseMod","Colored Powertips","Conspire","Highlight Path","Minty Spire (QoL Compilation)","Replay The Spire","Shop Mod","StSLib","TestMod","[IsaacMod]以撒尖塔","vexMod","篝火指南"],"gold_per_floor":[123,67,547,570,584,584,620,279,309,343,343,380,398,433,433,562,562,584,692,817,472,498,536,536,559,559,559,591,591,386,411,411,537,537,558,628,277,277,295,339,339,359,359,359,359,404,434,460,312,330,330,330,832,864,880],"floor_reached":56,"playtime":1524,"items_purged":["Strike_R+1","Strike_R+1","Decay","CommonCold","Defend_R+2"],"score":425,"play_id":"bc17757a-9810-4511-947c-562e0d4c5f7d","local_time":"20201212125156","is_ascension_mode":true,"campfire_choices":[{"floor":6.0,"key":"RECALL"},{"data":"Limit Break","floor":11.0,"key":"SMITH"},{"data":"Heavy Blade","floor":15.0,"key":"SMITH"},{"data":"Body Slam","floor":24,"key":"SMITH"},{"data":"Limit Break","floor":32,"key":"SMITH"},{"data":"Demon Form","floor":41,"key":"SMITH"},{"data":"Cleave","floor":41,"key":"SMITH"},{"data":"Shrug It Off","floor":44,"key":"SMITH"},{"data":"Shrug It Off","floor":44,"key":"SMITH"},{"data":"Defend_R+2","floor":52,"key":"SMITH"},{"data":"Defend_R+3","floor":52,"key":"SMITH"}],"circlet_count":0,"master_deck":["Defend_R+4","Bash+1","Shrug It Off+1","Feed","Limit Break+1","Body Slam+1","Heavy Blade+1","Thunderclap+1","Cleave+1","Body Slam+1","Shrug It Off+1","Limit Break+1","Shrug It Off+1","Demon Form+1","Cleave+1"],"relics":["Burning Blood","HushsDoor","testmod-Brilliant","TheBible","NeowsBlessing","testmod-FatalChain","ClockworkSouvenir","Replay:WaspNest","Dead Branch","testmod-TheFather","testmod-Maize","SatanicBible","PreservedInsect","testmod-OneHitWonder","DeadEye","GuppysPaw","BelialBook","Replay:Bottled Snecko","Chameleon Ring","testmod-Register","testmod-NegativeEmotionEnhancer","GuppysHead","Replay:Bottled Steam","StoneCalendar","Turnip","MerchantsRug","vexMod:ScavengeHelm","Potion Belt","testmod-IndustrialRevolution","testmod-BlackFramedGlasses","Bag of Marbles"],"acts_visited":["Exordium","TheCity","TheBeyond","TheEnding"],"potions_floor_usage":[16,16,16,55,55,55,55,55],"damage_taken":[{"damage":0.0,"enemies":"Small Slimes","floor":1.0,"turns":1.0},{"damage":0.0,"enemies":"conspire:RoseBush","floor":4.0,"turns":1.0},{"damage":0.0,"enemies":"Cultist","floor":5.0,"turns":1.0},{"damage":0.0,"enemies":"Gremlin Nob","floor":7.0,"turns":2.0},{"damage":0.0,"enemies":"Lagavulin","floor":10.0,"turns":2.0},{"damage":0.0,"enemies":"Replay:BlueRogue","floor":12.0,"turns":4.0},{"damage":0.0,"enemies":"3 Louse","floor":13.0,"turns":1.0},{"damage":0.0,"enemies":"3 Sentries","floor":14.0,"turns":1.0},{"damage":0,"enemies":"Hexaghost","floor":16,"turns":2},{"damage":0,"enemies":"Shell Parasite","floor":18,"turns":1},{"damage":0,"enemies":"2 Thieves","floor":22,"turns":1},{"damage":6,"enemies":"conspire:SneckoGhost","floor":23,"turns":2},{"damage":0,"enemies":"3 Cultists","floor":25,"turns":1},{"damage":0,"enemies":"Gremlin Leader","floor":28,"turns":1},{"damage":0,"enemies":"Snecko","floor":31,"turns":1},{"damage":0,"enemies":"Champ","floor":33,"turns":5},{"damage":0,"enemies":"Orb Walker","floor":35,"turns":1},{"damage":0,"enemies":"2 Orb Walkers","floor":36,"turns":1},{"damage":0,"enemies":"3 Shapes","floor":39,"turns":1},{"damage":0,"enemies":"Reptomancer","floor":40,"turns":1},{"damage":0,"enemies":"Maw","floor":42,"turns":1},{"damage":0,"enemies":"R_Hoarder","floor":46,"turns":1},{"damage":0,"enemies":"Spire Growth","floor":48,"turns":1},{"damage":0,"enemies":"Awakened One","floor":50,"turns":4},{"damage":0,"enemies":"Shield and Spear","floor":54,"turns":1},{"damage":0,"enemies":"Delirium","floor":55,"turns":7}],"seed_played":"6652526555755778478","potions_obtained":[{"floor":1.0,"key":"SteroidPotion"},{"floor":1.0,"key":"Block Potion"},{"floor":4.0,"key":"FearPotion"},{"floor":12.0,"key":"Toxic Potion"},{"floor":13.0,"key":"FearPotion"},{"floor":16,"key":"Ancient Potion"},{"floor":18,"key":"AttackPotion"},{"floor":22,"key":"Explosive Potion"},{"floor":25,"key":"EssenceOfSteel"},{"floor":33,"key":"Adrenaline Potion"},{"floor":48,"key":"Energy Potion"}],"is_trial":false,"path_per_floor":["M","$","?","M","M","R","E","R","T","E","R","E","M","E","R","B",null,"M","?","?","$","M","E","R","M","T","?","E","?","$","M","R","B",null,"M","?","$","?","M","E","R","M","T","R","$","E","T","M","R","B",null,"R","$","E","B",null],"character_chosen":"IRONCLAD","items_purchased":["Replay:Wax Seal","ClockworkSouvenir","Feed","SatanicBible","Lee\u0027s Waffle","Cleave","DeadEye","testmod-Register","Demon Form","GuppysHead","Turnip","MerchantsRug","Dexterity Potion","Dexterity Potion","testmod-IndustrialRevolution","testmod-BlackFramedGlasses"],"campfire_rested":0,"item_purchase_floors":[8,8,8,17,21,21,21,30,34,34,37,37,37,49,49,53],"current_hp_per_floor":[85,85,85,85,85,85,85,85,85,85,85,88,88,88,88,93,78,81,66,46,88,88,88,88,91,91,91,91,91,91,91,91,96,82,83,84,84,84,85,86,86,87,87,87,87,88,88,89,89,95,95,95,95,99,105],"gold":880,"neow_bonus":"THREE_ENEMY_KILL","is_daily":false,"chose_seed":false,"campfire_upgraded":10,"win_rate":0.0,"timestamp":1607748716,"path_taken":["M","$","?","M","M","R","E","R","T","E","R","E","M","E","R","BOSS","M","?","?","$","M","E","R","M","T","?","E","?","$","M","R","BOSS","M","?","?","?","M","E","R","M","T","R","$","E","?","M","R","BOSS","R","$","E","BOSS"],"items_purchased_type":["Relic","Relic","Card","Relic","Relic","Card","Relic","Relic","Card","Relic","Relic","Relic","Potion","Potion","Relic","Relic"],"build_version":"2020-11-30","purchased_purges":5,"victory":true,"max_hp_per_floor":[85,85,85,85,85,85,85,85,85,85,85,88,88,88,88,93,78,81,81,81,88,88,88,88,91,91,91,91,91,91,91,91,96,82,83,84,84,84,85,86,86,87,87,87,87,88,88,89,89,95,95,95,95,99,105],"card_choices":[{"not_picked":[],"picked":"ChaosCard","floor":0.0},{"not_picked":["Iron Wave+1","Power Through","Burning Pact"],"picked":"SKIP","floor":1.0},{"not_picked":["Clothesline","Pommel Strike"],"picked":"Shrug It Off+1","floor":4.0},{"not_picked":["Warcry","Clothesline"],"picked":"Bomb","floor":5.0},{"not_picked":["Iron Wave+1","Armaments","ReplayReversal"],"picked":"SKIP","floor":7.0},{"not_picked":["Battle Trance","Abandon","Run Through"],"picked":"SKIP","floor":7.0},{"not_picked":["Spot Weakness","True Grit+1"],"picked":"Limit Break","floor":10.0},{"not_picked":["Demonic Infusion","Fiend Fire"],"picked":"Body Slam+1","floor":10.0},{"not_picked":["Iron Wave","Bludgeon","Havoc"],"picked":"SKIP","floor":12.0},{"not_picked":["Shrug It Off","ReplayReversal","ReplayTheSpireMod:Strike From Hell"],"picked":"SKIP","floor":12.0},{"not_picked":["Twin Strike","Spot Weakness"],"picked":"Heavy Blade","floor":13.0},{"not_picked":["Rampage","Wild Strike","Sentinel"],"picked":"SKIP","floor":14.0},{"not_picked":["Impervious","Sword Boomerang","Sever Soul"],"picked":"SKIP","floor":14.0},{"not_picked":["Dark Embrace+1","Run Through","Bloodletting+1"],"picked":"SKIP","floor":18},{"not_picked":["Clash","Armaments"],"picked":"Thunderclap+1","floor":20},{"not_picked":["Twin Strike+1","Heavy Blade+1"],"picked":"Body Slam","floor":22},{"not_picked":["Defy Death+1","Warcry"],"picked":"Shrug It Off","floor":23},{"not_picked":["Flex","Run Through","Iron Wave"],"picked":"SKIP","floor":25},{"not_picked":["Cleave+1","Headbutt"],"picked":"Limit Break","floor":28},{"not_picked":["Body Slam","Iron Wave+1","Headbutt+1"],"picked":"SKIP","floor":31},{"not_picked":["Iron Wave+1","Perfected Strike","Warcry+1"],"picked":"SKIP","floor":35},{"not_picked":["Perfected Strike","Carnage+1"],"picked":"Cleave+1","floor":36},{"not_picked":["Life Link+1","ReplayTheSpireMod:Strike From Hell","Body Slam+1"],"picked":"SKIP","floor":39},{"not_picked":["Burning Pact+1","Massacre+1","Evolve+1"],"picked":"SKIP","floor":40},{"not_picked":["Replay:Undeath\u0027s Touch","ReplayTheSpireMod:Limb From Limb+1","ReplayTheSpireMod:Strike From Hell+1"],"picked":"SKIP","floor":42},{"not_picked":["Blood for Blood","Burning Pact+1","Havoc+1"],"picked":"SKIP","floor":46},{"not_picked":["Iron Wave","Replay:Undeath\u0027s Touch+1","Brutality"],"picked":"SKIP","floor":48},{"not_picked":["Fire Breathing","Warcry","Blood for Blood"],"picked":"SKIP","floor":54}],"player_experience":1216513,"relics_obtained":[{"floor":5.0,"key":"Juzu Bracelet"},{"floor":7.0,"key":"testmod-FatalChain"},{"floor":9.0,"key":"Replay:WaspNest"},{"floor":12.0,"key":"Dead Branch"},{"floor":14.0,"key":"testmod-TheFather"},{"floor":16,"key":"testmod-Maize"},{"floor":18,"key":"PreservedInsect"},{"floor":20,"key":"testmod-OneHitWonder"},{"floor":22,"key":"Simple Rune"},{"floor":23,"key":"Dream Catcher"},{"floor":25,"key":"GuppysPaw"},{"floor":26,"key":"BelialBook"},{"floor":26,"key":"Replay:Bottled Snecko"},{"floor":28,"key":"Chameleon Ring"},{"floor":33,"key":"Replay:Arrowhead"},{"floor":35,"key":"Replay:Bottled Steam"},{"floor":36,"key":"StoneCalendar"},{"floor":39,"key":"Pantograph"},{"floor":40,"key":"Replay:Mystery Machine"},{"floor":42,"key":"Ancient Tea Set"},{"floor":43,"key":"vexMod:ScavengeHelm"},{"floor":43,"key":"Gremlin Food"},{"floor":46,"key":"Art of War"},{"floor":47,"key":"Potion Belt"},{"floor":47,"key":"vexMod:BarristanHead"},{"floor":54,"key":"Bag of Marbles"}],"event_choices":[{"damage_healed":0.0,"max_hp_gain":0.0,"max_hp_loss":0.0,"gold_gain":400.0,"event_name":"恩洛斯的盘子","player_choice":"Sell","floor":3.0,"relics_lost":["testmod-TestBox"],"gold_loss":0.0,"damage_taken":0.0},{"damage_healed":0,"gold_gain":0,"player_choice":"Leave","damage_taken":0,"max_hp_gain":0,"max_hp_loss":0,"event_name":"conspire:Investor","floor":27,"gold_loss":0},{"damage_healed":0,"gold_gain":0,"player_choice":"Read","damage_taken":0,"max_hp_gain":0,"max_hp_loss":0,"event_name":"The Library","floor":29,"gold_loss":0,"cards_obtained":["Shrug It Off"]},{"damage_healed":0,"gold_gain":0,"player_choice":"Fight","damage_taken":0,"max_hp_gain":0,"max_hp_loss":0,"event_name":"Mysterious Sphere","floor":36,"gold_loss":0},{"damage_healed":0,"gold_gain":0,"player_choice":"0 cards matched","damage_taken":0,"max_hp_gain":0,"max_hp_loss":0,"event_name":"Match and Keep!","floor":38,"gold_loss":0,"cards_obtained":[]}],"is_beta":false,"boss_relics":[{"not_picked":["testmod-HarvestTotem","Abe\u0027s Treasure"],"picked":"vexMod:MysteryBossChallenge"},{"not_picked":[]},{"not_picked":["testmod-SaigiyounoYou","Velvet Choker"],"picked":"testmod-NegativeEmotionEnhancer"},{"not_picked":[]}],"items_purged_floors":[2,8,17,30,53],"is_endless":false,"potions_floor_spawned":[1,5,18,22,25,28,39,42,54],"ascension_level":-20}}