{"host":"ftc0tgnuzn0d2s6e","time":1607800546,"event":{"mods":["Act Like it!","Ascension Reborn","BaseMod","CapriCore","Colored Powertips","Conspire","Downfall","Gensokyo","GifTheSpireLib","KinomotoSakuraMod(ƒæ÷Æ±æ”£)","Lobotomy","LobotomyExtend","Marisa£®ÏF”Í°°ƒß¿Ì…≥£©","Minty Spire (QoL Compilation)","Quick Restart","Reimu£®≤©¿ˆ¡È√Œ£©","Replay The Spire","Shop Mod","StSLib","TestMod","The Administrix","The Animator","The Immortal","The Jungle","The Servant 0.9.4","vexMod"],"gold_per_floor":[117,117,139,39,62,96,96,96,96,115,115,134,153,177,177,299,299,313,313,326,338,338,338,368,391,391,425,425,425],"floor_reached":28,"playtime":1026,"items_purged":[],"score":362,"play_id":"9823c533-2c12-4a93-abda-f278eb0bbd69","local_time":"20201213031546","is_ascension_mode":true,"campfire_choices":[{"data":"Clash","floor":7.0,"key":"SMITH"},{"floor":15.0,"key":"RECALL"},{"data":"Barricade","floor":23,"key":"SMITH"}],"circlet_count":0,"master_deck":["Strike_R+1","Strike_R+1","Strike_R+1","Strike_R+1","Strike_R+1","Defend_R+1","Defend_R+1","Bash+1","OSAHOGD","LongBird","Seeing Red+1","Ghostly+1","QueenOfHatred","Shrug It Off+1","Clash+1","DespairKnight","Scorched","Barricade+1","PunishingBird","Seeing Red","Pommel Strike+1","Brutality","Clash","Seeing Red+1"],"relics":["Burning Blood","testmod-TestBox","testmod-EqualTreatment","CogitoBucket","RabbitCall","LetterFromLob","testmod-FatalChain","MagicBullet_r","Toy Ornithopter","conspire:DeflatedDodgeball","SkinProphecy","Whetstone","Amita_r","Thread and Needle","testmod-CardMagician","Bronze Scales","testmod-TurbochargingSystem","Shuriken"],"acts_visited":["Exordium","TheCity"],"potions_floor_usage":[],"damage_taken":[{"damage":0.0,"enemies":"Jaw Worm","floor":1.0,"turns":1.0},{"damage":0.0,"enemies":"conspire:RoseBush","floor":3.0,"turns":2.0},{"damage":0.0,"enemies":"2 Louse","floor":5.0,"turns":1.0},{"damage":20.0,"enemies":"Lagavulin","floor":6.0,"turns":4.0},{"damage":0.0,"enemies":"Large Slime","floor":10.0,"turns":2.0},{"damage":10.0,"enemies":"Exordium Wildlife","floor":12.0,"turns":5.0},{"damage":7.0,"enemies":"Exordium Thugs","floor":13.0,"turns":3.0},{"damage":0.0,"enemies":"3 Louse","floor":14.0,"turns":1.0},{"damage":10.0,"enemies":"The Guardian","floor":16.0,"turns":6.0},{"damage":20.0,"enemies":"conspire:FuzzyDice","floor":18.0,"turns":2.0},{"damage":34,"enemies":"3 Byrds","floor":20,"turns":5},{"damage":5,"enemies":"Centurion and Healer","floor":21,"turns":2},{"damage":2,"enemies":"conspire:SneckoGhost","floor":24,"turns":3},{"damage":1,"enemies":"Cultist and Chosen","floor":25,"turns":3},{"damage":0,"enemies":"Replay:Snechameleon","floor":27,"turns":2},{"damage":62,"enemies":"3 Cultists","floor":28,"turns":3}],"seed_played":"3498514582107643577","potions_obtained":[{"floor":1.0,"key":"ZuzhouPotion:ReiMu"},{"floor":3.0,"key":"BloodPotion"},{"floor":5.0,"key":"PowerPotion"},{"floor":16.0,"key":"testmod-TimePotion"}],"is_trial":false,"path_per_floor":["M","?","M","?","M","E","R","M","T","M","?","M","M","M","R","B",null,"M","?","M","M","?","R","E","M","T","E","M"],"character_chosen":"IRONCLAD","items_purchased":[],"campfire_rested":0,"item_purchase_floors":[],"current_hp_per_floor":[85,85,85,85,85,79,79,79,79,85,85,85,87,91,91,100,100,84,84,58,65,65,65,75,86,86,90,0,0],"gold":425,"neow_bonus":"","is_daily":false,"chose_seed":false,"campfire_upgraded":2,"win_rate":0.0,"timestamp":1607800546,"path_taken":["M","?","M","?","M","E","R","M","T","M","?","M","M","M","R","BOSS","M","?","M","M","?","R","E","?","T","E","M"],"items_purchased_type":[],"build_version":"2020-11-30","purchased_purges":0,"victory":false,"max_hp_per_floor":[85,85,85,85,85,85,85,85,85,85,85,85,87,92,92,100,100,104,104,112,116,116,116,119,123,123,126,130,130],"card_choices":[{"not_picked":["Wellcheers","Mercenary"],"picked":"OSAHOGD","floor":1.0},{"not_picked":["Power Through","ReplayTheSpireMod:Strike From Hell","Battle Trance"],"picked":"SKIP","floor":1.0},{"not_picked":["Bloodbath","Variant","BeautyBeast"],"picked":"Singing Bowl","floor":3.0},{"not_picked":["Rudolta","Wellcheers"],"picked":"LongBird","floor":3.0},{"not_picked":["Battle Trance","Body Slam"],"picked":"Seeing Red+1","floor":3.0},{"not_picked":["QueenBee","OldLady"],"picked":"QueenOfHatred","floor":5.0},{"not_picked":["Whirlwind","Perfected Strike+1"],"picked":"Shrug It Off","floor":5.0},{"not_picked":["OldLady","CherryBlossoms","Mercenary"],"picked":"Singing Bowl","floor":6.0},{"not_picked":["Flex","Carnage"],"picked":"Clash","floor":6.0},{"not_picked":["Flex","Feed","ReplayTheSpireMod:LeadingStrike"],"picked":"SKIP","floor":6.0},{"not_picked":["LittlePrince","GalaxyChild","SpiderBud"],"picked":"Singing Bowl","floor":10.0},{"not_picked":["Shrug It Off","Cleave","ReplayTheSpireMod:Stacked"],"picked":"SKIP","floor":10.0},{"not_picked":["MHz","FairyFestival"],"picked":"DespairKnight","floor":12.0},{"not_picked":["Metallicize","Warcry","Carnage"],"picked":"SKIP","floor":12.0},{"not_picked":["QueenBee","Wellcheers"],"picked":"Scorched","floor":13.0},{"not_picked":["conspire:Charge","Armaments","Disarm"],"picked":"SKIP","floor":13.0},{"not_picked":["MeatLantern","UniverseFragment","SpiderBud"],"picked":"Singing Bowl","floor":14.0},{"not_picked":["Warcry","Replay:Many Hands","Replay:Undeath\u0027s Touch"],"picked":"SKIP","floor":14.0},{"not_picked":["Murderer","LittleHelper","ShyLook"],"picked":"Singing Bowl","floor":16.0},{"not_picked":["conspire:HitWhereItHurts","Brutality"],"picked":"Barricade","floor":16.0},{"not_picked":["FairyFestival","QueenBee","RedShoes"],"picked":"Singing Bowl","floor":18.0},{"not_picked":["Inflame","Heavy Blade+1","Twin Strike+1"],"picked":"SKIP","floor":18.0},{"not_picked":["CherryBlossoms","HeroicMonk","MeatLantern"],"picked":"Singing Bowl","floor":20},{"not_picked":["Rudolta","WhitesApple"],"picked":"PunishingBird","floor":20},{"not_picked":["Abandon+1","Disarm"],"picked":"Seeing Red","floor":20},{"not_picked":["Bloodbath","LittlePrince","Scarecrow"],"picked":"Singing Bowl","floor":21},{"not_picked":["Cleave","Shrug It Off"],"picked":"Pommel Strike+1","floor":21},{"not_picked":["Alriune","BlackArmy","FairyFestival"],"picked":"Singing Bowl","floor":24},{"not_picked":["Pummel+1","Cleave"],"picked":"Clash","floor":24},{"not_picked":["Laetitia","HeroicMonk","Yin"],"picked":"Singing Bowl","floor":25},{"not_picked":["Warcry+1","Body Slam","Headbutt+1"],"picked":"SKIP","floor":25},{"not_picked":["SpiderBud","SingingMachine","Murderer"],"picked":"Singing Bowl","floor":27},{"not_picked":["Reckless Charge+1","Dropkick+1"],"picked":"Seeing Red+1","floor":27}],"player_experience":175113,"relics_obtained":[{"floor":1.0,"key":"LetterFromLob"},{"floor":6.0,"key":"testmod-FatalChain"},{"floor":9.0,"key":"Toy Ornithopter"},{"floor":9.0,"key":"conspire:DeflatedDodgeball"},{"floor":12.0,"key":"Whetstone"},{"floor":16.0,"key":"Thread and Needle"},{"floor":24,"key":"Bronze Scales"},{"floor":26,"key":"testmod-TurbochargingSystem"},{"floor":27,"key":"Shuriken"}],"event_choices":[{"damage_healed":0.0,"max_hp_gain":0.0,"max_hp_loss":0.0,"gold_gain":0.0,"event_name":"conspire:Investor","player_choice":"Leave","floor":2.0,"gold_loss":0.0,"damage_taken":0.0},{"damage_healed":0.0,"max_hp_gain":0.0,"max_hp_loss":0.0,"gold_gain":0.0,"event_name":"conspire:LoneGhost","player_choice":"Argue","floor":4.0,"gold_loss":0.0,"damage_taken":0.0},{"damage_healed":0.0,"max_hp_gain":0.0,"max_hp_loss":0.0,"gold_gain":0.0,"event_name":"Liars Game","player_choice":"Ignored","floor":11.0,"gold_loss":0.0,"damage_taken":0.0},{"cards_removed":["Defend_R"],"damage_healed":0.0,"max_hp_gain":0.0,"max_hp_loss":0.0,"gold_gain":0.0,"event_name":"Back to Basics","player_choice":"Elegance","floor":19.0,"gold_loss":0.0,"damage_taken":0.0},{"damage_healed":0,"gold_gain":0,"player_choice":"1 cards matched","damage_taken":0,"max_hp_gain":0,"max_hp_loss":0,"event_name":"Match and Keep!","floor":22,"gold_loss":0,"cards_obtained":["Brutality"]}],"is_beta":false,"boss_relics":[{"not_picked":["testmod-D_4","Ooze Armor"],"picked":"testmod-CardMagician"}],"items_purged_floors":[],"is_endless":false,"potions_floor_spawned":[5,10,14],"killed_by":"3 Cultists","ascension_level":0}}