{"host":"a5lz0e76zb3fcwkm","time":1607762639,"event":{"mods":["AchievementEnabler","BaseMod","Colored Map","Colored Powertips","Minty Spire (QoL Compilation)","StSLib","SuperFastMode"],"gold_per_floor":[112,112,129,129,146,146,71,36,36,36,36,51,76,120,120,120,120],"floor_reached":16,"playtime":253,"items_purged":["Pain"],"score":200,"play_id":"77b47576-efd5-4e14-a0c3-57f6fd4b49f0","local_time":"20201212174359","is_ascension_mode":true,"campfire_choices":[{"data":"Searing Blow","floor":6.0,"key":"SMITH"},{"data":"Searing Blow+1","floor":10.0,"key":"SMITH"},{"data":"Searing Blow+2","floor":15,"key":"SMITH"}],"circlet_count":0,"master_deck":["AscendersBane","Strike_R","Strike_R","Strike_R+1","Defend_R","Defend_R+1","Defend_R","Defend_R","Bash","Thunderclap","Searing Blow+3","Battle Trance","Battle Trance"],"relics":["Burning Blood","Champion Belt","Golden Idol","Nunchaku"],"acts_visited":[],"potions_floor_usage":[16],"damage_taken":[{"damage":8.0,"enemies":"2 Louse","floor":1.0,"turns":4.0},{"damage":12.0,"enemies":"Small Slimes","floor":3.0,"turns":3.0},{"damage":9.0,"enemies":"Cultist","floor":5.0,"turns":3.0},{"damage":14.0,"enemies":"Exordium Wildlife","floor":12.0,"turns":4.0},{"damage":0.0,"enemies":"2 Fungi Beasts","floor":13.0,"turns":2.0},{"damage":34,"enemies":"3 Sentries","floor":14,"turns":7},{"damage":15,"enemies":"Slime Boss","floor":16,"turns":4}],"seed_played":"-1818224026345733615","potions_obtained":[{"floor":4.0,"key":"SneckoOil"},{"floor":4.0,"key":"SmokeBomb"}],"is_trial":false,"path_per_floor":["M","?","M","?","M","R","$","?","T","R","?","M","M","E","R","B"],"character_chosen":"IRONCLAD","items_purchased":[],"campfire_rested":0,"item_purchase_floors":[],"current_hp_per_floor":[66,43,37,37,34,34,34,52,52,52,52,44,50,22,22,7,7],"gold":120,"neow_bonus":"TRANSFORM_TWO_CARDS","is_daily":false,"chose_seed":false,"campfire_upgraded":3,"win_rate":0.0,"timestamp":1607762639,"path_taken":["M","?","M","?","?","R","$","?","T","R","?","M","M","E","R","BOSS"],"items_purchased_type":[],"build_version":"2020-11-30","purchased_purges":1,"victory":false,"max_hp_per_floor":[75,75,75,75,75,75,75,75,75,75,68,68,68,68,68,68,68],"card_choices":[{"not_picked":["Pommel Strike","Thunderclap","Havoc"],"picked":"SKIP","floor":1.0},{"not_picked":["Headbutt","Thunderclap","Sword Boomerang"],"picked":"SKIP","floor":3.0},{"not_picked":["Body Slam","Clothesline"],"picked":"Battle Trance","floor":5.0},{"not_picked":["Feed","Anger","Rupture"],"picked":"SKIP","floor":12.0},{"not_picked":["Blood for Blood","Bloodletting"],"picked":"Battle Trance","floor":13.0},{"not_picked":["Perfected Strike","Battle Trance","Clash"],"picked":"SKIP","floor":14}],"player_experience":1606064,"relics_obtained":[{"floor":9.0,"key":"Champion Belt"},{"floor":14,"key":"Nunchaku"}],"event_choices":[{"damage_healed":0.0,"max_hp_gain":0.0,"max_hp_loss":0.0,"gold_gain":0.0,"event_name":"Shining Light","player_choice":"Entered Light","floor":2.0,"gold_loss":0.0,"damage_taken":23.0,"cards_upgraded":["Strike_R","Defend_R"]},{"damage_healed":0.0,"max_hp_gain":0.0,"max_hp_loss":0.0,"gold_gain":0.0,"event_name":"Lab","player_choice":"Got Potions","floor":4.0,"gold_loss":0.0,"damage_taken":0.0},{"damage_healed":18.0,"max_hp_gain":0.0,"max_hp_loss":0.0,"gold_gain":0.0,"event_name":"The Cleric","player_choice":"Healed","floor":8.0,"gold_loss":35.0,"damage_taken":0.0},{"damage_healed":0.0,"max_hp_gain":0.0,"max_hp_loss":7.0,"gold_gain":0.0,"event_name":"Golden Idol","player_choice":"Lose Max HP","floor":11.0,"gold_loss":0.0,"damage_taken":0.0,"relics_obtained":["Golden Idol"]}],"is_beta":false,"boss_relics":[],"items_purged_floors":[7],"is_endless":false,"potions_floor_spawned":[12],"killed_by":"Slime Boss","ascension_level":20}}