{"host":"6fbjdsiu9jij34p7","time":1607782378,"event":{"mods":["2.2 Compatiblity","AchievementEnabler","BaseMod","Colored Map","DeckTracker","Highlight Path","Keyboard Shortcuts","Minty Spire (QoL Compilation)","Permanent Neow","Quick Restart","StSLib","SuperFastMode"],"gold_per_floor":[17,33,33,44,44,44,44,44,44,60,123,123,98,122,122,216,516,532,472,486,264,287,287,71,71,71,71,142,22,22,22],"floor_reached":30,"playtime":539,"items_purged":["Strike_B","Strike_B"],"score":486,"play_id":"ebb59dd8-9ce5-42ec-a1dc-124cea85afe8","local_time":"20201212231258","is_ascension_mode":true,"campfire_choices":[{"data":"Sweeping Beam","floor":6,"key":"SMITH"},{"data":"Dualcast","floor":8,"key":"SMITH"},{"floor":12,"key":"REST"},{"floor":15,"key":"REST"},{"floor":23,"key":"REST"},{"data":"Reprogram","floor":25,"key":"SMITH"},{"data":"Stack","floor":27,"key":"SMITH"}],"circlet_count":0,"master_deck":["AscendersBane","Strike_B","Defend_B+1","Defend_B","Defend_B","Defend_B","Zap","Dualcast+1","Streamline","Sweeping Beam+1","Cold Snap","Injury","Go for the Eyes","Beam Cell","CurseOfTheBell","Stack+1","Cold Snap","Reprogram+1","Reinforced Body","Self Repair","Rip and Tear"],"relics":["Cracked Core","Du-Vu Doll","Golden Idol","SsserpentHead","Ginger","Calling Bell","MealTicket","Darkstone Periapt","Old Coin","HandDrill","PreservedInsect","Unceasing Top"],"acts_visited":["Exordium","TheCity"],"potions_floor_usage":[16,20,30],"damage_taken":[{"damage":0,"enemies":"2 Louse","floor":1,"turns":2},{"damage":2,"enemies":"Jaw Worm","floor":2,"turns":3},{"damage":1,"enemies":"Cultist","floor":4,"turns":3},{"damage":14,"enemies":"Red Slaver","floor":10,"turns":2},{"damage":8,"enemies":"3 Louse","floor":11,"turns":2},{"damage":22,"enemies":"Exordium Thugs","floor":14,"turns":3},{"damage":0,"enemies":"Slime Boss","floor":16,"turns":7},{"damage":26,"enemies":"Shell Parasite","floor":18,"turns":4},{"damage":8,"enemies":"2 Thieves","floor":20,"turns":4},{"damage":25,"enemies":"Snake Plant","floor":22,"turns":3},{"damage":28,"enemies":"Snecko","floor":28,"turns":7},{"damage":47,"enemies":"Sentry and Sphere","floor":30,"turns":5}],"seed_played":"-8661734283841381122","potions_obtained":[{"floor":1,"key":"Explosive Potion"},{"floor":4,"key":"AttackPotion"},{"floor":10,"key":"Strength Potion"},{"floor":16,"key":"GamblersBrew"},{"floor":20,"key":"ColorlessPotion"}],"is_trial":false,"path_per_floor":["M","M","$","M","?","R","?","R","T","M","M","R","$","M","R","B",null,"M","?","M","$","M","R","$","R","T","R","M","$","M"],"character_chosen":"DEFECT","items_purchased":["HandDrill","PreservedInsect","Reprogram","Self Repair","Rip and Tear"],"campfire_rested":3,"item_purchase_floors":[21,24,24,29,29],"current_hp_per_floor":[64,62,62,61,61,61,61,61,61,47,39,60,60,38,59,59,68,42,42,34,49,24,45,60,60,60,60,32,47,0,0],"gold":22,"neow_bonus":"ONE_RARE_RELIC","is_daily":false,"chose_seed":false,"campfire_upgraded":4,"win_rate":0.0,"timestamp":1607782378,"path_taken":["M","M","$","M","?","R","?","R","T","M","?","R","?","M","R","BOSS","M","?","M","?","M","R","$","R","T","R","?","$","M"],"items_purchased_type":["Relic","Relic","Card","Card","Card"],"build_version":"2020-11-30","purchased_purges":2,"victory":false,"max_hp_per_floor":[71,71,71,71,71,71,71,71,71,71,71,71,71,71,71,71,71,71,71,71,71,71,71,71,71,71,71,71,71,71,71],"card_choices":[{"not_picked":["Blizzard","Hologram"],"picked":"Streamline","floor":1},{"not_picked":["Streamline","Leap"],"picked":"Sweeping Beam","floor":2},{"not_picked":["Stack","Conserve Battery"],"picked":"Cold Snap","floor":4},{"not_picked":["Turbo","Undo"],"picked":"Go for the Eyes","floor":10},{"not_picked":["Tempest","Steam","Rebound"],"picked":"SKIP","floor":11},{"not_picked":["Coolheaded","Rebound"],"picked":"Beam Cell","floor":14},{"not_picked":["Tempest","White Noise+1","Ball Lightning+1"],"picked":"SKIP","floor":18},{"not_picked":["Rebound+1","Go for the Eyes"],"picked":"Stack","floor":20},{"not_picked":["Steam","Stack"],"picked":"Cold Snap","floor":22},{"not_picked":["Fusion","Coolheaded"],"picked":"Reinforced Body","floor":28}],"player_experience":225108,"relics_obtained":[{"floor":9,"key":"Ginger"},{"floor":17,"key":"MealTicket"},{"floor":17,"key":"Darkstone Periapt"},{"floor":17,"key":"Old Coin"},{"floor":26,"key":"Unceasing Top"}],"event_choices":[{"damage_healed":0,"gold_gain":0,"player_choice":"Take Wound","damage_taken":0,"relics_obtained":["Golden Idol"],"max_hp_gain":0,"max_hp_loss":0,"event_name":"Golden Idol","floor":5,"gold_loss":0,"cards_obtained":["Injury"]},{"damage_healed":0,"gold_gain":0,"player_choice":"Trade","damage_taken":0,"relics_obtained":["SsserpentHead"],"max_hp_gain":0,"max_hp_loss":0,"event_name":"FaceTrader","floor":7,"gold_loss":0},{"cards_removed":["Strike_B"],"damage_healed":0,"gold_gain":0,"player_choice":"Upgrade and Remove","damage_taken":0,"max_hp_gain":0,"max_hp_loss":0,"event_name":"Designer","floor":19,"gold_loss":110,"cards_upgraded":["Defend_B"]}],"is_beta":false,"boss_relics":[{"not_picked":["Busted Crown","Empty Cage"],"picked":"Calling Bell"}],"items_purged_floors":[13,21],"is_endless":false,"potions_floor_spawned":[1,4,10,16,20],"killed_by":"Sentry and Sphere","ascension_level":16}}