{"host":"Ian","time":1607792227,"event":{"mods":["BaseMod","Bestiary","Block Reminder","Colored Map","Highlight Path","Key Reminder","Minty Spire (QoL Compilation)","Relic Stats"],"gold_per_floor":[109,119,138,138,4,4,22,47,47,67,97,114,114,132,132,209,209,219,61,61,61,61,61,89,89,89,101,26,26,54,69,69,142,142,158,158,171,217,17,17,17,17,17],"floor_reached":42,"playtime":2025,"items_purged":["Strike_R"],"score":888,"play_id":"b0e5f55e-9ad1-44b7-9d47-3fe361788772","local_time":"20201212165707","is_ascension_mode":true,"campfire_choices":[{"data":"Bash","floor":6,"key":"SMITH"},{"data":"True Grit","floor":13,"key":"SMITH"},{"data":"Inflame","floor":15,"key":"SMITH"},{"floor":23,"key":"REST"},{"data":"Whirlwind","floor":25,"key":"SMITH"},{"floor":32,"key":"REST"},{"data":"Demon Form","floor":40,"key":"SMITH"}],"circlet_count":0,"master_deck":["AscendersBane","Strike_R","Strike_R","Strike_R","Strike_R","Defend_R","Defend_R","Defend_R","Bash+1","Sword Boomerang","Disarm","Inflame+1","Whirlwind+1","Thunderclap","True Grit+1","Disarm","Shrug It Off","Offering","Pummel","Demon Form+1","Warcry+1","Power Through+1","Anger","Feed","Feel No Pain","Evolve"],"relics":["Burning Blood","Regal Pillow","Sundial","FossilizedHelix","SlaversCollar","Orichalcum","Nilry\u0027s Codex","Bag of Marbles","Toxic Egg 2","Torii","Sozu","PreservedInsect","Membership Card"],"acts_visited":["Exordium","TheCity","TheBeyond"],"potions_floor_usage":[8,11,18,24,30,33,33],"damage_taken":[{"damage":7.0,"enemies":"Small Slimes","floor":1.0,"turns":4.0},{"damage":3.0,"enemies":"2 Louse","floor":2.0,"turns":2.0},{"damage":6,"enemies":"Jaw Worm","floor":3,"turns":5},{"damage":14,"enemies":"Blue Slaver","floor":7,"turns":5},{"damage":6,"enemies":"Gremlin Nob","floor":8,"turns":3},{"damage":10,"enemies":"2 Fungi Beasts","floor":10,"turns":4},{"damage":25,"enemies":"3 Sentries","floor":11,"turns":6},{"damage":19,"enemies":"Exordium Wildlife","floor":12,"turns":6},{"damage":0,"enemies":"Large Slime","floor":14,"turns":5},{"damage":5,"enemies":"The Guardian","floor":16,"turns":14},{"damage":33,"enemies":"3 Byrds","floor":18,"turns":7},{"damage":34,"enemies":"Book of Stabbing","floor":24,"turns":6},{"damage":2,"enemies":"Shell Parasite","floor":27,"turns":5},{"damage":48,"enemies":"Slavers","floor":30,"turns":6},{"damage":9,"enemies":"Centurion and Healer","floor":31,"turns":5},{"damage":60,"enemies":"Collector","floor":33,"turns":9},{"damage":15,"enemies":"3 Darklings","floor":35,"turns":4},{"damage":11,"enemies":"3 Shapes","floor":37,"turns":3},{"damage":65,"enemies":"Maw","floor":42,"turns":8}],"seed_played":"6299562488796802345","potions_obtained":[{"floor":7,"key":"Weak Potion"},{"floor":8,"key":"Strength Potion"},{"floor":16,"key":"Fire Potion"},{"floor":18,"key":"DuplicationPotion"},{"floor":27,"key":"LiquidMemories"},{"floor":31,"key":"BloodPotion"}],"is_trial":false,"path_per_floor":["M","M","M","?","$","R","M","E","T","M","E","M","R","M","R","B",null,"M","$","?","?","?","R","E","R","T","M","$","$","E","M","R","B",null,"M","?","M","T","$","R","?","M"],"character_chosen":"IRONCLAD","items_purchased":["Inflame","SteroidPotion","Orichalcum","Membership Card","Evolve"],"campfire_rested":2,"item_purchase_floors":[5,5,19,39,39],"current_hp_per_floor":[74,77,77,77,77,77,69,69,69,65,46,33,33,39,39,40,72,45,45,61,61,40,79,51,51,51,55,55,55,13,10,49,11,64,58,58,56,56,56,56,56,0,0],"gold":17,"neow_bonus":"TEN_PERCENT_HP_BONUS","is_daily":false,"chose_seed":false,"campfire_upgraded":5,"win_rate":0.0,"timestamp":1607792227,"path_taken":["M","M","M","?","$","R","M","E","T","M","E","M","R","M","R","BOSS","M","$","?","?","?","R","E","R","T","M","?","$","E","M","R","BOSS","M","?","M","?","?","R","?","M"],"items_purchased_type":["Card","Potion","Relic","Relic","Card"],"build_version":"2020-12-07","purchased_purges":1,"victory":false,"max_hp_per_floor":[82,82,82,82,82,82,82,82,82,82,82,82,82,82,82,82,82,82,82,82,82,82,82,82,82,82,82,82,82,82,82,82,82,82,85,85,88,88,88,88,88,88,88],"relic_stats":{"Sozu":1,"Regal Pillow":30,"Torii":4,"counters":[19,107],"Sundial":[10],"PreservedInsect":0,"Orichalcum":[126],"obtain_stats":[{"Regal Pillow":8,"Torii":30,"Nilry\u0027s Codex":22,"PreservedInsect":38,"Orichalcum":19,"Burning Blood":0,"Sozu":34,"SlaversCollar":17,"Sundial":9,"Bag of Marbles":24,"Membership Card":39,"Toxic Egg 2":26,"FossilizedHelix":11},{"Regal Pillow":5,"Torii":14,"Nilry\u0027s Codex":11,"PreservedInsect":18,"Orichalcum":11,"Burning Blood":0,"Sozu":16,"SlaversCollar":10,"Sundial":5,"Bag of Marbles":12,"Membership Card":18,"Toxic Egg 2":12,"FossilizedHelix":7},{"Regal Pillow":19,"Torii":78,"Nilry\u0027s Codex":61,"PreservedInsect":99,"Orichalcum":61,"Burning Blood":0,"Sozu":92,"SlaversCollar":54,"Sundial":19,"Bag of Marbles":67,"Membership Card":99,"Toxic Egg 2":67,"FossilizedHelix":29}],"Burning Blood":108},"card_choices":[{"not_picked":["Heavy Blade","Armaments"],"picked":"Sword Boomerang","floor":1.0},{"not_picked":["Shockwave","Clothesline","Perfected Strike"],"picked":"SKIP","floor":2.0},{"not_picked":["Wild Strike","Flex"],"picked":"Disarm","floor":3},{"not_picked":["Wild Strike","Sword Boomerang","Headbutt"],"picked":"SKIP","floor":7},{"not_picked":["Sword Boomerang","Clothesline"],"picked":"Whirlwind","floor":8},{"not_picked":["Perfected Strike","Iron Wave"],"picked":"Thunderclap","floor":10},{"not_picked":["Clothesline","Juggernaut"],"picked":"True Grit","floor":11},{"not_picked":["Shrug It Off","Sword Boomerang"],"picked":"Disarm","floor":12},{"not_picked":["Cleave","Thunderclap"],"picked":"Shrug It Off","floor":14},{"not_picked":["Exhume","Brutality"],"picked":"Offering","floor":16},{"not_picked":["Shrug It Off","Flex"],"picked":"Pummel","floor":18},{"not_picked":["True Grit","Thunderclap"],"picked":"Demon Form","floor":24},{"not_picked":["Blood for Blood+1","Perfected Strike"],"picked":"Warcry+1","floor":27},{"not_picked":["Twin Strike+1","Shrug It Off+1"],"picked":"Power Through+1","floor":30},{"not_picked":["Dark Embrace+1","Wild Strike"],"picked":"Anger","floor":31},{"not_picked":["Immolate","Offering+1"],"picked":"Feed","floor":33},{"not_picked":["Twin Strike","Warcry+1"],"picked":"Feel No Pain","floor":35},{"not_picked":["Searing Blow","Ghostly Armor+1","Body Slam"],"picked":"SKIP","floor":37}],"player_experience":2506096,"relics_obtained":[{"floor":8,"key":"Regal Pillow"},{"floor":9,"key":"Sundial"},{"floor":11,"key":"FossilizedHelix"},{"floor":22,"key":"Nilry\u0027s Codex"},{"floor":24,"key":"Bag of Marbles"},{"floor":26,"key":"Toxic Egg 2"},{"floor":30,"key":"Torii"},{"floor":38,"key":"PreservedInsect"}],"event_choices":[{"damage_healed":0,"gold_gain":0,"player_choice":"Ignored","damage_taken":0,"max_hp_gain":0,"max_hp_loss":0,"event_name":"Liars Game","floor":4,"gold_loss":0},{"damage_healed":16,"gold_gain":0,"player_choice":"Heal","damage_taken":0,"max_hp_gain":0,"max_hp_loss":0,"event_name":"The Library","floor":20,"gold_loss":0},{"damage_healed":0,"gold_gain":0,"player_choice":"Obtained Book","damage_taken":21,"max_hp_gain":0,"max_hp_loss":0,"event_name":"Cursed Tome","floor":22,"gold_loss":0},{"cards_removed":["Defend_R"],"damage_healed":0,"gold_gain":0,"player_choice":"Removed Skill","damage_taken":0,"max_hp_gain":0,"max_hp_loss":0,"event_name":"Falling","floor":36,"gold_loss":0},{"damage_healed":0,"gold_gain":0,"player_choice":"Ignored","damage_taken":0,"max_hp_gain":0,"max_hp_loss":0,"event_name":"SecretPortal","floor":41,"gold_loss":0}],"is_beta":true,"boss_relics":[{"not_picked":["Black Blood","SacredBark"],"picked":"SlaversCollar"},{"not_picked":["Coffee Dripper","Tiny House"],"picked":"Sozu"}],"items_purged_floors":[28],"is_endless":false,"potions_floor_spawned":[7,8,10,16,18,27,31,35],"killed_by":"Maw","ascension_level":20}}