{"host":"i391n33tccqevi90","time":1607731440,"event":{"mods":["2.2 Compatiblity","BaseMod","Better Third Choice","Conspire","Emptier Cage","Minty Spire (QoL Compilation)","Robot Space Explorer","Spicy Shops","StSLib"],"gold_per_floor":[118,293,8,8,28,56,76,87,114,132,132,12,25,25,25,128,128,147,147,159,171,181,181,201,201,247,358,386,34,44,44,44,141,141,151,171,18,18,1,1,20,34,34,34,72,72,68,85,85,85],"floor_reached":51,"playtime":10847,"items_purged":["Doubt"],"score":601,"play_id":"b5ba01d7-414e-4fd1-b447-897fed199b7f","local_time":"20201211180400","is_ascension_mode":false,"campfire_choices":[{"floor":11,"key":"REST"},{"data":"RobotSpaceExplorer:ChargingLaser","floor":15,"key":"SMITH"},{"data":"RobotSpaceExplorer:PlasmaMissile","floor":23,"key":"SMITH"},{"floor":25,"key":"REST"},{"floor":32,"key":"REST"},{"floor":40,"key":"REST"},{"floor":46,"key":"REST"},{"floor":49,"key":"REST"}],"circlet_count":0,"master_deck":["RobotSpaceExplorer:Strike","RobotSpaceExplorer:Strike","RobotSpaceExplorer:Strike","RobotSpaceExplorer:Strike","RobotSpaceExplorer:Defend","RobotSpaceExplorer:Defend","RobotSpaceExplorer:Defend","RobotSpaceExplorer:Defend","RobotSpaceExplorer:Scan","RobotSpaceExplorer:MiniLasers","RobotSpaceExplorer:ExhaustFan","RobotSpaceExplorer:DualCore","Burn","RobotSpaceExplorer:Pulsar","RobotSpaceExplorer:ChargingLaser+1","RobotSpaceExplorer:FreezeRay","RobotSpaceExplorer:MetalStrike","RobotSpaceExplorer:ShockKick","RobotSpaceExplorer:FrostMissile","RobotSpaceExplorer:BigMissile","RobotSpaceExplorer:MiniDrones","RobotSpaceExplorer:Scanner","RobotSpaceExplorer:Ammunition","RobotSpaceExplorer:PlasmaMissile+1","RobotSpaceExplorer:Electropulse+1","RobotSpaceExplorer:StunGrenade+1","Mayhem","RobotSpaceExplorer:Arsenal","RobotSpaceExplorer:Calculate","RobotSpaceExplorer:ExhaustFan","Parasite","RobotSpaceExplorer:Reload+1","The Bomb","RobotSpaceExplorer:StarDust"],"relics":["RobotSpaceExplorer:RoboCore","Regal Pillow","Omamori","Sundial","Busted Crown","MawBank","Membership Card","Bronze Scales","Gremlin Horn","Necronomicon","RobotSpaceExplorer:SearchSpecs","RobotSpaceExplorer:SlideRule","Ginger","OrangePellets","Bottled Tornado","conspire:TopHat"],"acts_visited":["Exordium","TheCity","TheBeyond"],"potions_floor_usage":[6,8,20,21,24,30,41,45,50],"damage_taken":[{"damage":0,"enemies":"2 Louse","floor":1,"turns":3},{"damage":13,"enemies":"Jaw Worm","floor":5,"turns":4},{"damage":28,"enemies":"Gremlin Nob","floor":6,"turns":6},{"damage":0,"enemies":"Cultist","floor":7,"turns":4},{"damage":7,"enemies":"Exordium Thugs","floor":8,"turns":6},{"damage":0,"enemies":"3 Louse","floor":10,"turns":4},{"damage":17,"enemies":"2 Fungi Beasts","floor":13,"turns":5},{"damage":49,"enemies":"The Guardian","floor":16,"turns":15},{"damage":6,"enemies":"Chosen","floor":18,"turns":6},{"damage":7,"enemies":"3 Byrds","floor":20,"turns":4},{"damage":25,"enemies":"Sentry and Sphere","floor":21,"turns":4},{"damage":5,"enemies":"conspire:HollyBat","floor":22,"turns":9},{"damage":22,"enemies":"Centurion and Healer","floor":24,"turns":4},{"damage":5,"enemies":"Snecko","floor":28,"turns":4},{"damage":12,"enemies":"Shelled Parasite and Fungi","floor":30,"turns":4},{"damage":50,"enemies":"Champ","floor":33,"turns":10},{"damage":13,"enemies":"3 Shapes","floor":35,"turns":3},{"damage":40,"enemies":"3 Darklings","floor":36,"turns":3},{"damage":11,"enemies":"Writhing Mass","floor":41,"turns":6},{"damage":9,"enemies":"Sphere and 2 Shapes","floor":42,"turns":3},{"damage":26,"enemies":"conspire:MimicChest","floor":45,"turns":5},{"damage":18,"enemies":"Transient","floor":48,"turns":5},{"damage":64,"enemies":"conspire:OrnateMirror","floor":50,"turns":7}],"seed_played":"-4463075004201768375","potions_obtained":[{"floor":1,"key":"Fire Potion"},{"floor":7,"key":"Swift Potion"},{"floor":10,"key":"Ancient Potion"},{"floor":13,"key":"Explosive Potion"},{"floor":19,"key":"Swift Potion"},{"floor":20,"key":"LiquidMemories"},{"floor":22,"key":"SpeedPotion"},{"floor":28,"key":"FearPotion"},{"floor":36,"key":"DuplicationPotion"},{"floor":42,"key":"Dexterity Potion"}],"is_trial":false,"path_per_floor":["M","?","$","?","M","E","M","M","T","M","R","$","M","T","R","B",null,"M","?","M","M","M","R","M","R","T","?","M","$","M","?","R","B",null,"M","M","$","?","$","R","M","M","T","?","?","R","$","M","R","B",null],"character_chosen":"RobotSpaceExplorer","items_purchased":["RobotSpaceExplorer:DualCore","RobotSpaceExplorer:FrostMissile","RobotSpaceExplorer:BigMissile","Membership Card","Bronze Scales","Mayhem","Gremlin Horn","RobotSpaceExplorer:SlideRule","Ginger","OrangePellets","RobotSpaceExplorer:ExhaustFan","RobotSpaceExplorer:StarDust"],"campfire_rested":6,"item_purchase_floors":[3,12,12,29,29,29,29,37,37,37,39,47],"current_hp_per_floor":[82,82,82,82,69,41,41,34,34,34,73,73,56,56,56,7,82,76,76,69,44,39,39,17,56,56,56,51,51,39,23,62,12,82,69,29,29,29,29,68,57,48,48,48,22,61,61,43,82,18],"gold":85,"neow_bonus":"TEN_PERCENT_HP_BONUS","is_daily":false,"chose_seed":false,"campfire_upgraded":2,"win_rate":0.0,"timestamp":1607731440,"path_taken":["M","?","$","?","M","E","M","M","T","M","R","?","?","?","R","BOSS","M","?","M","M","?","R","M","R","T","?","M","$","M","?","R","BOSS","M","M","$","?","$","R","M","M","T","?","?","R","?","M","R","BOSS"],"items_purchased_type":["Card","Card","Card","Relic","Relic","Card","Relic","Relic","Relic","Relic","Card","Card"],"build_version":"2020-11-30","purchased_purges":1,"victory":true,"max_hp_per_floor":[82,82,82,82,82,82,82,82,82,82,82,82,82,82,82,82,82,82,82,82,82,82,82,82,82,82,82,82,82,82,82,82,82,82,82,82,82,82,82,82,82,82,82,82,82,82,82,82,82,82],"card_choices":[{"not_picked":["RobotSpaceExplorer:MetalStrike","RobotSpaceExplorer:Electroshield"],"picked":"RobotSpaceExplorer:ExhaustFan","floor":1},{"not_picked":["RobotSpaceExplorer:Counterblock","RobotSpaceExplorer:MetalStrike"],"picked":"RobotSpaceExplorer:Pulsar","floor":5},{"not_picked":["RobotSpaceExplorer:Blaster","RobotSpaceExplorer:SelfCleaning"],"picked":"RobotSpaceExplorer:ChargingLaser","floor":6},{"not_picked":["RobotSpaceExplorer:Counterblock","RobotSpaceExplorer:FranticSearch"],"picked":"RobotSpaceExplorer:FreezeRay","floor":7},{"not_picked":["RobotSpaceExplorer:DoubleBlock","RobotSpaceExplorer:Probe"],"picked":"RobotSpaceExplorer:MetalStrike","floor":8},{"not_picked":["RobotSpaceExplorer:MiniDrones","RobotSpaceExplorer:ExhaustFan"],"picked":"RobotSpaceExplorer:ShockKick","floor":10},{"not_picked":["RobotSpaceExplorer:ShovelStrike","RobotSpaceExplorer:FreezingShield"],"picked":"RobotSpaceExplorer:MiniDrones","floor":13},{"not_picked":["RobotSpaceExplorer:Arsenal","RobotSpaceExplorer:BlastShield"],"picked":"RobotSpaceExplorer:Scanner","floor":16},{"not_picked":[],"picked":"RobotSpaceExplorer:Ammunition","floor":18},{"not_picked":[],"picked":"RobotSpaceExplorer:PlasmaMissile","floor":20},{"not_picked":["RobotSpaceExplorer:Blitz"],"picked":"SKIP","floor":21},{"not_picked":[],"picked":"RobotSpaceExplorer:Electropulse+1","floor":22},{"not_picked":["RobotSpaceExplorer:FreezingShield"],"picked":"SKIP","floor":24},{"not_picked":[],"picked":"RobotSpaceExplorer:StunGrenade+1","floor":28},{"not_picked":["RobotSpaceExplorer:ScrapMissile"],"picked":"SKIP","floor":30},{"not_picked":[],"picked":"RobotSpaceExplorer:Arsenal","floor":33},{"not_picked":["RobotSpaceExplorer:StunGrenade+1"],"picked":"SKIP","floor":35},{"not_picked":[],"picked":"RobotSpaceExplorer:Calculate","floor":36},{"not_picked":[],"picked":"RobotSpaceExplorer:Reload+1","floor":41},{"not_picked":["RobotSpaceExplorer:ImprovisedAttack"],"picked":"SKIP","floor":42},{"not_picked":[],"picked":"The Bomb","floor":44},{"not_picked":["RobotSpaceExplorer:ImprovisedAttack+1"],"picked":"SKIP","floor":48}],"player_experience":489908,"relics_obtained":[{"floor":6,"key":"Regal Pillow"},{"floor":9,"key":"Omamori"},{"floor":14,"key":"Sundial"},{"floor":26,"key":"MawBank"},{"floor":31,"key":"Necronomicon"},{"floor":43,"key":"Bottled Tornado"},{"floor":45,"key":"conspire:TopHat"}],"event_choices":[{"damage_healed":0,"gold_gain":175,"player_choice":"AGREE","damage_taken":118,"max_hp_gain":0,"max_hp_loss":0,"event_name":"betterThird:BetterSerpent","floor":2,"gold_loss":0},{"damage_healed":82,"gold_gain":0,"player_choice":"Embrace Burn","damage_taken":0,"max_hp_gain":0,"max_hp_loss":82,"event_name":"betterThird:BetterShining","floor":4,"gold_loss":0},{"damage_healed":0,"gold_gain":0,"player_choice":"Got Potions","damage_taken":0,"max_hp_gain":0,"max_hp_loss":0,"event_name":"Lab","floor":19,"gold_loss":0},{"damage_healed":0,"gold_gain":99,"player_choice":"Steal","damage_taken":0,"max_hp_gain":0,"max_hp_loss":0,"event_name":"betterThird:BetterNest","floor":27,"gold_loss":0},{"damage_healed":0,"gold_gain":0,"player_choice":"Obtained Book","damage_taken":16,"max_hp_gain":0,"max_hp_loss":0,"event_name":"Cursed Tome","floor":31,"gold_loss":0},{"damage_healed":0,"gold_gain":0,"player_choice":"Ignored","damage_taken":0,"max_hp_gain":0,"max_hp_loss":0,"event_name":"Mysterious Sphere","floor":38,"gold_loss":0},{"damage_healed":0,"gold_gain":0,"player_choice":"Memory 1","damage_taken":0,"max_hp_gain":0,"max_hp_loss":0,"event_name":"SensoryStone","floor":44,"gold_loss":0}],"is_beta":false,"boss_relics":[{"not_picked":["SacredBark","Runic Dome"],"picked":"Busted Crown"},{"not_picked":["SlaversCollar","Runic Pyramid"],"picked":"RobotSpaceExplorer:SearchSpecs"}],"items_purged_floors":[3],"is_endless":false,"potions_floor_spawned":[1,7,10,13,20,22,28,36,42],"ascension_level":0}}