{"host":"fbqvzfq8f1yzoo4u","time":1607793696,"event":{"mods":["BaseMod","Minty Spire (QoL Compilation)","Replay The Spire","StSLib"],"gold_per_floor":[109,58,208,208,218,218,246,246,246,246,112,19,50,64,64,143,143,159,22,72,82,82,82,97,114,138,138,138,138],"floor_reached":28,"playtime":1201,"items_purged":["Pain"],"score":498,"play_id":"d73796af-84dd-45f3-a123-df4179352aa5","local_time":"20201213012136","is_ascension_mode":true,"campfire_choices":[{"data":"Defragment","floor":6.0,"key":"SMITH"},{"floor":15.0,"key":"REST"},{"floor":23,"key":"REST"},{"floor":27,"key":"REST"}],"circlet_count":0,"master_deck":["AscendersBane","Strike_B","Strike_B","Strike_B","Strike_B","Defend_B","Defend_B","Defend_B","Defend_B","Zap","Sunder","Ball Lightning","Defragment+1","Defragment","Bash","Glacier","Coolheaded","Echo Form","Force Field+1","Steam+1","Cold Snap","Stack+1","Stack+1","Capacitor","Electrodynamics","Self Repair","Hologram+1","ReplayTheSpireMod:Fabricate Wheel+1","Loop","Defragment+1","Coolheaded+1","Self Repair"],"relics":["NeowsBlessing","Replay:Mystery Machine","Pantograph","Iron Core","ReplayTheSpireMod:CursedCoin","Potion Belt","Toxic Egg 2","Prayer Wheel","Replay:Bronze Core","Prayer Wheel","Dream Catcher"],"acts_visited":["Exordium","TheCity"],"potions_floor_usage":[28],"damage_taken":[{"damage":0.0,"enemies":"Cultist","floor":1.0,"turns":1.0},{"damage":0.0,"enemies":"2 Louse","floor":5.0,"turns":1.0},{"damage":0.0,"enemies":"Gremlin Nob","floor":7.0,"turns":1.0},{"damage":14.0,"enemies":"3 Sentries","floor":13.0,"turns":5.0},{"damage":12.0,"enemies":"Jaw Worm","floor":14.0,"turns":5.0},{"damage":19.0,"enemies":"Fading Forest","floor":16.0,"turns":13.0},{"damage":12.0,"enemies":"3 Byrds","floor":18.0,"turns":7.0},{"damage":22,"enemies":"Shell Parasite","floor":21,"turns":9},{"damage":5,"enemies":"Centurion and Healer","floor":24,"turns":12},{"damage":3,"enemies":"Snecko","floor":25,"turns":8},{"damage":84,"enemies":"Slavers","floor":28,"turns":3}],"seed_played":"-7872805075002112958","potions_obtained":[{"floor":1.0,"key":"Toxic Potion"},{"floor":4.0,"key":"BlessingOfTheForge"},{"floor":5.0,"key":"FocusPotion"},{"floor":7.0,"key":"PowerPotion"},{"floor":16.0,"key":"PowerPotion"},{"floor":18.0,"key":"Explosive Potion"}],"is_trial":false,"path_per_floor":["M","$","?","?","M","R","E","?","T","?","$","$","E","M","R","B",null,"M","$","?","M","?","R","M","M","T","R","E"],"character_chosen":"DEFECT","items_purchased":["Ball Lightning","Glacier","Coolheaded","ReplayTheSpireMod:CursedCoin","Potion Belt","Stack+1","Capacitor"],"campfire_rested":3,"item_purchase_floors":[2,11,11,12,12,19,19],"current_hp_per_floor":[64,64,64,64,64,64,64,64,64,64,64,64,50,38,59,52,66,54,54,47,25,25,46,48,59,59,71,0,0],"gold":138,"neow_bonus":"THREE_ENEMY_KILL","is_daily":false,"chose_seed":false,"campfire_upgraded":1,"win_rate":0.0,"timestamp":1607793696,"path_taken":["M","$","?","?","?","R","E","?","T","?","?","$","E","?","R","BOSS","M","$","?","?","?","R","M","M","T","R","E"],"items_purchased_type":["Card","Card","Card","Relic","Relic","Card","Card"],"build_version":"2020-11-30","purchased_purges":1,"victory":false,"max_hp_per_floor":[71,71,71,71,71,71,71,71,71,71,71,71,71,71,71,71,71,71,71,71,71,71,71,71,71,71,71,71,71],"card_choices":[{"not_picked":["ReplayTheSpireMod:System Scan","Go for the Eyes"],"picked":"Sunder","floor":1.0},{"not_picked":["Conserve Battery","Coolheaded"],"picked":"Defragment","floor":5.0},{"not_picked":["Fusion","Time Bomb"],"picked":"Defragment","floor":7.0},{"not_picked":["Panic Button+1","Iron Wave"],"picked":"ReplayTheSpireMod:Fabricate Wheel+1","floor":13.0},{"not_picked":["Headbutt","Cold Snap"],"picked":"Force Field+1","floor":14.0},{"not_picked":["Iron Wave","ReplayTheSpireMod:Repulse+1"],"picked":"Steam+1","floor":14.0},{"not_picked":["Double Tap+1","Amplify+1"],"picked":"ReplayTheSpireMod:Fabricate Wheel+1","floor":16.0},{"not_picked":["Melter","ReplayGash"],"picked":"Cold Snap","floor":18.0},{"not_picked":["Go for the Eyes","Fusion+1"],"picked":"Stack+1","floor":18.0},{"not_picked":["Sweeping Beam","Reprogram+1"],"picked":"Self Repair","floor":21},{"not_picked":["Warcry+1","Steam+1"],"picked":"Hologram+1","floor":21},{"not_picked":["Headbutt","Gash","Heavy Blade"],"picked":"SKIP","floor":21},{"not_picked":["Whirlwind","Coolheaded+1"],"picked":"ReplayTheSpireMod:Fabricate Wheel+1","floor":24},{"not_picked":["Clash","Storm","Static Discharge"],"picked":"SKIP","floor":24},{"not_picked":["Time Bomb+1","Streamline","Heatsinks"],"picked":"SKIP","floor":24},{"not_picked":["Iron Wave","ReplayTheSpireMod:GoodbyeWorld"],"picked":"Loop","floor":25},{"not_picked":["Seeing Red+1","Inflame"],"picked":"Defragment+1","floor":25},{"not_picked":["Undo+1","ReplayTheSpireMod:Reroute Power+1"],"picked":"Coolheaded+1","floor":25},{"not_picked":["Aggregate+1","Panic Button+1"],"picked":"Self Repair","floor":27}],"player_experience":572697,"relics_obtained":[{"floor":7.0,"key":"Replay:Mystery Machine"},{"floor":9.0,"key":"Pantograph"},{"floor":13.0,"key":"Toxic Egg 2"},{"floor":26,"key":"Dream Catcher"}],"event_choices":[{"damage_healed":0.0,"max_hp_gain":0.0,"max_hp_loss":0.0,"gold_gain":150.0,"event_name":"Liars Game","player_choice":"AGREE","floor":3.0,"gold_loss":0.0,"damage_taken":0.0,"cards_obtained":["Doubt"]},{"damage_healed":0.0,"max_hp_gain":0.0,"max_hp_loss":0.0,"gold_gain":0.0,"event_name":"Lab","player_choice":"Got Potions","floor":4.0,"gold_loss":0.0,"damage_taken":0.0},{"cards_removed":["Doubt"],"damage_healed":0.0,"max_hp_gain":0.0,"max_hp_loss":0.0,"gold_gain":0.0,"event_name":"Living Wall","player_choice":"Forget","floor":8.0,"gold_loss":0.0,"damage_taken":0.0},{"damage_healed":0,"gold_gain":50,"player_choice":"Touch","damage_taken":7,"max_hp_gain":0,"max_hp_loss":0,"event_name":"FaceTrader","floor":20,"gold_loss":0},{"damage_healed":0,"gold_gain":0,"player_choice":"Ignored","damage_taken":0,"max_hp_gain":0,"max_hp_loss":0,"event_name":"Cursed Tome","floor":22,"gold_loss":0}],"is_beta":false,"boss_relics":[{"not_picked":["Replay:Wanted Poster","ReplayTheSpireMod:DimensionalGlitch"],"picked":"Replay:Bronze Core"}],"items_purged_floors":[12],"is_endless":false,"potions_floor_spawned":[1,5,7,16,18],"killed_by":"Slavers","ascension_level":20}}