{"host":"ceopyqoizwrgii5g","time":1607775112,"event":{"mods":["Act Like it!","Aspiration","BaseMod","BetterRewards","CapriCore","Conspire","Dota2Spire","GungeonMod","Hallownest","Hermit","Infinite Spire","Luminous","Marisa（霧雨　魔理沙）","Minty Spire (QoL Compilation)","Permanent Neow","Quick Restart","Reimu（博???）","Replay The Spire","Robot Space Explorer","RumiaBox-露米?的神秘盒子","Shop Mod","Spicy Shops","StSLib","SuperFastMode","The Bug Knight","The Runesmith","TheWitcher","Transform Curses","WarShipGirlsR/??少女R mod","Youmu（魂魄妖?）","【?方二次?作】八云紫mod","【功能Mod】混沌之?修复?丁"],"gold_per_floor":[117,136,147,147,112,112,139,139,162,162,181,261,45,65,65,163,163,183,137,152,50,63,93,107,107,133,133,164,177,177,196,196,297,297,309,309,166,181,151,183,197,197,197,217,249,261,261,281,281,377,377,379,379,379,392,396,396,404,404,404,409,431,439,291,300,300,384,384,393,393,400,405,405,399,399],"floor_reached":74,"playtime":2276,"items_purged":["Delirium","Writhe"],"score":1219,"play_id":"ba37635a-0a3a-4d79-8929-e7791370db37","local_time":"20201212201152","is_ascension_mode":false,"campfire_choices":[{"data":"RobotSpaceExplorer:StarDust","floor":6,"key":"SMITH"},{"data":"RobotSpaceExplorer:StarLightning","floor":8,"key":"SMITH"},{"floor":10,"key":"REST"},{"data":"RobotSpaceExplorer:ChargingLaser","floor":15,"key":"SMITH"},{"data":"RobotSpaceExplorer:PowerCollector","floor":27,"key":"SMITH"},{"data":"RobotSpaceExplorer:StarLightning","floor":30,"key":"SMITH"},{"floor":32,"key":"REST"},{"data":"RobotSpaceExplorer:Multitool","floor":47,"key":"SMITH"},{"floor":49,"key":"REST"},{"data":"RobotSpaceExplorer:PowerGlove","floor":57,"key":"SMITH"},{"data":"RobotSpaceExplorer:LuckyStrike","floor":59,"key":"SMITH"},{"floor":66,"key":"REST"}],"circlet_count":0,"master_deck":["RobotSpaceExplorer:Strike+1","RobotSpaceExplorer:Strike+1","RobotSpaceExplorer:Strike+1","RobotSpaceExplorer:Strike+1","RobotSpaceExplorer:Defend+1","RobotSpaceExplorer:Defend+1","RobotSpaceExplorer:Defend+1","RobotSpaceExplorer:Defend+1","RobotSpaceExplorer:Scan","RobotSpaceExplorer:MiniLasers","RobotSpaceExplorer:Pulsar+1","RobotSpaceExplorer:StarLightning+1","RobotSpaceExplorer:StarDust+1","RobotSpaceExplorer:IronShell","RobotSpaceExplorer:DroneSwarm","RobotSpaceExplorer:ChargingLaser+1","RobotSpaceExplorer:Blaster","RobotSpaceExplorer:PowerCollector+1","RobotSpaceExplorer:StunGrenade","RobotSpaceExplorer:IronShell","RobotSpaceExplorer:Pulsar","RobotSpaceExplorer:Pulsar","RobotSpaceExplorer:StarLightning+1","RobotSpaceExplorer:Smokescreen","RobotSpaceExplorer:Pulsar+1","RobotSpaceExplorer:GlueShot","RobotSpaceExplorer:Counterblock+1","RobotSpaceExplorer:Blaster","RobotSpaceExplorer:Pulsar","RobotSpaceExplorer:StarLightning","RobotSpaceExplorer:FreezingShield","RobotSpaceExplorer:Multitool+1","RobotSpaceExplorer:Fix+1","RobotSpaceExplorer:MiniBoosters+1","RobotSpaceExplorer:MiniDrones+1","RobotSpaceExplorer:ChargingLaser+1","RobotSpaceExplorer:LuckyStrike+1","RobotSpaceExplorer:PowerGlove+1","RobotSpaceExplorer:ScrapMissile","RobotSpaceExplorer:Probe","RobotSpaceExplorer:Probe","RobotSpaceExplorer:Comet","RobotSpaceExplorer:PowerCollector","RobotSpaceExplorer:ScrapMissile"],"relics":["RobotSpaceExplorer:RoboCore","MerchantsRug","GodSword7","HandDrill","BargainBundle","Ccalipers","Blood Vial","DemoMod:GnawedKey","AddBug","SecretRecord","SecretRecord","SecretRecord","SecretRecord","SecretRecord","SecretRecord","SecretRecord","SecretRecord","SecretRecord","SecretRecord"],"acts_visited":["Exordium","TheCity","TheBeyond","Exordium","TheCity"],"potions_floor_usage":[16,23,29,40,40,40,50,50,55,61,72,72,74],"damage_taken":[{"damage":7,"enemies":"infinitespire:Voidling","floor":1,"turns":4},{"damage":0,"enemies":"Small Slimes","floor":2,"turns":3},{"damage":6,"enemies":"2 Louse","floor":3,"turns":3},{"damage":17,"enemies":"3 Sentries","floor":7,"turns":7},{"damage":0,"enemies":"Large Slime","floor":11,"turns":4},{"damage":12,"enemies":"3 Louse","floor":14,"turns":4},{"damage":0,"enemies":"The Guardian","floor":16,"turns":6},{"damage":14,"enemies":"conspire:FuzzyDice","floor":18,"turns":5},{"damage":4,"enemies":"Chosen","floor":20,"turns":4},{"damage":13,"enemies":"Sentry and Sphere","floor":22,"turns":5},{"damage":7,"enemies":"Nightmare","floor":23,"turns":6},{"damage":0,"enemies":"Centurion and Healer","floor":24,"turns":6},{"damage":7,"enemies":"conspire:SneckoGhost","floor":28,"turns":5},{"damage":2,"enemies":"3 Cultists","floor":29,"turns":4},{"damage":0,"enemies":"Snecko","floor":31,"turns":6},{"damage":13,"enemies":"Champ","floor":33,"turns":7},{"damage":8,"enemies":"Orb Walker","floor":35,"turns":4},{"damage":16,"enemies":"3 Darklings","floor":38,"turns":5},{"damage":10,"enemies":"Giant Head","floor":40,"turns":7},{"damage":30,"enemies":"Transient","floor":41,"turns":5},{"damage":7,"enemies":"3 Darklings","floor":44,"turns":4},{"damage":0,"enemies":"R_Hoarder","floor":45,"turns":6},{"damage":11,"enemies":"Jaw Worm Horde","floor":46,"turns":3},{"damage":14,"enemies":"Maw","floor":48,"turns":5},{"damage":32,"enemies":"Time Eater","floor":50,"turns":7},{"damage":0,"enemies":"Jaw Worm","floor":52,"turns":3},{"damage":7,"enemies":"2 Louse","floor":55,"turns":2},{"damage":9,"enemies":"Cultist","floor":56,"turns":3},{"damage":0,"enemies":"Exordium Wildlife","floor":58,"turns":3},{"damage":9,"enemies":"3 Louse","floor":61,"turns":4},{"damage":19,"enemies":"Gremlin Nob","floor":62,"turns":4},{"damage":10,"enemies":"Looter","floor":63,"turns":3},{"damage":0,"enemies":"Exordium Thugs","floor":65,"turns":2},{"damage":3,"enemies":"The Guardian","floor":67,"turns":4},{"damage":3,"enemies":"Shell Parasite","floor":69,"turns":3},{"damage":0,"enemies":"Spheric Guardian","floor":71,"turns":3},{"damage":54,"enemies":"Shelled Parasite and Fungi","floor":72,"turns":4},{"damage":84,"enemies":"Slavers","floor":74,"turns":2}],"seed_played":"-2084141231620390475","potions_obtained":[{"floor":1,"key":"Block Potion"},{"floor":11,"key":"Flashbang"},{"floor":22,"key":"Elixir"},{"floor":24,"key":"Explosive Potion"},{"floor":31,"key":"Dota2Spire:HealingSalve"},{"floor":38,"key":"FearPotion"},{"floor":41,"key":"Explosive Potion"},{"floor":48,"key":"Block Potion"},{"floor":50,"key":"AttackPotion"},{"floor":55,"key":"LiquidMemories"},{"floor":61,"key":"GrandPatriotsElixir:ReiMu"},{"floor":63,"key":"Block Potion"},{"floor":65,"key":"Energy Potion"}],"is_trial":false,"path_per_floor":["M","M","M","?","?","R","E","R","T","R","M","?","$","M","R","B",null,"M","$","M","$","M","NM","M","?","T","R","E","M","R","M","R","B",null,"M","?","$","M","?","E","M","?","T","M","E","M","R","M","R","B",null,"M","?","?","M","M","R","M","R","T","M","E","M","$","M","R","B",null,"M","$","M","M","?","E"],"character_chosen":"RobotSpaceExplorer","items_purchased":["MerchantsRug","RobotSpaceExplorer:Pulsar+1","RobotSpaceExplorer:StarLightning","GodSword7","HandDrill","BargainBundle","Ccalipers","Blood Vial","DemoMod:GnawedKey","RobotSpaceExplorer:DroneSwarm","RobotSpaceExplorer:StunGrenade","RobotSpaceExplorer:Pulsar","RobotSpaceExplorer:StarLightning","RobotSpaceExplorer:Pulsar","RobotSpaceExplorer:StarLightning","RobotSpaceExplorer:Probe"],"campfire_rested":4,"item_purchase_floors":[0,0,0,0,0,0,0,0,0,13,19,21,21,37,37,64],"current_hp_per_floor":[75,75,69,57,75,75,58,58,58,75,75,75,75,63,63,65,75,61,61,59,59,48,43,45,45,45,45,40,40,40,42,64,53,75,67,67,67,53,53,63,35,54,54,49,57,48,48,42,64,40,75,75,75,75,68,61,61,63,63,63,56,39,31,31,33,55,54,75,72,72,74,27,27,0,0],"gold":399,"neow_bonus":"","is_daily":false,"chose_seed":false,"campfire_upgraded":8,"win_rate":0.0,"timestamp":1607775112,"path_taken":["M","M","?","?","?","R","E","R","T","R","M","?","$","M","R","BOSS","M","$","M","$","M","NM","M","?","T","R","E","M","R","M","R","BOSS","M","?","$","M","?","E","M","?","T","M","E","?","R","M","R","BOSS","M","?","?","M","M","R","M","R","T","M","E","M","$","M","R","BOSS","M","$","M","?","?","E"],"items_purchased_type":["Relic","Card","Card","Relic","Relic","Relic","Relic","Relic","Relic","Card","Card","Card","Card","Card","Card","Card"],"build_version":"2020-11-30","purchased_purges":2,"victory":false,"max_hp_per_floor":[75,75,75,75,75,75,75,75,75,75,75,75,75,75,75,75,75,75,75,75,75,75,75,75,75,75,75,75,75,75,75,75,75,75,75,75,75,75,75,75,75,75,75,75,75,75,75,75,75,75,75,75,75,75,75,75,75,75,75,75,75,75,75,75,75,75,75,75,75,75,75,75,75,75,75],"card_choices":[{"not_picked":["RobotSpaceExplorer:JunkDive","RobotSpaceExplorer:Electroshield","RobotSpaceExplorer:SurgingStrike"],"picked":"SKIP","floor":1},{"not_picked":["RobotSpaceExplorer:Probe","RobotSpaceExplorer:ImprovisedAttack","RobotSpaceExplorer:TurboDodge"],"picked":"SKIP","floor":2},{"not_picked":["RobotSpaceExplorer:BigMissile","RobotSpaceExplorer:GlueShot"],"picked":"RobotSpaceExplorer:StarDust","floor":3},{"not_picked":["RobotSpaceExplorer:Reload","RobotSpaceExplorer:SlimeMissile","RobotSpaceExplorer:SelfCleaning"],"picked":"SKIP","floor":7},{"not_picked":["RobotSpaceExplorer:Counterblock","RobotSpaceExplorer:Ammunition"],"picked":"RobotSpaceExplorer:IronShell","floor":11},{"not_picked":["RobotSpaceExplorer:SlimeMissile","RobotSpaceExplorer:ShockKick"],"picked":"RobotSpaceExplorer:ChargingLaser","floor":14},{"not_picked":["RobotSpaceExplorer:Exploration","RobotSpaceExplorer:TrailblazerForm"],"picked":"RobotSpaceExplorer:Blaster","floor":16},{"not_picked":["RobotSpaceExplorer:ScrapMissile","RobotSpaceExplorer:BigMissile"],"picked":"RobotSpaceExplorer:PowerCollector","floor":18},{"not_picked":["RobotSpaceExplorer:DoubleBlock","RobotSpaceExplorer:ScrapMissile+1"],"picked":"RobotSpaceExplorer:IronShell","floor":20},{"not_picked":["RobotSpaceExplorer:Electroshield","RobotSpaceExplorer:DoubleFind"],"picked":"RobotSpaceExplorer:Smokescreen","floor":22},{"not_picked":["RobotSpaceExplorer:SurgingShield","RobotSpaceExplorer:LuckyStrike","RobotSpaceExplorer:SelfCleaning+1"],"picked":"SKIP","floor":23},{"not_picked":["RobotSpaceExplorer:SurgingShield","RobotSpaceExplorer:LuckyStrike","RobotSpaceExplorer:SelfCleaning+1"],"picked":"SKIP","floor":23},{"not_picked":["RobotSpaceExplorer:LaserBurst","RobotSpaceExplorer:FrostMissile","RobotSpaceExplorer:ImprovisedAttack"],"picked":"SKIP","floor":24},{"not_picked":["RobotSpaceExplorer:SwiftStep","RobotSpaceExplorer:ShovelStrike"],"picked":"RobotSpaceExplorer:Pulsar+1","floor":28},{"not_picked":["RobotSpaceExplorer:StunGrenade","RobotSpaceExplorer:ScrapMissile"],"picked":"RobotSpaceExplorer:GlueShot","floor":29},{"not_picked":["RobotSpaceExplorer:ShovelStrike","RobotSpaceExplorer:Discharger+1"],"picked":"RobotSpaceExplorer:Counterblock+1","floor":31},{"not_picked":["RobotSpaceExplorer:Wormhole","RobotSpaceExplorer:BlastShield"],"picked":"RobotSpaceExplorer:Blaster","floor":33},{"not_picked":["RobotSpaceExplorer:Ammunition","RobotSpaceExplorer:MiniBoosters","RobotSpaceExplorer:LuckyStrike"],"picked":"SKIP","floor":35},{"not_picked":["RobotSpaceExplorer:Ammunition+1","RobotSpaceExplorer:MakeshiftVolley","RobotSpaceExplorer:GlueSpray+1"],"picked":"SKIP","floor":38},{"not_picked":[],"picked":"RobotSpaceExplorer:FreezingShield","floor":39},{"not_picked":[],"picked":"RobotSpaceExplorer:Multitool","floor":39},{"not_picked":["RobotSpaceExplorer:SwiftStep","RobotSpaceExplorer:ImprovisedAttack"],"picked":"RobotSpaceExplorer:Fix+1","floor":40},{"not_picked":["RobotSpaceExplorer:Electropulse","RobotSpaceExplorer:Electroshield","RobotSpaceExplorer:RigExplosive"],"picked":"SKIP","floor":41},{"not_picked":["RobotSpaceExplorer:FrostMissile","RobotSpaceExplorer:SurgingShield","RobotSpaceExplorer:Ammunition+1"],"picked":"SKIP","floor":44},{"not_picked":["RobotSpaceExplorer:ScrapToss","RobotSpaceExplorer:Counterblock"],"picked":"RobotSpaceExplorer:MiniBoosters+1","floor":45},{"not_picked":["RobotSpaceExplorer:SlimeMissile+1","RobotSpaceExplorer:FrostMissile","RobotSpaceExplorer:Electropulse"],"picked":"SKIP","floor":46},{"not_picked":["RobotSpaceExplorer:Probe","RobotSpaceExplorer:ImprovisedAttack"],"picked":"RobotSpaceExplorer:MiniDrones+1","floor":48},{"not_picked":["RobotSpaceExplorer:HighVoltage","RobotSpaceExplorer:Exploration"],"picked":"RobotSpaceExplorer:ChargingLaser","floor":50},{"not_picked":["RobotSpaceExplorer:MetalStrike","RobotSpaceExplorer:GearShield"],"picked":"RobotSpaceExplorer:LuckyStrike","floor":52},{"not_picked":["RobotSpaceExplorer:Counterblock","RobotSpaceExplorer:ScrapMissile"],"picked":"RobotSpaceExplorer:PowerGlove","floor":55},{"not_picked":["RobotSpaceExplorer:Pulsar","RobotSpaceExplorer:ShovelStrike","RobotSpaceExplorer:RigExplosive"],"picked":"SKIP","floor":56},{"not_picked":["RobotSpaceExplorer:Electropulse","RobotSpaceExplorer:SlimeMissile"],"picked":"RobotSpaceExplorer:ScrapMissile","floor":58},{"not_picked":["RobotSpaceExplorer:LaserBurst","RobotSpaceExplorer:DualCore","RobotSpaceExplorer:DoubleFind"],"picked":"SKIP","floor":61},{"not_picked":["RobotSpaceExplorer:StunGrenade","RobotSpaceExplorer:SurgingShield","RobotSpaceExplorer:ImprovisedAttack"],"picked":"SKIP","floor":62},{"not_picked":["RobotSpaceExplorer:StunGrenade","RobotSpaceExplorer:SurgingShield","RobotSpaceExplorer:ImprovisedAttack"],"picked":"SKIP","floor":62},{"not_picked":["RobotSpaceExplorer:ImprovisedAttack","RobotSpaceExplorer:MetalStrike"],"picked":"RobotSpaceExplorer:Probe","floor":63},{"not_picked":["RobotSpaceExplorer:StunGrenade","RobotSpaceExplorer:Pulsar","RobotSpaceExplorer:IronShell"],"picked":"SKIP","floor":65},{"not_picked":["RobotSpaceExplorer:Explosion","RobotSpaceExplorer:Arsenal"],"picked":"RobotSpaceExplorer:Comet","floor":67},{"not_picked":["RobotSpaceExplorer:Counterblock","RobotSpaceExplorer:Electropulse"],"picked":"RobotSpaceExplorer:PowerCollector","floor":69},{"not_picked":["RobotSpaceExplorer:Blitz","RobotSpaceExplorer:TurboDodge","RobotSpaceExplorer:GearShield"],"picked":"SKIP","floor":71},{"not_picked":["RobotSpaceExplorer:SwiftStep","RobotSpaceExplorer:SlimeMissile"],"picked":"RobotSpaceExplorer:ScrapMissile","floor":72}],"player_experience":232463,"relics_obtained":[{"floor":1,"key":"AddBug"},{"floor":7,"key":"Dota2Spire:EchoSabre"},{"floor":9,"key":"Strawberry"},{"floor":14,"key":"SecretRecord"},{"floor":18,"key":"SecretRecord"},{"floor":23,"key":"DemoMod:PoisonVial"},{"floor":26,"key":"PreservedInsect"},{"floor":28,"key":"Calipers"},{"floor":31,"key":"SecretRecord"},{"floor":40,"key":"SecretRecord"},{"floor":40,"key":"ReplayTheSpireMod:Ninjato"},{"floor":43,"key":"conspire:DecoderRing"},{"floor":45,"key":"DemoMod:JetPack"},{"floor":46,"key":"SecretRecord"},{"floor":58,"key":"SecretRecord"},{"floor":60,"key":"SumBook"},{"floor":62,"key":"SecretRecord"},{"floor":62,"key":"Dota2Spire:ArmletOfMordiggian"},{"floor":63,"key":"SecretRecord"},{"floor":67,"key":"SecretRecord"}],"event_choices":[{"damage_healed":0,"gold_gain":0,"player_choice":"Success","damage_taken":12,"relics_obtained":["Dota2Spire:MagicBottle"],"max_hp_gain":0,"max_hp_loss":0,"event_name":"Scrap Ooze","floor":4,"gold_loss":0},{"damage_healed":18,"gold_gain":0,"player_choice":"Healed","damage_taken":0,"max_hp_gain":0,"max_hp_loss":0,"event_name":"The Cleric","floor":5,"gold_loss":35},{"damage_healed":0,"gold_gain":0,"player_choice":"Memory 1","damage_taken":0,"max_hp_gain":0,"max_hp_loss":0,"event_name":"SensoryStone","floor":36,"gold_loss":0},{"damage_healed":19,"gold_gain":0,"player_choice":"Writhe","damage_taken":0,"max_hp_gain":0,"max_hp_loss":0,"event_name":"Winding Halls","floor":42,"gold_loss":0,"cards_obtained":["Writhe"]},{"damage_healed":0,"gold_gain":0,"player_choice":"Forge","damage_taken":0,"max_hp_gain":0,"max_hp_loss":0,"event_name":"Accursed Blacksmith","floor":54,"gold_loss":0,"cards_upgraded":["RobotSpaceExplorer:ChargingLaser"]},{"damage_healed":0,"gold_gain":0,"player_choice":"Simplicity","damage_taken":0,"max_hp_gain":0,"max_hp_loss":0,"event_name":"Back to Basics","floor":73,"gold_loss":0,"cards_upgraded":["RobotSpaceExplorer:Strike","RobotSpaceExplorer:Strike","RobotSpaceExplorer:Strike","RobotSpaceExplorer:Strike","RobotSpaceExplorer:Defend","RobotSpaceExplorer:Defend","RobotSpaceExplorer:Defend","RobotSpaceExplorer:Defend"]}],"is_beta":false,"boss_relics":[{"not_picked":["Calling Bell","RobotSpaceExplorer:Reprocessor"],"picked":"SoulBox"},{"not_picked":["SacredBark","RobotSpaceExplorer:SearchSpecs"],"picked":"Replay:Wanted Poster"},{"not_picked":["Kintsugi","Cursed Key"],"picked":"aspiration:MobileForge"},{"not_picked":["Dota2Spire:Bloodstone","aspiration:SecretTechniqueScroll"],"picked":"Philosopher\u0027s Stone"}],"items_purged_floors":[13,64],"is_endless":true,"potions_floor_spawned":[1,3,11,22,24,29,31,38,41,48,50,55,61,63,65],"killed_by":"Slavers","ascension_level":0}}