{"host":"0w69akqzy16si4rs","time":1607795617,"event":{"mods":["AchievementEnabler","BaseMod","Colored Map","Colored Powertips","Hermit","Minty Spire (QoL Compilation)","StSLib"],"gold_per_floor":[364,364,377,552,0,0,14,77,102,72,83,113,129,139,139,139,139],"floor_reached":16,"playtime":668,"items_purged":[],"score":137,"play_id":"a73c8a1c-7a95-461c-9773-54668d436766","local_time":"20201212125337","is_ascension_mode":true,"campfire_choices":[{"data":"Chill","floor":6,"key":"SMITH"},{"data":"Zap","floor":15,"key":"SMITH"}],"circlet_count":0,"master_deck":["Strike_B+1","Strike_B","Strike_B","Strike_B","Defend_B","Defend_B","Defend_B+1","Defend_B","Zap+1","Dualcast","Injury","Heatsinks","Chill+1","Doubt","Capacitor","Consume","Hologram","Streamline","Capacitor","Core Surge"],"relics":["Cracked Core","Mango","TheAbacus","Lizard Tail","Strawberry","Ornamental Fan"],"acts_visited":["Exordium"],"potions_floor_usage":[8,12,16],"damage_taken":[{"damage":2,"enemies":"Jaw Worm","floor":1,"turns":3},{"damage":0,"enemies":"2 Louse","floor":3,"turns":2},{"damage":0,"enemies":"Small Slimes","floor":7,"turns":4},{"damage":44,"enemies":"Gremlin Nob","floor":8,"turns":7},{"damage":4,"enemies":"2 Fungi Beasts","floor":11,"turns":5},{"damage":43,"enemies":"Gremlin Nob","floor":12,"turns":6},{"damage":43,"enemies":"Gremlin Gang","floor":13,"turns":9},{"damage":18,"enemies":"Looter","floor":14,"turns":3},{"damage":41,"enemies":"Slime Boss","floor":16,"turns":6}],"seed_played":"-6170974966262268881","potions_obtained":[{"floor":3,"key":"Block Potion"},{"floor":7,"key":"FairyPotion"},{"floor":10,"key":"Explosive Potion"},{"floor":10,"key":"PotionOfCapacity"},{"floor":14,"key":"SkillPotion"}],"is_trial":false,"path_per_floor":["M","?","M","?","$","R","M","?","T","?","M","E","M","M","R","B"],"character_chosen":"DEFECT","items_purchased":["Mango","Capacitor","TheAbacus","Regen Potion"],"campfire_rested":0,"item_purchase_floors":[5,5,5,5],"current_hp_per_floor":[73,58,58,58,72,72,72,33,40,40,36,28,48,30,30,0,0],"gold":139,"neow_bonus":"TWO_FIFTY_GOLD","is_daily":false,"chose_seed":false,"campfire_upgraded":2,"win_rate":0.0,"timestamp":1607795617,"path_taken":["M","?","M","?","$","R","M","?","T","?","?","E","M","M","R","BOSS"],"items_purchased_type":["Relic","Card","Relic","Potion"],"build_version":"2020-11-30","purchased_purges":0,"victory":false,"max_hp_per_floor":[75,75,75,75,89,89,89,89,96,96,96,96,96,96,96,96,96],"card_choices":[{"not_picked":["Double Energy","Hologram"],"picked":"Heatsinks","floor":1},{"not_picked":["Sweeping Beam","Turbo"],"picked":"Chill","floor":3},{"not_picked":["Sunder","Tempest"],"picked":"Consume","floor":7},{"not_picked":["Turbo","Compile Driver"],"picked":"Hologram","floor":8},{"not_picked":["Tempest","Barrage"],"picked":"Streamline","floor":11},{"not_picked":["Streamline","Tempest"],"picked":"Capacitor","floor":12},{"not_picked":["Genetic Algorithm","Coolheaded"],"picked":"Core Surge","floor":13},{"not_picked":["Cold Snap","Aggregate","Go for the Eyes"],"picked":"SKIP","floor":14}],"player_experience":309888,"relics_obtained":[{"floor":9,"key":"Strawberry"},{"floor":12,"key":"Ornamental Fan"}],"event_choices":[{"damage_healed":0,"gold_gain":0,"player_choice":"Entered Light","damage_taken":15,"max_hp_gain":0,"max_hp_loss":0,"event_name":"Shining Light","floor":2,"gold_loss":0,"cards_upgraded":["Defend_B","Strike_B"]},{"damage_healed":0,"gold_gain":175,"player_choice":"AGREE","damage_taken":0,"max_hp_gain":0,"max_hp_loss":0,"event_name":"Liars Game","floor":4,"gold_loss":0,"cards_obtained":["Doubt"]},{"damage_healed":0,"gold_gain":0,"player_choice":"Searched \u00273\u0027 times","damage_taken":0,"relics_obtained":["Lizard Tail"],"max_hp_gain":0,"max_hp_loss":0,"event_name":"Dead Adventurer","floor":8,"gold_loss":0},{"damage_healed":0,"gold_gain":0,"player_choice":"Bought 2 Potions","damage_taken":0,"max_hp_gain":0,"max_hp_loss":0,"event_name":"The Woman in Blue","floor":10,"gold_loss":0}],"is_beta":false,"boss_relics":[],"items_purged_floors":[],"is_endless":false,"potions_floor_spawned":[3,7,11,14],"killed_by":"Slime Boss","ascension_level":2}}