{"host":"0vd2boh2oi7jm085","time":1607772885,"event":{"mods":["BaseMod","Colored Map","Colored Powertips","Highlight Path","Minty Spire (QoL Compilation)","Quick Restart","StSLib","The IronCluck"],"gold_per_floor":[210,210,210,45,55,55,66,83,83,99,99,125,144,162,162,241,241,253,14,24,24,38,38,38,38,85,85,85,103,115,135,135,210,260,274,5,5,20,20,20,45,62,86,103,123,142,142,142,142,142],"floor_reached":51,"playtime":1334,"items_purged":[],"score":1135,"play_id":"1c81cf74-6a99-4a48-aa65-d821a8ab1e83","local_time":"20201212033445","is_ascension_mode":true,"campfire_choices":[{"data":"Flex","floor":6.0,"key":"SMITH"},{"data":"Pummel","floor":11.0,"key":"SMITH"},{"data":"Whirlwind","floor":15.0,"key":"SMITH"},{"data":"Heavy Blade","floor":23.0,"key":"SMITH"},{"data":"Flex","floor":27.0,"key":"SMITH"},{"data":"Reaper","floor":32.0,"key":"SMITH"},{"data":"Inflame","floor":40.0,"key":"SMITH"},{"floor":47.0,"key":"REST"},{"floor":49.0,"key":"REST"}],"circlet_count":0,"master_deck":["AscendersBane","Strike_R","Strike_R+1","Strike_R","Strike_R","Strike_R","Defend_R","Defend_R","Defend_R","Bash","Thunderclap","Flex+1","Reaper+1","Pummel+1","Heavy Blade+1","Whirlwind+1","Necronomicurse","Flex+1","Inflame+1","Carnage"],"relics":["Burning Blood","Toolbox","FossilizedHelix","Champion Belt","Busted Crown","Membership Card","Anchor","Necronomicon","Centennial Puzzle","Tiny House","Paper Frog","Red Skull","Unceasing Top","Nunchaku"],"acts_visited":["Exordium","TheCity","TheBeyond"],"potions_floor_usage":[50],"damage_taken":[{"damage":7.0,"enemies":"2 Louse","floor":1.0,"turns":3.0},{"damage":4.0,"enemies":"Jaw Worm","floor":5.0,"turns":3.0},{"damage":0.0,"enemies":"Cultist","floor":7.0,"turns":2.0},{"damage":12.0,"enemies":"Looter","floor":8.0,"turns":4.0},{"damage":0.0,"enemies":"3 Louse","floor":10.0,"turns":3.0},{"damage":10.0,"enemies":"Lagavulin","floor":12.0,"turns":6.0},{"damage":0.0,"enemies":"2 Fungi Beasts","floor":13.0,"turns":2.0},{"damage":1.0,"enemies":"Gremlin Gang","floor":14.0,"turns":3.0},{"damage":59.0,"enemies":"The Guardian","floor":16.0,"turns":13.0},{"damage":7.0,"enemies":"Shell Parasite","floor":18.0,"turns":4.0},{"damage":0.0,"enemies":"Chosen","floor":20.0,"turns":4.0},{"damage":0.0,"enemies":"Centurion and Healer","floor":22.0,"turns":2.0},{"damage":8.0,"enemies":"Snake Plant","floor":29.0,"turns":2.0},{"damage":0.0,"enemies":"Shelled Parasite and Fungi","floor":30.0,"turns":2.0},{"damage":0.0,"enemies":"Snecko","floor":31.0,"turns":2.0},{"damage":10.0,"enemies":"Collector","floor":33.0,"turns":5.0},{"damage":0.0,"enemies":"Orb Walker","floor":35.0,"turns":3.0},{"damage":10.0,"enemies":"3 Darklings","floor":38.0,"turns":3.0},{"damage":25.0,"enemies":"Mind Bloom Boss Battle","floor":41.0,"turns":4.0},{"damage":24.0,"enemies":"Maw","floor":42.0,"turns":5.0},{"damage":24.0,"enemies":"Sphere and 2 Shapes","floor":44.0,"turns":1.0},{"damage":48.0,"enemies":"Jaw Worm Horde","floor":45.0,"turns":3.0},{"damage":13.0,"enemies":"Maw","floor":46.0,"turns":5.0},{"damage":88,"enemies":"Awakened One","floor":50,"turns":7}],"seed_played":"6905086880448223528","potions_obtained":[{"floor":1.0,"key":"EssenceOfSteel"},{"floor":3.0,"key":"BlessingOfTheForge"},{"floor":16.0,"key":"Weak Potion"},{"floor":31.0,"key":"PowerPotion"},{"floor":33.0,"key":"Swift Potion"},{"floor":34.0,"key":"Ancient Potion"},{"floor":41.0,"key":"BloodPotion"},{"floor":44.0,"key":"PowerPotion"},{"floor":46.0,"key":"ElixirPotion"}],"is_trial":false,"path_per_floor":["M","?","?","$","M","R","M","M","T","M","R","E","M","M","R","B",null,"M","$","M","?","M","R","?","?","T","R","?","M","M","M","R","B",null,"M","$","?","M","$","R","?","M","T","M","M","M","R","?","R","B",null],"character_chosen":"IRONCLAD","items_purchased":["Toolbox","Membership Card","Anchor","Inflame","Paper Frog","Red Skull"],"campfire_rested":2,"item_purchase_floors":[4,19,19,36,36,36],"current_hp_per_floor":[67,67,67,67,69,69,75,75,75,75,75,71,75,75,75,31,64,63,63,69,48,75,75,75,75,75,75,75,73,75,75,75,71,79,80,80,80,76,76,76,57,62,62,44,30,41,65,65,80,24],"gold":142,"neow_bonus":"HUNDRED_GOLD","is_daily":false,"chose_seed":false,"campfire_upgraded":7,"win_rate":0.0,"timestamp":1607772885,"path_taken":["M","?","?","$","M","R","M","M","T","?","R","E","M","M","R","BOSS","M","$","M","?","M","R","?","?","T","R","?","M","?","M","R","BOSS","M","?","?","M","?","R","?","M","T","?","M","M","R","?","R","BOSS"],"items_purchased_type":["Relic","Relic","Relic","Card","Relic","Relic"],"build_version":"2020-11-30","purchased_purges":0,"victory":true,"max_hp_per_floor":[75,75,75,75,75,75,75,75,75,75,75,75,75,75,75,75,75,75,75,75,75,75,75,75,75,75,75,75,75,75,75,75,75,80,80,80,80,80,80,80,80,80,80,80,80,80,80,80,80,80],"card_choices":[{"not_picked":["Ghostly Armor","True Grit"],"picked":"Thunderclap","floor":1.0},{"not_picked":["Burning Pact","Armaments"],"picked":"Flex","floor":5.0},{"not_picked":["Warcry","Dropkick"],"picked":"Reaper","floor":7.0},{"not_picked":["Bloodletting","Sword Boomerang"],"picked":"Pummel","floor":8.0},{"not_picked":["True Grit","Twin Strike"],"picked":"Heavy Blade","floor":10.0},{"not_picked":["Warcry","Power Through","Body Slam"],"picked":"SKIP","floor":12.0},{"not_picked":["Havoc","Sever Soul"],"picked":"Whirlwind","floor":13.0},{"not_picked":["Iron Wave","Rage","Body Slam"],"picked":"SKIP","floor":14.0},{"not_picked":["Pommel Strike+1"],"picked":"SKIP","floor":18.0},{"not_picked":["Pommel Strike"],"picked":"SKIP","floor":20.0},{"not_picked":["Feel No Pain"],"picked":"SKIP","floor":22.0},{"not_picked":["Havoc"],"picked":"SKIP","floor":29.0},{"not_picked":["Second Wind+1"],"picked":"SKIP","floor":30.0},{"not_picked":["Clothesline"],"picked":"SKIP","floor":31.0},{"not_picked":["Feel No Pain+1"],"picked":"SKIP","floor":35.0},{"not_picked":["Iron Wave"],"picked":"SKIP","floor":38.0},{"not_picked":["Searing Blow"],"picked":"SKIP","floor":42.0},{"not_picked":["Reckless Charge"],"picked":"SKIP","floor":44.0},{"not_picked":[],"picked":"Carnage","floor":45.0},{"not_picked":["Sword Boomerang"],"picked":"SKIP","floor":46.0}],"player_experience":76897,"relics_obtained":[{"floor":9.0,"key":"FossilizedHelix"},{"floor":12.0,"key":"Champion Belt"},{"floor":21.0,"key":"Necronomicon"},{"floor":26.0,"key":"Centennial Puzzle"},{"floor":41.0,"key":"Unceasing Top"},{"floor":43.0,"key":"Nunchaku"}],"event_choices":[{"damage_healed":0.0,"max_hp_gain":0.0,"max_hp_loss":0.0,"gold_gain":0.0,"event_name":"Shining Light","player_choice":"Ignored","floor":2.0,"gold_loss":0.0,"damage_taken":0.0},{"damage_healed":0.0,"max_hp_gain":0.0,"max_hp_loss":0.0,"gold_gain":0.0,"event_name":"Lab","player_choice":"Got Potions","floor":3.0,"gold_loss":0.0,"damage_taken":0.0},{"damage_healed":0.0,"max_hp_gain":0.0,"max_hp_loss":0.0,"gold_gain":0.0,"event_name":"Cursed Tome","player_choice":"Obtained Book","floor":21.0,"gold_loss":0.0,"damage_taken":21.0},{"damage_healed":0.0,"max_hp_gain":0.0,"max_hp_loss":0.0,"gold_gain":0.0,"event_name":"The Library","player_choice":"Read","floor":24.0,"gold_loss":0.0,"damage_taken":0.0,"cards_obtained":["Flex"]},{"damage_healed":0.0,"max_hp_gain":0.0,"max_hp_loss":0.0,"gold_gain":0.0,"event_name":"The Mausoleum","player_choice":"Ignored","floor":25.0,"gold_loss":0.0,"damage_taken":0.0},{"damage_healed":0.0,"max_hp_gain":0.0,"max_hp_loss":0.0,"gold_gain":0.0,"event_name":"WeMeetAgain","player_choice":"Ignored","floor":28.0,"gold_loss":0.0,"damage_taken":0.0},{"damage_healed":0.0,"max_hp_gain":0.0,"max_hp_loss":0.0,"gold_gain":0.0,"event_name":"SensoryStone","player_choice":"Memory 1","floor":37.0,"gold_loss":0.0,"damage_taken":0.0},{"damage_healed":0.0,"max_hp_gain":0.0,"max_hp_loss":0.0,"gold_gain":0.0,"event_name":"MindBloom","player_choice":"Fight","floor":41.0,"gold_loss":0.0,"damage_taken":0.0},{"cards_removed":["Defend_R"],"damage_healed":0.0,"max_hp_gain":0.0,"max_hp_loss":0.0,"gold_gain":0.0,"event_name":"Falling","player_choice":"Removed Skill","floor":48.0,"gold_loss":0.0,"damage_taken":0.0}],"is_beta":false,"boss_relics":[{"not_picked":["Sozu","Calling Bell"],"picked":"Busted Crown"},{"not_picked":["Runic Cube","Snecko Eye"],"picked":"Tiny House"}],"items_purged_floors":[],"is_endless":false,"potions_floor_spawned":[1,8,10,13,14,16,18,22,31,33,38,41,44,46],"ascension_level":16}}