{"host":"n4g93besrg43trcj","time":1607739609,"event":{"mods":["BaseMod","GifTheSpireLib","Minty Spire (QoL Compilation)","StSLib"],"gold_per_floor":[112,112,128,303,303,303,178,194,270,284,325,350,371,149,149,149,149],"floor_reached":16,"playtime":403,"items_purged":["Doubt"],"score":127,"play_id":"b1d2e99f-a1d6-485c-a6f8-53ba6c7c0f2c","local_time":"20201211212009","is_ascension_mode":false,"campfire_choices":[{"data":"BowlingBash","floor":6,"key":"SMITH"},{"floor":15,"key":"REST"}],"circlet_count":0,"master_deck":["Strike_P","Strike_P","Strike_P","Strike_P","Defend_P","Defend_P","Defend_P","Defend_P","Eruption","Vigilance","BowlingBash+1","Tantrum","FlyingSleeves","Blasphemy","BowlingBash+1","LessonLearned+1","Consecrate+1","BowlingBash+1","ForeignInfluence"],"relics":["PureWater","NeowsBlessing","Golden Idol","Molten Egg 2","Omamori","Toolbox"],"acts_visited":["Exordium"],"potions_floor_usage":[],"damage_taken":[{"damage":0,"enemies":"2 Louse","floor":1,"turns":2},{"damage":0,"enemies":"Small Slimes","floor":3,"turns":1},{"damage":0,"enemies":"Cultist","floor":8,"turns":1},{"damage":5,"enemies":"3 Louse","floor":10,"turns":2},{"damage":0,"enemies":"Gremlin Nob","floor":11,"turns":2},{"damage":2,"enemies":"Looter","floor":12,"turns":2},{"damage":26,"enemies":"Blue Slaver","floor":13,"turns":3},{"damage":0,"enemies":"Hexaghost","floor":16,"turns":1}],"seed_played":"-4886505718570740835","potions_obtained":[{"floor":3,"key":"EssenceOfSteel"},{"floor":10,"key":"EssenceOfSteel"}],"is_trial":false,"path_per_floor":["M","?","M","?","?","R","$","M","T","M","E","M","M","$","R","B"],"character_chosen":"WATCHER","items_purchased":["FlyingSleeves","ForeignInfluence","Toolbox"],"campfire_rested":1,"item_purchase_floors":[7,14,14],"current_hp_per_floor":[72,54,54,54,54,54,54,54,54,49,49,47,21,21,42,42,42],"gold":149,"neow_bonus":"THREE_ENEMY_KILL","is_daily":false,"chose_seed":false,"campfire_upgraded":1,"win_rate":0.0,"timestamp":1607739609,"path_taken":["M","?","M","?","?","R","$","M","T","M","E","M","M","$","R","BOSS"],"items_purchased_type":["Card","Card","Relic"],"build_version":"2020-11-30","purchased_purges":1,"victory":false,"max_hp_per_floor":[72,72,72,72,72,72,72,72,72,72,72,72,72,72,72,72,72],"card_choices":[{"not_picked":["ClearTheMind","FollowUp"],"picked":"BowlingBash","floor":1},{"not_picked":["ClearTheMind","ForeignInfluence"],"picked":"Tantrum","floor":3},{"not_picked":["Halt","PathToVictory"],"picked":"Blasphemy","floor":8},{"not_picked":["Crescendo","Wallop+1"],"picked":"BowlingBash+1","floor":10},{"not_picked":["Pray","Conclude+1"],"picked":"LessonLearned+1","floor":11},{"not_picked":["PathToVictory","Halt"],"picked":"Consecrate+1","floor":12},{"not_picked":["Protect","Swivel"],"picked":"BowlingBash+1","floor":13}],"player_experience":207785,"relics_obtained":[{"floor":9,"key":"Molten Egg 2"},{"floor":11,"key":"Omamori"}],"event_choices":[{"damage_healed":0,"gold_gain":0,"player_choice":"Take Damage","damage_taken":18,"relics_obtained":["Golden Idol"],"max_hp_gain":0,"max_hp_loss":0,"event_name":"Golden Idol","floor":2,"gold_loss":0},{"damage_healed":0,"gold_gain":175,"player_choice":"AGREE","damage_taken":0,"max_hp_gain":0,"max_hp_loss":0,"event_name":"Liars Game","floor":4,"gold_loss":0,"cards_obtained":["Doubt"]},{"damage_healed":0,"gold_gain":0,"player_choice":"Bought 0 Potions","damage_taken":0,"max_hp_gain":0,"max_hp_loss":0,"event_name":"The Woman in Blue","floor":5,"gold_loss":0}],"is_beta":false,"boss_relics":[],"items_purged_floors":[7],"is_endless":false,"potions_floor_spawned":[3,10],"killed_by":"Hexaghost","ascension_level":0}}