{"host":"m0l7iybr7y7a2mwh","time":1607779461,"event":{"mods":["AchievementEnabler","AlwaysNeverKeys","BaseMod","Block Reminder","Colored Map","Colored Powertips","Highlight Path","Minty Spire (QoL Compilation)","Permanent Neow","Quick Restart","StSLib"],"gold_per_floor":[20,39,49,49,61,95,95,126,126,51,226,226,240,271,271,368,368,379,106,106,120,120,145,157,157,157],"floor_reached":25,"playtime":973,"items_purged":["Strike_R","Doubt"],"score":277,"play_id":"c8be60b5-5c2b-4834-9ab7-ef12f98d3753","local_time":"20201213002421","is_ascension_mode":true,"campfire_choices":[{"data":"Apotheosis","floor":7.0,"key":"SMITH"},{"floor":12.0,"key":"REST"},{"floor":15.0,"key":"REST"}],"circlet_count":0,"master_deck":["Strike_R","Strike_R","Strike_R","Defend_R","Defend_R","Defend_R","Bash","Apotheosis+1","Anger","Headbutt","Fire Breathing","Flame Barrier","Barricade","Carnage+1","The Bomb","Inflame","True Grit"],"relics":["Burning Blood","Strawberry","Potion Belt","Paper Frog","Mercury Hourglass","Omamori","Black Star","FaceOfCleric","Question Card","InkBottle"],"acts_visited":["Exordium","TheCity"],"potions_floor_usage":[],"damage_taken":[{"damage":6.0,"enemies":"2 Louse","floor":1.0,"turns":3.0},{"damage":2.0,"enemies":"Jaw Worm","floor":2.0,"turns":3.0},{"damage":0.0,"enemies":"Small Slimes","floor":3.0,"turns":2.0},{"damage":17.0,"enemies":"Gremlin Gang","floor":5.0,"turns":6.0},{"damage":40.0,"enemies":"Lagavulin","floor":6.0,"turns":6.0},{"damage":8.0,"enemies":"3 Sentries","floor":8.0,"turns":5.0},{"damage":2.0,"enemies":"2 Fungi Beasts","floor":13.0,"turns":4.0},{"damage":22.0,"enemies":"Gremlin Nob","floor":14.0,"turns":4.0},{"damage":44.0,"enemies":"Hexaghost","floor":16.0,"turns":9.0},{"damage":21.0,"enemies":"Spheric Guardian","floor":18.0,"turns":5.0},{"damage":12.0,"enemies":"Chosen","floor":21.0,"turns":4.0},{"damage":50.0,"enemies":"Gremlin Leader","floor":23.0,"turns":6.0},{"damage":18.0,"enemies":"3 Cultists","floor":24.0,"turns":3.0},{"damage":18,"enemies":"Shelled Parasite and Fungi","floor":25,"turns":6}],"seed_played":"4221668072516902794","potions_obtained":[{"floor":3.0,"key":"Ancient Potion"},{"floor":6.0,"key":"ElixirPotion"},{"floor":14.0,"key":"Explosive Potion"},{"floor":16.0,"key":"LiquidBronze"},{"floor":18.0,"key":"BlessingOfTheForge"},{"floor":24.0,"key":"ElixirPotion"}],"is_trial":false,"path_per_floor":["M","M","M","?","M","E","R","E","T","$","?","R","M","E","R","B",null,"M","$","?","M","?","E","M","M"],"character_chosen":"IRONCLAD","items_purchased":["The Bomb"],"campfire_rested":2,"item_purchase_floors":[19],"current_hp_per_floor":[80,80,80,80,69,35,35,33,33,33,33,59,63,47,73,35,87,72,72,72,66,66,23,12,0,0],"gold":157,"neow_bonus":"RANDOM_COLORLESS_2","is_daily":false,"chose_seed":false,"campfire_upgraded":1,"win_rate":0.0,"timestamp":1607779461,"path_taken":["M","M","M","?","M","E","R","E","T","$","?","R","M","E","R","BOSS","M","$","?","M","?","E","M","M"],"items_purchased_type":["Card"],"build_version":"2020-11-30","purchased_purges":2,"victory":false,"max_hp_per_floor":[80,80,80,87,87,87,87,87,87,87,87,87,87,87,87,87,87,87,87,87,87,87,88,89,89,89],"card_choices":[{"not_picked":["Secret Weapon","Transmutation"],"picked":"Apotheosis","floor":0.0},{"not_picked":["Clothesline","Iron Wave"],"picked":"Anger","floor":1.0},{"not_picked":["Whirlwind","Shrug It Off"],"picked":"Headbutt","floor":2.0},{"not_picked":["Rage","Heavy Blade"],"picked":"Fire Breathing","floor":3.0},{"not_picked":["Wild Strike","Clothesline","Fiend Fire"],"picked":"SKIP","floor":5.0},{"not_picked":["Bloodletting","Intimidate","Havoc"],"picked":"SKIP","floor":6.0},{"not_picked":["Sentinel","Rage"],"picked":"Flame Barrier","floor":8.0},{"not_picked":["Wild Strike","Second Wind","Anger"],"picked":"SKIP","floor":13.0},{"not_picked":["Pommel Strike","Body Slam","Sever Soul"],"picked":"SKIP","floor":14.0},{"not_picked":["Fiend Fire","Juggernaut"],"picked":"Barricade","floor":16.0},{"not_picked":["Second Wind","Anger"],"picked":"Carnage+1","floor":18.0},{"not_picked":["Dropkick","Shrug It Off","Havoc"],"picked":"SKIP","floor":21.0},{"not_picked":["Havoc+1","Body Slam+1","Rupture"],"picked":"SKIP","floor":23.0},{"not_picked":["Sword Boomerang","Sentinel","Blood for Blood","Reckless Charge"],"picked":"SKIP","floor":24.0}],"player_experience":89207,"relics_obtained":[{"floor":6.0,"key":"Potion Belt"},{"floor":8.0,"key":"Paper Frog"},{"floor":9.0,"key":"Mercury Hourglass"},{"floor":14.0,"key":"Omamori"},{"floor":23.0,"key":"Question Card"},{"floor":23.0,"key":"InkBottle"}],"event_choices":[{"damage_healed":0.0,"max_hp_gain":0.0,"max_hp_loss":0.0,"gold_gain":0.0,"event_name":"Scrap Ooze","player_choice":"Success","floor":4.0,"gold_loss":0.0,"damage_taken":7.0,"relics_obtained":["Strawberry"]},{"damage_healed":0.0,"max_hp_gain":0.0,"max_hp_loss":0.0,"gold_gain":175.0,"event_name":"Liars Game","player_choice":"AGREE","floor":11.0,"gold_loss":0.0,"damage_taken":0.0,"cards_obtained":["Doubt"]},{"damage_healed":0.0,"max_hp_gain":0.0,"max_hp_loss":0.0,"gold_gain":0.0,"cards_transformed":["Strike_R","Defend_R"],"event_name":"Drug Dealer","player_choice":"Became Test Subject","floor":20.0,"gold_loss":0.0,"damage_taken":0.0,"cards_obtained":["Inflame","True Grit"]},{"damage_healed":0.0,"max_hp_gain":0.0,"max_hp_loss":0.0,"gold_gain":0.0,"event_name":"FaceTrader","player_choice":"Trade","floor":22.0,"gold_loss":0.0,"damage_taken":0.0,"relics_obtained":["FaceOfCleric"]}],"is_beta":false,"boss_relics":[{"not_picked":["Snecko Eye","SacredBark"],"picked":"Black Star"}],"items_purged_floors":[10,19],"is_endless":false,"potions_floor_spawned":[3,6,14,16,18,24],"killed_by":"Shelled Parasite and Fungi","ascension_level":3}}