{"host":"uceopoba4zvqsgiy","time":1607815676,"event":{"mods":["Act Like it!","BaseMod","Better Skull","Better Third Choice","Elementarium","GifTheSpireLib","Hermit","Humility","Infinite Spire","Jorbs\u0027s Wanderer Trilogy","Marked Mod","Minty Spire (QoL Compilation)","Potionbrewer","Replay The Spire","Robot Space Explorer","Shade Mod","Spicy Shops","StSLib","Stuff the Spire","The Blue Laboratory","The Cursed","The Dragon Tamer","The Hierophant","The Judge","The Jungle","Wandering Minibosses"],"gold_per_floor":[119,2,13,13,73,73,73,98,124,157,170,170,170,199,199,199,199,296,296,308,308,308,319,334,334,366,381,381,381,392,392,492,183,183,281,281,295,295,305,318,0,33,33,33,33,58,58,90,170,182,182,182,182],"floor_reached":52,"playtime":7338,"items_purged":[],"score":976,"play_id":"05465602-1d09-48a2-87e7-a78e1a67e39a","local_time":"20201213095756","is_ascension_mode":true,"campfire_choices":[{"floor":6,"key":"REST"},{"floor":17,"key":"REST"},{"data":"stsjorbsmod:CULLCard","floor":25,"key":"SMITH"},{"floor":29,"key":"REST"},{"data":"Shade:Asphyxiate","floor":34,"key":"SMITH"},{"data":"infinitespire:FutureSight","floor":44,"key":"SMITH"},{"data":"Shade:Coordination","floor":47,"key":"SMITH"},{"data":"Shade:OfferingToTheBeyond","floor":51,"key":"SMITH"}],"circlet_count":0,"master_deck":["Shade:Strike_Shade+1","Shade:Strike_Shade+1","Shade:Strike_Shade+1","Shade:Strike_Shade+1","Shade:Defend_Shade+1","Shade:Defend_Shade+1","Shade:Defend_Shade+1","Shade:Defend_Shade+1","Shade:AnimateDead","Shade:CarefulCut","Shade:FeralStrike","Shade:FleshOffering","Shade:StitchTogether","Shade:SpectralStrikes","Shade:Asphyxiate+1","Shade:RavenousHorde","Shade:Bonestorm","Shade:CoffinDance+1","Shade:Excise","Shade:FreshBones","Shade:OfferingToTheBeyond+1","WordoMod:Accursed","stsjorbsmod:CULLCard+1","Shade:Coordination+1","Replay:BasicMightCard","infinitespire:SealOfDarkness+","Shade:Bonestorm","infinitespire:FutureSight+1","Ghostly","Ghostly","Ghostly","Ghostly","Ghostly","Shade:WallOfFlesh+1","Shade:FreshBones","Shade:LyeBath+1","Shade:FleshToFlesh","Shade:OpenGraves+1","Shade:Putrefaction","Shade:FeralStrike+1","Madness","Madness","Shade:SkeletonHug+1","Shade:BoneShards","Shade:LyeBath+1","infinitespire:Fortify","infinitespire:Starlight","Shade:SoulToxin","Shade:AuraOfUnlife+1"],"relics":["Shade:YorickSkull","StuffTheSpire:Expresso","InkBottle","StuffTheSpire:PointBlank","ReplayTheSpireMod:TigerMarble","Centennial Puzzle","StuffTheSpire:Experiment12","ReplayTheSpireMod:SealedPack","SlaversCollar","StuffTheSpire:RubySignet","Mercury Hourglass","Mummified Hand","infinitespire:Lychee Nut","Ornamental Fan","infinitespire:Bottled Soul","Black Star","Red Mask","Anchor","Replay:Bottled Steam","Quantum Egg","Shade:YorickPolishedSkull","infinitespire:CheckeredPen","potionbrewer:ToyAutogyro","Calipers","Replay:Baseball","potionbrewer:DrinkingBird","infinitespire:Eraser"],"acts_visited":["Exordium","TheCity","TheBeyond"],"potions_floor_usage":[10,18,26,32,32,52,52,52,52],"damage_taken":[{"damage":0,"enemies":"Cultist","floor":1,"turns":4},{"damage":0,"enemies":"2 Louse","floor":3,"turns":3},{"damage":21,"enemies":"Lagavulin","floor":8,"turns":6},{"damage":5,"enemies":"3 Sentries","floor":10,"turns":3},{"damage":0,"enemies":"Small Slimes","floor":11,"turns":1},{"damage":9,"enemies":"Gremlin Nob","floor":14,"turns":4},{"damage":24,"enemies":"Slime Boss","floor":18,"turns":5},{"damage":22,"enemies":"2 Thieves","floor":20,"turns":3},{"damage":0,"enemies":"Chosen","floor":23,"turns":7},{"damage":2,"enemies":"Snake Plant","floor":24,"turns":7},{"damage":29,"enemies":"Nightmare","floor":26,"turns":10},{"damage":6,"enemies":"Shelled Parasite and Fungi","floor":27,"turns":4},{"damage":1,"enemies":"Snecko","floor":30,"turns":4},{"damage":1,"enemies":"Colosseum Slavers","floor":32,"turns":3},{"damage":0,"enemies":"Colosseum Nobs","floor":32,"turns":5},{"damage":0,"enemies":"Automaton","floor":35,"turns":9},{"damage":5,"enemies":"3 Shapes","floor":37,"turns":2},{"damage":0,"enemies":"Orb Walker","floor":39,"turns":4},{"damage":2,"enemies":"Transient","floor":40,"turns":6},{"damage":5,"enemies":"Nemesis","floor":42,"turns":6},{"damage":8,"enemies":"Reptomancer","floor":46,"turns":5},{"damage":0,"enemies":"Nemesis","floor":48,"turns":4},{"damage":0,"enemies":"Writhing Mass","floor":50,"turns":6},{"damage":31,"enemies":"Time Eater","floor":52,"turns":5}],"seed_played":"-5502012352079005048","potions_obtained":[{"floor":8,"key":"Energy Potion"},{"floor":10,"key":"blueLaboratory:CorrosionFlask"},{"floor":14,"key":"AttackPotion"},{"floor":23,"key":"Elixir"},{"floor":26,"key":"potionbrewer:EndurancePotion"},{"floor":27,"key":"Venom Potion"},{"floor":35,"key":"potionbrewer:CleansingPotion"},{"floor":37,"key":"blueLaboratory:Moonshine"},{"floor":48,"key":"potionbrewer:AcidPotion"}],"is_trial":false,"path_per_floor":["M","$","M","$","?","R","?","E","T","E","M","PTL","PTL","E","?","?","R","B",null,"M","AVR","?","M","M","R","NM","M","T","R","M","?","?","$","R","B",null,"M","?","M","M","?","E","AVR","R","T","E","R","E","T","M","R","B"],"character_chosen":"SHADE","items_purchased":["Shade:FleshOffering","Shade:StitchTogether","Shade:OpenGraves+1","infinitespire:Bottled Soul"],"campfire_rested":3,"item_purchase_floors":[2,2,33,33],"current_hp_per_floor":[44,44,44,44,18,37,58,44,44,39,39,39,39,30,30,30,49,32,57,35,35,32,32,31,31,9,5,5,14,13,13,23,23,23,24,24,22,19,24,23,23,24,24,24,24,24,24,24,24,24,24,0,0],"gold":182,"neow_bonus":"ONE_RARE_RELIC","is_daily":false,"chose_seed":false,"campfire_upgraded":5,"win_rate":0.0,"timestamp":1607815676,"path_taken":["M","$","?","$","?","R","?","E","T","E","M","PTL","PTL","E","?","?","R","BOSS","M","AVR","?","M","M","R","NM","M","T","R","M","?","?","$","R","BOSS","M","?","M","M","?","E","AVR","R","T","E","R","E","?","M","R","BOSS"],"items_purchased_type":["Card","Card","Card","Relic"],"build_version":"2020-11-30","purchased_purges":0,"victory":false,"max_hp_per_floor":[65,65,65,65,65,65,65,65,65,65,65,65,65,65,65,65,65,65,65,65,65,32,32,32,32,32,32,32,32,32,32,24,24,24,24,24,24,24,24,24,24,24,24,24,24,24,24,24,24,24,24,24,24],"card_choices":[{"not_picked":["Shade:ClawBack","Shade:FuneraryArmor"],"picked":"Shade:FeralStrike","floor":1},{"not_picked":["Shade:PoundOfFlesh","Shade:BoneShards"],"picked":"Shade:SpectralStrikes","floor":3},{"not_picked":["Shade:Brains","Shade:FreshBones"],"picked":"Shade:Asphyxiate","floor":5},{"not_picked":["Shade:FeralStrike","Shade:GreyBargain"],"picked":"Shade:RavenousHorde","floor":5},{"not_picked":["Shade:Haruspicy","Shade:FuneraryArmor"],"picked":"Shade:Bonestorm","floor":8},{"not_picked":["Shade:BoneShards","Shade:AncientSpear"],"picked":"Shade:CoffinDance","floor":10},{"not_picked":["Shade:FeralStrike","Shade:Premonition"],"picked":"Shade:Excise","floor":11},{"not_picked":["Shade:Awaken","Shade:ExtraLimbs"],"picked":"Shade:FreshBones","floor":14},{"not_picked":["Shade:DarkOfNight","Shade:MadHubris"],"picked":"Shade:OfferingToTheBeyond","floor":18},{"not_picked":["RobotSpaceExplorer:MiniLasers","Vigilance"],"picked":"stsjorbsmod:CULLCard","floor":19},{"not_picked":["Shade:OneIsEnough","Shade:LastGasp"],"picked":"Shade:Coordination","floor":19},{"not_picked":["Enlightenment","ReplayTheSpireMod:Trickstab"],"picked":"Replay:BasicMightCard","floor":19},{"not_picked":["infinitespire:Menacing","ReplayTheSpireMod:Haul"],"picked":"infinitespire:SealOfDarkness+","floor":19},{"not_picked":["Shade:CoffinDance","Shade:ExtraLimbs"],"picked":"Shade:Bonestorm","floor":20},{"not_picked":["Shade:CoffinDance","Shade:GraveStillness"],"picked":"Shade:WallOfFlesh+1","floor":23},{"not_picked":["Shade:CoffinDance","Shade:WallOfFlesh+1"],"picked":"Shade:FreshBones","floor":24},{"not_picked":["Shade:MadHubris","Shade:Patience","Shade:GraveStillness"],"picked":"SKIP","floor":26},{"not_picked":["Shade:ExtraLimbs","Shade:WallOfFlesh","Shade:ClawBack"],"picked":"SKIP","floor":27},{"not_picked":["Shade:FuneraryJewels+1","Shade:FleshToFlesh"],"picked":"Shade:LyeBath+1","floor":30},{"not_picked":["Shade:Bonestorm","Shade:SoulToxin"],"picked":"Shade:FleshToFlesh","floor":32},{"not_picked":["Shade:Consume","Shade:Coordination"],"picked":"Shade:Putrefaction","floor":35},{"not_picked":["Shade:FuneraryArmor","Shade:FingerOfDeath+1"],"picked":"Shade:FeralStrike+1","floor":37},{"not_picked":["Shade:FeralStrike","Shade:FuneraryArmor"],"picked":"Shade:SkeletonHug+1","floor":39},{"not_picked":["Shade:CoffinDance+1","Shade:ClawBack"],"picked":"Shade:BoneShards","floor":40},{"not_picked":["Shade:Patience+1","Shade:Premonition"],"picked":"Shade:LyeBath+1","floor":42},{"not_picked":["Shade:ExtraLimbs","Shade:Premonition","Shade:SelfBurial"],"picked":"SKIP","floor":46},{"not_picked":["Shade:Frenzy","Shade:BoneShards"],"picked":"Shade:SoulToxin","floor":48},{"not_picked":["Shade:RitualOffering","Shade:BoneShards"],"picked":"Shade:AuraOfUnlife+1","floor":50}],"player_experience":1487648,"relics_obtained":[{"floor":5,"key":"InkBottle"},{"floor":8,"key":"StuffTheSpire:PointBlank"},{"floor":9,"key":"ReplayTheSpireMod:TigerMarble"},{"floor":10,"key":"Centennial Puzzle"},{"floor":14,"key":"StuffTheSpire:Experiment12"},{"floor":26,"key":"Mercury Hourglass"},{"floor":28,"key":"Mummified Hand"},{"floor":32,"key":"infinitespire:Lychee Nut"},{"floor":32,"key":"Ornamental Fan"},{"floor":42,"key":"Anchor"},{"floor":42,"key":"Replay:Bottled Steam"},{"floor":45,"key":"infinitespire:CheckeredPen"},{"floor":46,"key":"potionbrewer:ToyAutogyro"},{"floor":46,"key":"Calipers"},{"floor":48,"key":"Replay:Baseball"},{"floor":48,"key":"potionbrewer:DrinkingBird"},{"floor":49,"key":"infinitespire:Eraser"}],"event_choices":[{"damage_healed":21,"gold_gain":0,"player_choice":"Banana","damage_taken":0,"max_hp_gain":0,"max_hp_loss":0,"event_name":"Big Fish","floor":7,"gold_loss":0},{"damage_healed":0,"gold_gain":0,"player_choice":"Bought 0 Potions","damage_taken":0,"max_hp_gain":0,"max_hp_loss":0,"event_name":"The Woman in Blue","floor":16,"gold_loss":0},{"damage_healed":0,"gold_gain":0,"player_choice":"Became a Ghost","damage_taken":0,"max_hp_gain":0,"max_hp_loss":33,"event_name":"Ghosts","floor":22,"gold_loss":0,"cards_obtained":["Ghostly","Ghostly","Ghostly","Ghostly","Ghostly"]},{"damage_healed":0,"gold_gain":0,"player_choice":"Simplicity","damage_taken":0,"max_hp_gain":0,"max_hp_loss":8,"event_name":"betterThird:BetterWriting","floor":31,"gold_loss":0},{"damage_healed":0,"gold_gain":0,"player_choice":"Fight","damage_taken":0,"max_hp_gain":0,"max_hp_loss":0,"event_name":"Colosseum","floor":32,"gold_loss":0},{"damage_healed":0,"gold_gain":0,"player_choice":"Fought Nobs","damage_taken":0,"max_hp_gain":0,"max_hp_loss":0,"event_name":"Colosseum","floor":32,"gold_loss":0},{"damage_healed":0,"gold_gain":0,"player_choice":"Embrace Madness","damage_taken":3,"max_hp_gain":0,"max_hp_loss":0,"event_name":"Winding Halls","floor":38,"gold_loss":0,"cards_obtained":["Madness","Madness"]},{"damage_healed":0,"gold_gain":0,"player_choice":"Paid","damage_taken":0,"relics_obtained":["Red Mask"],"max_hp_gain":0,"max_hp_loss":0,"event_name":"Tomb of Lord Red Mask","floor":41,"gold_loss":318}],"is_beta":false,"boss_relics":[{"not_picked":["StuffTheSpire:RunicConfusion","Astrolabe"],"picked":"ReplayTheSpireMod:SealedPack"},{"not_picked":["Replay:Drink Me","Philosopher\u0027s Stone"],"picked":"Black Star"}],"items_purged_floors":[],"is_endless":true,"potions_floor_spawned":[8,10,14,23,26,27,30,35,37,46,48,50],"killed_by":"Time Eater","ascension_level":6}}