{"host":"x0ovlu53kkkog8rv","time":1607797843,"event":{"mods":["BaseMod","Colored Map","Minty Spire (QoL Compilation)","Quick Restart","SuperFastMode"],"gold_per_floor":[116,116,116,136,55,88,88,119,172,172,122,155,170,185,185,286,336,354,371,227,237,237,237,253,253,253,253,266,13,13,13,13,13,13],"floor_reached":33,"playtime":987,"items_purged":[],"score":276,"play_id":"c5e39b8b-eb5e-4c6f-b3af-afe31051da88","local_time":"20201213033043","is_ascension_mode":true,"campfire_choices":[{"floor":7,"key":"REST"},{"floor":10,"key":"REST"},{"data":"Thunderclap","floor":15,"key":"SMITH"},{"data":"Pommel Strike","floor":23,"key":"SMITH"},{"floor":25,"key":"REST"},{"data":"Pommel Strike","floor":27,"key":"SMITH"},{"data":"Cleave","floor":30,"key":"SMITH"},{"floor":32,"key":"REST"}],"circlet_count":0,"master_deck":["Strike_R","Strike_R","Strike_R","Strike_R","Defend_R","Defend_R","Defend_R","Defend_R","Bash","Juggernaut","Thunderclap+1","Anger","Sever Soul","Thunderclap+1","Pommel Strike+1","Clash","Heavy Blade+1","Pommel Strike+1","Limit Break","Warcry","Thunderclap","Shrug It Off","Searing Blow+1","Cleave+1"],"relics":["Burning Blood","Orichalcum","Unceasing Top","Ancient Tea Set","Lantern","Tiny House","Sling","Boot","Molten Egg 2"],"acts_visited":["Exordium","TheCity"],"potions_floor_usage":[16,16,21,28,33],"damage_taken":[{"damage":7,"enemies":"2 Louse","floor":1,"turns":4},{"damage":0,"enemies":"Small Slimes","floor":4,"turns":3},{"damage":54,"enemies":"Lagavulin","floor":6,"turns":6},{"damage":15,"enemies":"Gremlin Nob","floor":8,"turns":4},{"damage":24,"enemies":"Lagavulin","floor":12,"turns":4},{"damage":6,"enemies":"Jaw Worm","floor":13,"turns":2},{"damage":0,"enemies":"Exordium Thugs","floor":14,"turns":3},{"damage":53,"enemies":"The Guardian","floor":16,"turns":8},{"damage":34,"enemies":"Shell Parasite","floor":18,"turns":6},{"damage":17,"enemies":"3 Byrds","floor":19,"turns":5},{"damage":16,"enemies":"Snecko","floor":21,"turns":4},{"damage":8,"enemies":"Centurion and Healer","floor":24,"turns":4},{"damage":21,"enemies":"Snake Plant","floor":28,"turns":2},{"damage":83,"enemies":"Collector","floor":33,"turns":6}],"seed_played":"-3216357875371452114","potions_obtained":[{"floor":6,"key":"DuplicationPotion"},{"floor":8,"key":"Fire Potion"},{"floor":12,"key":"SneckoOil"},{"floor":16,"key":"SteroidPotion"},{"floor":17,"key":"SkillPotion"},{"floor":18,"key":"Weak Potion"},{"floor":28,"key":"Energy Potion"}],"is_trial":false,"path_per_floor":["M","?","?","M","$","E","R","E","T","R","?","E","M","M","R","B",null,"M","M","$","M","?","R","M","R","T","R","M","$","R","?","R","B"],"character_chosen":"IRONCLAD","items_purchased":["Sever Soul","Sling","Molten Egg 2"],"campfire_rested":4,"item_purchase_floors":[5,20,29],"current_hp_per_floor":[79,84,84,85,85,37,62,53,53,78,78,60,60,66,66,19,90,62,51,51,41,41,41,39,66,66,66,51,51,51,51,78,0,0],"gold":13,"neow_bonus":"ONE_RANDOM_RARE_CARD","is_daily":false,"chose_seed":false,"campfire_upgraded":4,"win_rate":0.0,"timestamp":1607797843,"path_taken":["M","?","?","M","$","E","R","E","T","R","?","E","M","M","R","BOSS","M","M","$","M","?","R","M","R","T","R","M","?","R","?","R","BOSS"],"items_purchased_type":["Card","Relic","Relic"],"build_version":"2020-11-30","purchased_purges":0,"victory":false,"max_hp_per_floor":[80,85,85,85,85,85,85,85,85,85,85,85,85,85,85,85,90,90,90,90,90,90,90,90,90,90,90,90,90,90,90,90,90,90],"card_choices":[{"not_picked":["Havoc","Body Slam"],"picked":"Thunderclap","floor":1},{"not_picked":["Warcry","Carnage"],"picked":"Anger","floor":4},{"not_picked":["Twin Strike","Carnage"],"picked":"Thunderclap","floor":6},{"not_picked":["Flame Barrier","Feel No Pain"],"picked":"Pommel Strike","floor":8},{"not_picked":["Flex","Immolate"],"picked":"Clash","floor":12},{"not_picked":["Thunderclap","Anger"],"picked":"Heavy Blade","floor":13},{"not_picked":["Twin Strike","Dark Embrace"],"picked":"Pommel Strike","floor":14},{"not_picked":["Berserk","Immolate"],"picked":"Limit Break","floor":16},{"not_picked":["Searing Blow","Pommel Strike"],"picked":"Warcry","floor":17},{"not_picked":["Anger","Battle Trance"],"picked":"Thunderclap","floor":18},{"not_picked":["Dropkick","Dual Wield"],"picked":"Shrug It Off","floor":19},{"not_picked":["Headbutt","Anger"],"picked":"Searing Blow+1","floor":21},{"not_picked":["Carnage+1","Brutality","Perfected Strike"],"picked":"SKIP","floor":24},{"not_picked":["Anger","Thunderclap"],"picked":"Cleave","floor":28}],"player_experience":179410,"relics_obtained":[{"floor":6,"key":"Orichalcum"},{"floor":8,"key":"Unceasing Top"},{"floor":9,"key":"Ancient Tea Set"},{"floor":12,"key":"Lantern"},{"floor":26,"key":"Boot"}],"event_choices":[{"damage_healed":0,"gold_gain":0,"player_choice":"Donut","damage_taken":0,"max_hp_gain":5,"max_hp_loss":0,"event_name":"Big Fish","floor":2,"gold_loss":0},{"damage_healed":0,"gold_gain":0,"player_choice":"Grow","damage_taken":0,"max_hp_gain":0,"max_hp_loss":0,"event_name":"Living Wall","floor":3,"gold_loss":0,"cards_upgraded":["Thunderclap"]},{"cards_removed":["Strike_R"],"damage_healed":0,"gold_gain":0,"player_choice":"Card Removal","damage_taken":0,"max_hp_gain":0,"max_hp_loss":0,"event_name":"The Cleric","floor":11,"gold_loss":50},{"damage_healed":0,"gold_gain":0,"player_choice":"Ignored","damage_taken":0,"max_hp_gain":0,"max_hp_loss":0,"event_name":"N\u0027loth","floor":22,"gold_loss":0},{"damage_healed":0,"gold_gain":0,"player_choice":"Ignored","damage_taken":0,"max_hp_gain":0,"max_hp_loss":0,"event_name":"Ghosts","floor":31,"gold_loss":0}],"is_beta":false,"boss_relics":[{"not_picked":["Black Blood","Runic Pyramid"],"picked":"Tiny House"}],"items_purged_floors":[],"is_endless":false,"potions_floor_spawned":[6,8,12,13,16,18,28],"killed_by":"Collector","ascension_level":1}}