{"host":"55yei7x27djrlaep","time":1607797137,"event":{"mods":["Act Like it!","BaseMod","BetterRewards","Colored Map","Conspire","Ekko","Friendly Minions","GifTheSpireLib","Marisa????????","Minty Spire (QoL Compilation)","Replay The Spire","StSLib","The Mystic"],"gold_per_floor":[109,184,199,215,62,98,98,115,115,115,153,170,170,214,214,320,320,335,335,357,36,36,63,101,101,101,132,132,132,132,153,153,256,256,283,283,304,304,304,347,347,387,414,414,414,452,452,479,479,485,485,485,182,221,225],"floor_reached":56,"playtime":3914,"items_purged":["Strike_B","Pain","ReplayTheSpireMod:Splinters"],"score":1740,"play_id":"73d020b6-317c-4e36-b0ff-0752ad846199","local_time":"20201212211857","is_ascension_mode":true,"campfire_choices":[{"floor":10,"key":"REST"},{"floor":15,"key":"REST"},{"data":"ReplayTheSpireMod:Brewmster","floor":25,"key":"SMITH"},{"data":"BasicCrystalCard","floor":29,"key":"SMITH"},{"floor":32,"key":"RECALL"},{"data":"Double Energy","floor":41,"key":"SMITH"},{"data":"Defragment","floor":45,"key":"SMITH"},{"data":"Time Bomb","floor":47,"key":"SMITH"},{"data":"ReplayTheSpireMod:Calculation Training","floor":49,"key":"SMITH"},{"data":"Madness","floor":52,"key":"SMITH"}],"circlet_count":0,"master_deck":["Strike_B+1","Defend_B+1","Defend_B+1","Defend_B+1","Dualcast","Coolheaded","Turbo","Sweeping Beam","Trip","Double Energy+1","Defragment+1","Steam","Multi-Cast","BootSequence","Cold Snap","ReplayTheSpireMod:Calculation Training+1","Time Bomb+1","Sunder","Mirror Shield","CurseOfTheBell","Redo","ReplayTheSpireMod:Brewmster+1","BasicCrystalCard+1","White Noise+1","Capacitor","Echo Form","Panic Button+1","Madness+1","Madness","Darkness+1","Reinforced Body","White Noise","Rebound","Blizzard","Reboot+1"],"relics":["Cracked Core","Anchor","Replay:Frozen Program","Pantograph","Replay:Bandana","MealTicket","WarpedTongs","Singing Bowl","Replay:PocketPolymizer","ReplayTheSpireMod:Ring of Addiction","Chameleon Ring","Toy Ornithopter","Lantern","Calling Bell","Art of War","conspire:DeflatedDodgeball","Ice Cream","ReplayTheSpireMod:Lightbulb","Bottled Tornado","Mirror","Ornamental Fan","Busted Crown","conspire:Flyswatter","Nunchaku","Replay:Kaleidoscope","InkBottle"],"acts_visited":["Exordium","TheCity","TheBeyond","TheEnding"],"potions_floor_usage":[6,6,11,11,12,14,16,20,23,23,23,24,27,27,27,31,31,31,31,31,31,33,33,35,35,35,35,35,37,37,40,40,40,42,42,42,42,42,42,46,46,46,46,48,48,48,48,50,50,50,50,54,54,54,54,54,55,55,55,55,55,55,55],"damage_taken":[{"damage":0.0,"enemies":"Small Slimes","floor":1.0,"turns":2.0},{"damage":1.0,"enemies":"2 Louse","floor":3.0,"turns":2.0},{"damage":0.0,"enemies":"Cultist","floor":4.0,"turns":3.0},{"damage":24,"enemies":"Gremlin Nob","floor":6,"turns":4},{"damage":3,"enemies":"3 Louse","floor":8,"turns":2},{"damage":14,"enemies":"Lagavulin","floor":11,"turns":5},{"damage":1,"enemies":"Large Slime","floor":12,"turns":6},{"damage":10,"enemies":"Gremlin Nob","floor":14,"turns":3},{"damage":25,"enemies":"Slime Boss","floor":16,"turns":7},{"damage":7,"enemies":"Shell Parasite","floor":18,"turns":3},{"damage":27,"enemies":"Spheric Guardian","floor":20,"turns":4},{"damage":34,"enemies":"3 Cultists","floor":23,"turns":5},{"damage":6,"enemies":"Replay:Snechameleon","floor":24,"turns":3},{"damage":19,"enemies":"Slavers","floor":27,"turns":6},{"damage":0,"enemies":"Snecko","floor":31,"turns":2},{"damage":9,"enemies":"Champ","floor":33,"turns":7},{"damage":0,"enemies":"3 Darklings","floor":35,"turns":5},{"damage":20,"enemies":"Orb Walker","floor":37,"turns":5},{"damage":6,"enemies":"R_Hoarder","floor":40,"turns":7},{"damage":0,"enemies":"Giant Head","floor":42,"turns":8},{"damage":5,"enemies":"R_Hoarder","floor":46,"turns":6},{"damage":18,"enemies":"Transient","floor":48,"turns":5},{"damage":25,"enemies":"conspire:OrnateMirror","floor":50,"turns":9},{"damage":9,"enemies":"Shield and Spear","floor":54,"turns":6},{"damage":32,"enemies":"The Heart","floor":55,"turns":8}],"seed_played":"8374347460213466829","potions_obtained":[{"floor":3.0,"key":"Cursed Concoction"},{"floor":4.0,"key":"BlessingOfTheForge"},{"floor":6,"key":"AttackPotion"},{"floor":8,"key":"Venom Potion"},{"floor":11,"key":"Block Potion"},{"floor":13,"key":"Explosive Potion"},{"floor":13,"key":"DuplicationPotion"},{"floor":13,"key":"conspire:TimeTravelPotion"},{"floor":23,"key":"Toxic Potion"},{"floor":27,"key":"LiquidMemories"},{"floor":35,"key":"Fruit Juice"},{"floor":46,"key":"LifebloodPotion"}],"is_trial":false,"path_per_floor":["M","?","M","M","$","E","?","M","T","R","E","M","?","E","R","B",null,"M","?","M","$","?","M","E","R","T","E","?","R","?","M","R","B",null,"M","?","M","?","?","E","R","E","T","?","R","E","R","M","R","B",null,"R","$","E","B",null],"character_chosen":"DEFECT","items_purchased":["Anchor","Replay:Frozen Program","Coolheaded","Turbo","Pantograph","Fruit Juice","Sweeping Beam","Hello World","Replay:Bandana","ReplayTheSpireMod:Brewmster","Strength Potion","Blizzard","Reboot+1"],"campfire_rested":2,"item_purchase_floors":[0,0,0,0,0,0,0,0,5,21,21,53,53],"current_hp_per_floor":[45,34,33,33,33,9,9,6,6,30,16,15,15,10,34,39,80,75,75,64,79,79,60,59,59,59,55,55,55,40,72,72,81,85,87,87,79,79,67,78,78,96,96,96,96,96,96,90,90,98,98,98,98,98,86],"gold":225,"neow_bonus":"","is_daily":false,"chose_seed":false,"campfire_upgraded":7,"win_rate":0.0,"timestamp":1607797137,"path_taken":["M","?","M","M","$","E","?","M","T","R","E","?","?","E","R","BOSS","M","?","?","$","?","M","E","R","T","E","?","R","?","M","R","BOSS","M","?","M","?","?","E","R","E","T","?","R","E","R","M","R","BOSS","R","$","E","BOSS"],"items_purchased_type":["Relic","Relic","Card","Card","Relic","Potion","Card","Card","Relic","Card","Potion","Card","Card"],"build_version":"2020-11-30","purchased_purges":3,"victory":true,"max_hp_per_floor":[80,80,80,80,80,80,80,80,80,80,80,80,80,80,80,80,80,82,82,80,80,80,80,80,80,80,80,80,80,85,85,85,85,85,87,87,94,94,94,96,96,96,96,96,96,96,96,98,98,98,98,98,98,98,98],"card_choices":[{"not_picked":["Streamline","Steam"],"picked":"Double Energy","floor":1.0},{"not_picked":["Recycle","White Noise"],"picked":"Defragment","floor":3.0},{"not_picked":["Sweeping Beam","Barrage"],"picked":"Steam","floor":4.0},{"not_picked":["Coolheaded","Gash"],"picked":"Multi-Cast","floor":6},{"not_picked":["Gash","Cold Snap"],"picked":"BootSequence","floor":8},{"not_picked":["Rebound","Coolheaded"],"picked":"Cold Snap","floor":11},{"not_picked":["Scrape","Chill"],"picked":"ReplayTheSpireMod:Calculation Training","floor":12},{"not_picked":["Gash","ReplayGash"],"picked":"Time Bomb","floor":14},{"not_picked":["Creative AI","Multi-Cast"],"picked":"Mirror Shield","floor":16},{"not_picked":["Rebound","Cold Snap","Double Energy"],"picked":"Singing Bowl","floor":18},{"not_picked":["Cold Snap","Coolheaded+1"],"picked":"Redo","floor":20},{"not_picked":["Hello World","Machine Learning"],"picked":"BasicCrystalCard","floor":23},{"not_picked":["Recycle","Force Field+1"],"picked":"White Noise+1","floor":24},{"not_picked":["Barrage+1","Leap"],"picked":"Capacitor","floor":27},{"not_picked":["Leap+1","Coolheaded","Hologram"],"picked":"Singing Bowl","floor":31},{"not_picked":["Machine Learning","Reboot"],"picked":"Echo Form","floor":33},{"not_picked":["Auto Shields+1"],"picked":"Singing Bowl","floor":35},{"not_picked":[],"picked":"Panic Button+1","floor":37},{"not_picked":["Recycle+1"],"picked":"Singing Bowl","floor":40},{"not_picked":[],"picked":"Darkness+1","floor":42},{"not_picked":["Turbo"],"picked":"Singing Bowl","floor":46},{"not_picked":["Gash+1"],"picked":"Singing Bowl","floor":48},{"not_picked":["Barrage"],"picked":"Singing Bowl","floor":54}],"player_experience":343649,"relics_obtained":[{"floor":6,"key":"MealTicket"},{"floor":9,"key":"Singing Bowl"},{"floor":11,"key":"Replay:PocketPolymizer"},{"floor":13,"key":"ReplayTheSpireMod:Ring of Addiction"},{"floor":13,"key":"Chameleon Ring"},{"floor":13,"key":"Toy Ornithopter"},{"floor":14,"key":"Lantern"},{"floor":17,"key":"Art of War"},{"floor":17,"key":"conspire:DeflatedDodgeball"},{"floor":17,"key":"Ice Cream"},{"floor":24,"key":"Bottled Tornado"},{"floor":26,"key":"Mirror"},{"floor":27,"key":"Ornamental Fan"},{"floor":40,"key":"conspire:Flyswatter"},{"floor":42,"key":"Nunchaku"},{"floor":46,"key":"Replay:Kaleidoscope"},{"floor":54,"key":"InkBottle"}],"event_choices":[{"damage_healed":0.0,"max_hp_gain":0.0,"max_hp_loss":0.0,"gold_gain":75.0,"event_name":"World of Goop","player_choice":"Gather Gold","floor":2.0,"gold_loss":0.0,"damage_taken":11.0},{"damage_healed":0,"gold_gain":0,"player_choice":"Rummage","damage_taken":0,"relics_obtained":["WarpedTongs"],"max_hp_gain":0,"max_hp_loss":0,"event_name":"Accursed Blacksmith","floor":7,"gold_loss":0,"cards_obtained":["Pain"]},{"damage_healed":0,"gold_gain":0,"player_choice":"Simplicity","damage_taken":0,"max_hp_gain":0,"max_hp_loss":0,"event_name":"Back to Basics","floor":22,"gold_loss":0,"cards_upgraded":["Strike_B","Strike_B","Defend_B","Defend_B","Defend_B","Defend_B"]},{"damage_healed":0,"gold_gain":0,"player_choice":"Shed Blood","damage_taken":20,"max_hp_gain":5,"max_hp_loss":0,"event_name":"Forgotten Altar","floor":30,"gold_loss":0},{"cards_removed":["Hello World"],"damage_healed":0,"gold_gain":0,"player_choice":"Removed Power","damage_taken":0,"max_hp_gain":0,"max_hp_loss":0,"event_name":"Falling","floor":36,"gold_loss":0},{"damage_healed":0,"gold_gain":0,"player_choice":"Leave","damage_taken":0,"max_hp_gain":0,"max_hp_loss":0,"event_name":"conspire:Investor","floor":38,"gold_loss":0},{"damage_healed":0,"gold_gain":0,"player_choice":"Embrace Madness","damage_taken":12,"max_hp_gain":0,"max_hp_loss":0,"event_name":"Winding Halls","floor":39,"gold_loss":0,"cards_obtained":["Madness","Madness"]},{"damage_healed":0,"gold_gain":0,"player_choice":"Ignored","damage_taken":0,"max_hp_gain":0,"max_hp_loss":0,"event_name":"Tomb of Lord Red Mask","floor":44,"gold_loss":0}],"is_beta":false,"boss_relics":[{"not_picked":["Sozu","Pandora\u0027s Box"],"picked":"Calling Bell"},{"not_picked":["Runic Pyramid","Kintsugi"],"picked":"Busted Crown"}],"items_purged_floors":[0,21,53],"is_endless":false,"potions_floor_spawned":[3,4,6,8,11,23,27,35,46],"ascension_level":2}}