{"host":"kntpungskobv1jqb","time":1607782881,"event":{"mods":["BaseMod","Minty Spire (QoL Compilation)","Replay The Spire","StSLib","SuperFastMode"],"gold_per_floor":[110,110,128,105,105,105,145,145,145,145,70,104,128,202,202,291,291,305,6,6,6,6,6,88,103,126,147,147,162,175,188,188,281,281,295,313,313,328,78,113,138,163,236,251,276,314,328,349,349,349],"floor_reached":51,"playtime":2001,"items_purged":["Injury","Sickly"],"score":1645,"play_id":"c75a97f7-52a5-4911-bfea-65ef96b4dcd2","local_time":"20201212222121","is_ascension_mode":true,"campfire_choices":[{"data":"Cleave","floor":6,"key":"SMITH"},{"floor":8,"key":"REST"},{"floor":10,"key":"REST"},{"data":"1","floor":15,"key":"LIFT"},{"floor":23,"key":"REST"},{"floor":28,"key":"REST"},{"data":"2","floor":32,"key":"LIFT"},{"data":"3","floor":49,"key":"LIFT"}],"circlet_count":0,"master_deck":["AscendersBane","Strike_R","Strike_R","Strike_R","Strike_R","Strike_R","Defend_R","Defend_R","Defend_R","Defend_R","Bash","Twin Strike+1","Cleave+1","Heavy Blade","Inflame","Replay:Many Hands+1","Warcry+1","Demon Form","Cleave","Ghostly+1","Ghostly+1","Ghostly+1","Ghostly+1","Ghostly+1","Clumsy","Steam+1","Languid","FlyingSleeves","Reboot+1","Turbo+1","Steam Power+1","Glass Knife","Uppercut","Consecrate","Prostrate+1","ReplayTheSpireMod:Tripwire+1","BattleHymn","Injury","Hidden Blade+1","FollowUp","Pot Of Greed+1","Pot Of Greed+1","Pot Of Greed+1","Pot Of Greed+1","Recycle+1","Omniscience+1","Panacea+1"],"relics":["Burning Blood","CaptainsWheel","Golden Idol","Girya","Gremlin Horn","Toxic Egg 2","Snack Pack","Cursed Key","Lantern","PrismaticShard","Ring of Fury","ReplayTheSpireMod:Ring of Challenge","Enchiridion","Ornamental Fan","Anchor","Honey Jar","Gambling Chip","Brimstone","Replay:Baseball","Replay:Ringing Soul","Grinning Jar"],"acts_visited":["Exordium","TheCity","TheBeyond"],"potions_floor_usage":[12,16,33,33,50,50],"damage_taken":[{"damage":1,"enemies":"Cultist","floor":1,"turns":4},{"damage":3,"enemies":"2 Louse","floor":3,"turns":3},{"damage":54,"enemies":"Lagavulin","floor":7,"turns":8},{"damage":20,"enemies":"3 Sentries","floor":12,"turns":5},{"damage":2,"enemies":"Jaw Worm","floor":13,"turns":3},{"damage":33,"enemies":"Fading Forest","floor":16,"turns":11},{"damage":18,"enemies":"Shell Parasite","floor":18,"turns":4},{"damage":0,"enemies":"2 Thieves","floor":25,"turns":4},{"damage":27,"enemies":"Shelled Parasite and Fungi","floor":27,"turns":5},{"damage":9,"enemies":"Centurion and Healer","floor":29,"turns":3},{"damage":0,"enemies":"Chosen and Byrds","floor":30,"turns":3},{"damage":0,"enemies":"Cultist and Chosen","floor":31,"turns":5},{"damage":7,"enemies":"Pondfish","floor":33,"turns":7},{"damage":1,"enemies":"3 Darklings","floor":35,"turns":3},{"damage":0,"enemies":"Orb Walker","floor":36,"turns":1},{"damage":1,"enemies":"Transient","floor":38,"turns":5},{"damage":0,"enemies":"Reptomancer","floor":40,"turns":3},{"damage":6,"enemies":"4 Shapes","floor":41,"turns":2},{"damage":0,"enemies":"Jaw Worm Horde","floor":42,"turns":2},{"damage":0,"enemies":"Maw","floor":44,"turns":3},{"damage":0,"enemies":"3 Darklings","floor":45,"turns":2},{"damage":0,"enemies":"Nemesis","floor":46,"turns":6},{"damage":0,"enemies":"Spire Growth","floor":47,"turns":1},{"damage":3,"enemies":"Sphere and 2 Shapes","floor":48,"turns":4},{"damage":3,"enemies":"Awakened One","floor":50,"turns":6}],"seed_played":"-8627414081740314540","potions_obtained":[{"floor":3,"key":"Venom Potion"},{"floor":13,"key":"ColorlessPotion"},{"floor":27,"key":"AttackPotion"},{"floor":29,"key":"Adrenaline Potion"},{"floor":30,"key":"Adrenaline Potion"},{"floor":35,"key":"Strength Potion"},{"floor":40,"key":"FearPotion"},{"floor":41,"key":"Strength Potion"},{"floor":45,"key":"Weak Potion"}],"is_trial":false,"path_per_floor":["M","?","M","$","?","R","E","R","T","R","$","E","M","T","R","B",null,"M","$","?","?","?","R","T","M","T","M","R","M","M","M","R","B",null,"M","M","?","M","$","E","M","M","T","M","M","E","M","M","R","B",null],"character_chosen":"IRONCLAD","items_purchased":["Heavy Blade","Lantern","PrismaticShard","Brimstone"],"campfire_rested":4,"item_purchase_floors":[4,19,19,39],"current_hp_per_floor":[56,56,59,59,59,59,11,35,35,59,59,45,49,49,49,48,72,62,62,62,40,24,36,36,40,40,21,33,34,40,40,40,40,40,40,40,40,40,40,40,40,40,40,43,46,49,52,55,55,55],"gold":349,"neow_bonus":"ONE_RARE_RELIC","is_daily":false,"chose_seed":false,"campfire_upgraded":1,"win_rate":0.0,"timestamp":1607782881,"path_taken":["M","?","?","$","?","R","E","R","T","R","$","E","M","?","R","BOSS","M","$","?","?","?","R","?","?","T","M","R","M","M","M","R","BOSS","M","M","?","M","$","E","M","?","T","M","?","E","M","M","R","BOSS"],"items_purchased_type":["Card","Relic","Relic","Relic"],"build_version":"2020-11-30","purchased_purges":2,"victory":true,"max_hp_per_floor":[80,80,80,80,80,80,80,80,80,80,80,80,80,80,80,80,80,80,80,80,40,40,40,40,40,40,40,40,40,40,40,40,40,40,40,40,40,40,40,40,40,40,40,43,46,49,52,55,55,55],"card_choices":[{"not_picked":["Run Through","Perfected Strike"],"picked":"Twin Strike","floor":1},{"not_picked":["Shockwave","Iron Wave"],"picked":"Cleave","floor":3},{"not_picked":["True Grit","Rage"],"picked":"Inflame","floor":7},{"not_picked":["Clothesline","Iron Wave"],"picked":"Replay:Many Hands+1","floor":12},{"not_picked":["Dropkick","Clash"],"picked":"Warcry+1","floor":13},{"not_picked":["Impervious+1","Offering+1"],"picked":"Demon Form","floor":16},{"not_picked":["Carnage","Wild Strike"],"picked":"Cleave","floor":18},{"not_picked":["Cleave","Redo+1"],"picked":"Steam+1","floor":25},{"not_picked":["Halt+1","Melter"],"picked":"FlyingSleeves","floor":27},{"not_picked":["Clash","Rampage"],"picked":"Reboot+1","floor":29},{"not_picked":["Crystallizer+1","All Out Attack"],"picked":"Turbo+1","floor":30},{"not_picked":["ReplayTheSpireMod:Reroute Power+1","Clash"],"picked":"Steam Power+1","floor":31},{"not_picked":["DeusExMachina+1","Corpse Explosion+1"],"picked":"Glass Knife","floor":33},{"not_picked":["Flame Barrier+1","Sentinel+1","Cold Snap"],"picked":"Uppercut","floor":35},{"not_picked":["Prostrate+1","Deadly Poison+1","Warcry+1"],"picked":"Rebound","floor":36},{"not_picked":["Compile Driver","Dagger Spray","Warcry+1"],"picked":"Consecrate","floor":38},{"not_picked":["Enlightenment+1","Forethought+1","Cloak And Dagger+1"],"picked":"Prostrate+1","floor":40},{"not_picked":["Calculated Gamble+1","Leap+1","Panic Button+1"],"picked":"ReplayTheSpireMod:Tripwire+1","floor":41},{"not_picked":["True Grit+1","Unload","FearNoEvil"],"picked":"BattleHymn","floor":42},{"not_picked":["ReplayTheSpireMod:Strike From Hell","Heatsinks+1","Shrug It Off+1"],"picked":"Hidden Blade+1","floor":44},{"not_picked":["FlurryOfBlows+1","JustLucky","Clash"],"picked":"FollowUp","floor":45},{"not_picked":["Barrage","FearNoEvil","WindmillStrike"],"picked":"Recycle+1","floor":46},{"not_picked":["Quick Slash","PiercingWail+1","Terror+1"],"picked":"Omniscience+1","floor":47},{"not_picked":["Blade Dance+1","Sneak Up+1","ReplayTheSpireMod:GoodbyeWorld"],"picked":"Panacea+1","floor":48}],"player_experience":448021,"relics_obtained":[{"floor":7,"key":"Girya"},{"floor":9,"key":"Gremlin Horn"},{"floor":12,"key":"Toxic Egg 2"},{"floor":14,"key":"Snack Pack"},{"floor":20,"key":"Ring of Fury"},{"floor":20,"key":"ReplayTheSpireMod:Ring of Challenge"},{"floor":22,"key":"Enchiridion"},{"floor":24,"key":"Ornamental Fan"},{"floor":26,"key":"Anchor"},{"floor":40,"key":"Replay:Baseball"},{"floor":43,"key":"Replay:Ringing Soul"},{"floor":46,"key":"Grinning Jar"}],"event_choices":[{"damage_healed":0,"gold_gain":0,"player_choice":"Upgraded","damage_taken":0,"max_hp_gain":0,"max_hp_loss":0,"event_name":"Upgrade Shrine","floor":2,"gold_loss":0,"cards_upgraded":["Twin Strike"]},{"damage_healed":0,"gold_gain":0,"player_choice":"Take Wound","damage_taken":0,"relics_obtained":["Golden Idol"],"max_hp_gain":0,"max_hp_loss":0,"event_name":"Golden Idol","floor":5,"gold_loss":0,"cards_obtained":["Injury"]},{"damage_healed":0,"gold_gain":0,"player_choice":"Became a Ghost","damage_taken":0,"max_hp_gain":0,"max_hp_loss":40,"event_name":"Ghosts","floor":21,"gold_loss":0,"cards_obtained":["Ghostly","Ghostly","Ghostly","Ghostly","Ghostly"]},{"damage_healed":0,"gold_gain":0,"player_choice":"Obtained Book","damage_taken":16,"max_hp_gain":0,"max_hp_loss":0,"event_name":"Cursed Tome","floor":22,"gold_loss":0},{"cards_removed":["Rebound"],"damage_healed":0,"gold_gain":0,"player_choice":"Gave Card","damage_taken":0,"relics_obtained":["Gambling Chip"],"max_hp_gain":0,"max_hp_loss":0,"event_name":"WeMeetAgain","floor":37,"gold_loss":0}],"is_beta":false,"boss_relics":[{"not_picked":["Ectoplasm","Runic Dome"],"picked":"Cursed Key"},{"not_picked":["Snecko Eye","Pandora\u0027s Box"],"picked":"Honey Jar"}],"items_purged_floors":[11,39],"is_endless":false,"potions_floor_spawned":[3,13,27,29,30,35,40,41,45],"ascension_level":13}}