{"host":"3zmin95cvgu7iq60","time":1607752992,"event":{"mods":["BaseMod","Better Skull","BetterRewards","Colored Map","Conspire","Disable Question Mark Monsters","Hermit","Minty Spire (QoL Compilation)","Reorder Act Four","Replay The Spire","Shop Mod","StSLib","Uncapped"],"gold_per_floor":[162,200,131,131,173,173,287,287,287,273,358,358,450,528,528,679,679,759,882,987,1106,1170,1280,1413,1801,1871,1871,1932,1932,1382,1382,1382,1573,1573,1621,1680,1680,1680,1785,1913,2017,2017,2091,1618,1750,1750,1750,1850,1850,1975,2135,2135,1776,1776,1965,2200],"floor_reached":57,"playtime":3528,"items_purged":["Survivor","Strike_G","Strike_G","Defend_G","Strike_G","Defend_G","Strike_G","Defend_G"],"score":4044,"play_id":"c40cff69-3af0-40bd-9ad1-cffbaf75eaaf","local_time":"20201212000312","is_ascension_mode":true,"campfire_choices":[{"data":"Glass Knife","floor":6,"key":"SMITH"},{"data":"1","floor":8,"key":"LIFT"},{"data":"conspire:PoisonWeapons","floor":15,"key":"SMITH"},{"data":"2","floor":27,"key":"LIFT"},{"data":"3","floor":29,"key":"LIFT"},{"floor":32,"key":"RECALL"},{"data":"Defend_G","floor":47,"key":"SMITH"},{"data":"Dagger Spray","floor":49,"key":"SMITH"},{"data":"Heel Hook","floor":54,"key":"SMITH"}],"circlet_count":0,"master_deck":["AscendersBane","Strike_G+1","Defend_G+1","Defend_G+1","Neutralize+1","Quick Slash+1","Backflip+1","conspire:PoisonWeapons+1","Riddle With Holes+1","Glass Knife+1","Backflip+1","Dagger Spray+1","Backstab+1","Heel Hook+1","Blade Dance+1","Malaise+1","Bouncing Flask+1","ReplayTheSpireMod:Speed Training+1","Venomology+1","Die Die Die","Master of Strategy+1","Backflip+1","Blur+1","Transmutation+1"],"relics":["Ring of the Snake","Juzu Bracelet","MerchantsRug","conspire:TreasureMap","Anchor","Chemical X","Replay:Bandana","Girya","Sling","Lantern","Toxic Egg 2","BargainBundle","conspire:DeflatedDodgeball","Garlic","Coffee Dripper","Turnip","Old Coin","Meat on the Bone","Shuriken","OrangePellets","Black Star","HornCleat","Bottled Flame","Oddly Smooth Stone","ReplayTheSpireMod:CursedCoin","CaptainsWheel","Divine Protection","Membership Card","Boot","Replay:WaspNest","StoneCalendar"],"acts_visited":["Exordium","TheCity","TheBeyond","TheEnding"],"potions_floor_usage":[16,16,23,24,25,33,35,35,39,40,41,50,51,51,55,56,56,56,56,56,56,56,56,56],"damage_taken":[{"damage":0,"enemies":"Jaw Worm","floor":1,"turns":2},{"damage":0,"enemies":"2 Louse","floor":2,"turns":2},{"damage":0,"enemies":"Cultist","floor":5,"turns":2},{"damage":0,"enemies":"3 Sentries","floor":7,"turns":2},{"damage":0,"enemies":"Lagavulin","floor":11,"turns":2},{"damage":0,"enemies":"Large Slime","floor":13,"turns":3},{"damage":0,"enemies":"Gremlin Nob","floor":14,"turns":2},{"damage":0,"enemies":"Slime Boss","floor":16,"turns":3},{"damage":3,"enemies":"Shell Parasite","floor":18,"turns":2},{"damage":0,"enemies":"3 Byrds","floor":19,"turns":3},{"damage":0,"enemies":"Centurion and Healer","floor":20,"turns":3},{"damage":4,"enemies":"Shelled Parasite and Fungi","floor":21,"turns":3},{"damage":0,"enemies":"Snake Plant","floor":22,"turns":2},{"damage":0,"enemies":"Slavers","floor":23,"turns":2},{"damage":0,"enemies":"Centurion and Healer","floor":24,"turns":4},{"damage":0,"enemies":"Gremlin Leader","floor":25,"turns":2},{"damage":0,"enemies":"Snecko","floor":28,"turns":2},{"damage":0,"enemies":"Champ","floor":33,"turns":5},{"damage":0,"enemies":"3 Shapes","floor":35,"turns":7},{"damage":0,"enemies":"Orb Walker","floor":36,"turns":2},{"damage":16,"enemies":"Sphere and 2 Shapes","floor":39,"turns":4},{"damage":0,"enemies":"Reptomancer","floor":40,"turns":2},{"damage":0,"enemies":"3 Darklings","floor":41,"turns":2},{"damage":0,"enemies":"Nemesis","floor":45,"turns":3},{"damage":0,"enemies":"Maw","floor":48,"turns":3},{"damage":1,"enemies":"Time Eater","floor":50,"turns":9},{"damage":10,"enemies":"Donu and Deca","floor":51,"turns":10},{"damage":0,"enemies":"Shield and Spear","floor":55,"turns":5},{"damage":46,"enemies":"The Heart","floor":56,"turns":6}],"seed_played":"2727396022863542034","potions_obtained":[{"floor":1,"key":"Block Potion"},{"floor":5,"key":"Dexterity Potion"},{"floor":16,"key":"Milkshake"},{"floor":20,"key":"PowerPotion"},{"floor":21,"key":"Dexterity Potion"},{"floor":22,"key":"Adrenaline Potion"},{"floor":23,"key":"FearPotion"},{"floor":35,"key":"Milkshake"},{"floor":55,"key":"PowerPotion"}],"is_trial":false,"path_per_floor":["M","M","$","?","M","R","E","R","T","$","E","?","M","E","R","B",null,"M","M","M","M","M","E","M","E","T","R","M","R","$","?","R","B",null,"M","M","?","?","M","E","M","?","T","$","E","?","R","M","R","B","B",null,"$","R","E","B",null],"character_chosen":"THE_SILENT","items_purchased":["Juzu Bracelet","Quick Slash","MerchantsRug","conspire:TreasureMap","Anchor","Backflip","conspire:PoisonWeapons","Chemical X","Omamori","Riddle With Holes+1","Glass Knife","Replay:Bandana","Backflip+1","Dagger Spray","Girya","Sling","Potion Belt","Fire Potion","Strength Potion","Heel Hook","BargainBundle","War Paint","Matryoshka","Death Potion","Venom Potion","EntropicBrew","Noxious Fumes","Whetstone","OrangePellets","ReplayTheSpireMod:CursedCoin","CaptainsWheel","Blur+1","Flashbang","Membership Card","Boot","Swift Potion","Transmutation+1"],"campfire_rested":0,"item_purchase_floors":[0,0,0,0,0,0,0,0,0,0,0,0,0,0,0,0,0,0,0,3,10,10,10,10,10,10,10,30,30,44,44,44,44,53,53,53,53],"current_hp_per_floor":[59,59,59,39,39,39,39,39,39,39,39,39,39,39,39,39,59,56,56,56,52,52,52,52,52,52,52,52,52,52,52,52,52,63,63,63,63,63,47,47,47,60,60,60,74,74,74,74,74,80,79,80,80,80,80,48],"gold":2200,"neow_bonus":"","is_daily":false,"chose_seed":false,"campfire_upgraded":5,"win_rate":0.0,"timestamp":1607752992,"path_taken":["M","M","$","?","M","R","E","R","T","$","E","?","M","E","R","BOSS","M","M","M","M","M","E","M","E","T","R","M","R","$","?","R","BOSS","M","M","?","?","M","E","M","?","T","$","E","?","R","M","R","BOSS","BOSS","$","R","E","BOSS"],"items_purchased_type":["Relic","Card","Relic","Relic","Relic","Card","Card","Relic","Relic","Card","Card","Relic","Card","Card","Relic","Relic","Relic","Potion","Potion","Card","Relic","Relic","Relic","Potion","Potion","Potion","Card","Relic","Relic","Relic","Relic","Card","Potion","Relic","Relic","Potion","Card"],"build_version":"2020-11-30","purchased_purges":8,"victory":true,"max_hp_per_floor":[66,66,66,66,66,66,66,66,66,66,66,66,66,66,66,66,66,66,66,66,66,66,66,66,66,66,66,66,66,66,66,66,66,66,66,66,66,66,66,66,66,66,66,66,80,80,80,80,80,80,80,80,80,80,80,80],"card_choices":[{"not_picked":["Eviscerate","Acrobatics"],"picked":"Backstab","floor":1},{"not_picked":["Slice","Sucker Punch","Choke"],"picked":"SKIP","floor":2},{"not_picked":["Deadly Poison","Sucker Punch","Prepared"],"picked":"SKIP","floor":5},{"not_picked":["Accuracy","Calculated Gamble","Acrobatics"],"picked":"SKIP","floor":7},{"not_picked":["Tools of the Trade","Dagger Throw","Masterful Stab"],"picked":"SKIP","floor":11},{"not_picked":["Poisoned Stab","All Out Attack"],"picked":"Blade Dance+1","floor":13},{"not_picked":["After Image","PiercingWail+1","Deflect+1"],"picked":"SKIP","floor":14},{"not_picked":["Envenom","Burst+1"],"picked":"Malaise+1","floor":16},{"not_picked":["Dodge and Roll+1","Acrobatics+1","Outmaneuver+1"],"picked":"SKIP","floor":18},{"not_picked":["Dagger Throw","Escape Plan+1"],"picked":"Bouncing Flask+1","floor":19},{"not_picked":["Reflex+1","Blade Dance+1"],"picked":"ReplayTheSpireMod:Speed Training+1","floor":20},{"not_picked":["Flying Knee","Bouncing Flask+1","Dagger Spray"],"picked":"SKIP","floor":21},{"not_picked":["Dodge and Roll+1","Deflect+1","Expertise+1"],"picked":"SKIP","floor":22},{"not_picked":["ReplayTheSpireMod:Exploit Weakness+1","Flying Knee+1"],"picked":"Venomology+1","floor":23},{"not_picked":["PiercingWail+1","Dagger Throw","Acrobatics+1"],"picked":"SKIP","floor":24},{"not_picked":["Deadly Poison+1","Quick Slash+1","Dagger Spray"],"picked":"SKIP","floor":25},{"not_picked":["Quick Slash","Finisher","Dagger Throw+1"],"picked":"SKIP","floor":28},{"not_picked":["Glass Knife","Storm of Steel+1"],"picked":"Die Die Die","floor":33},{"not_picked":["Setup+1","Calculated Gamble+1","Acrobatics+1"],"picked":"SKIP","floor":35},{"not_picked":["Infinite Blades","ReplayTheSpireMod:Exploit Weakness+1","Calculated Gamble+1"],"picked":"SKIP","floor":36},{"not_picked":["PanicButton+1","Madness+1"],"picked":"Master of Strategy+1","floor":37},{"not_picked":["Bouncing Flask+1","Prepared+1"],"picked":"Backflip+1","floor":39},{"not_picked":["Escape Plan+1","Dagger Throw+1","Poisoned Stab"],"picked":"SKIP","floor":40},{"not_picked":["Outmaneuver+1","Underhanded Strike","Accuracy"],"picked":"SKIP","floor":41},{"not_picked":["ReplayTheSpireMod:Shiv Toss+1","Eviscerate","Venomology+1"],"picked":"SKIP","floor":45},{"not_picked":["Bane","Poisoned Stab","Slice+1"],"picked":"SKIP","floor":48},{"not_picked":["Endless Agony+1","All Out Attack","Tactician+1"],"picked":"SKIP","floor":55}],"player_experience":2420612,"relics_obtained":[{"floor":7,"key":"Lantern"},{"floor":9,"key":"Toxic Egg 2"},{"floor":11,"key":"conspire:DeflatedDodgeball"},{"floor":14,"key":"Garlic"},{"floor":23,"key":"Turnip"},{"floor":25,"key":"Old Coin"},{"floor":26,"key":"Meat on the Bone"},{"floor":26,"key":"Shuriken"},{"floor":40,"key":"HornCleat"},{"floor":40,"key":"Bottled Flame"},{"floor":43,"key":"Oddly Smooth Stone"},{"floor":45,"key":"Divine Protection"},{"floor":45,"key":"Mango"},{"floor":55,"key":"Replay:WaspNest"},{"floor":55,"key":"StoneCalendar"}],"event_choices":[{"damage_healed":0,"gold_gain":0,"player_choice":"Entered Light","damage_taken":20,"max_hp_gain":0,"max_hp_loss":0,"event_name":"Shining Light","floor":4,"gold_loss":0,"cards_upgraded":["Strike_G","Backstab"]},{"damage_healed":0,"gold_gain":0,"player_choice":"Ignored","damage_taken":0,"max_hp_gain":0,"max_hp_loss":0,"event_name":"Beggar","floor":31,"gold_loss":0},{"damage_healed":0,"gold_gain":0,"player_choice":"Memory 1","damage_taken":0,"max_hp_gain":0,"max_hp_loss":0,"event_name":"SensoryStone","floor":37,"gold_loss":0},{"cards_removed":["Noxious Fumes"],"damage_healed":0,"gold_gain":0,"player_choice":"Removed Power","damage_taken":0,"max_hp_gain":0,"max_hp_loss":0,"event_name":"Falling","floor":38,"gold_loss":0},{"damage_healed":13,"gold_gain":0,"player_choice":"Writhe","damage_taken":0,"max_hp_gain":0,"max_hp_loss":0,"event_name":"Winding Halls","floor":42,"gold_loss":0,"cards_obtained":["Writhe"]},{"damage_healed":0,"gold_gain":0,"player_choice":"Ignored","damage_taken":0,"max_hp_gain":0,"max_hp_loss":0,"event_name":"SecretPortal","floor":46,"gold_loss":0}],"is_beta":false,"boss_relics":[{"not_picked":["Sozu","conspire:SeveredTorchhead"],"picked":"Coffee Dripper"},{"not_picked":["Fusion Hammer","Abe\u0027s Treasure"],"picked":"Black Star"}],"items_purged_floors":[0,0,0,0,0,10,30,44],"is_endless":false,"potions_floor_spawned":[1,5,7,14,16,20,21,22,23,33,35,48,55],"ascension_level":20}}