{"host":"cvi30shpqg1ukvbr","time":1607784667,"event":{"mods":["Act Like it!","BaseMod","Better Altar","Better Match","Better Note","Better Sensory Stone","Better Skull","Better Third Choice","Conspire","GifTheSpireLib","Hubris","Infinite Spire","Minty Spire (QoL Compilation)","Relic Stats","Replay The Spire","Shop Mod","Spicy Shops","StSLib","Stuff the Spire"],"gold_per_floor":[114,130,47,62,62,62,62,62,87,87,87,122,140,140,157,185,185,287,287,307,321,321,321,19,54,54,79,151,151,183,201,201,231,231,330,330,349,398,440,440,25,25,56,56,126,151,151,151,151,151,151,151,151,151,8,37,37],"floor_reached":58,"playtime":2263,"items_purged":["Regret"],"score":1666,"play_id":"cfc18ef4-0874-41f0-9e6a-26678e0c0903","local_time":"20201212235107","is_ascension_mode":true,"campfire_choices":[{"data":"Limit Break","floor":6.0,"key":"SMITH"},{"data":"Inflame","floor":10.0,"key":"SMITH"},{"data":"Heavy Blade","floor":14.0,"key":"SMITH"},{"data":"Bash","floor":17.0,"key":"SMITH"},{"floor":34.0,"key":"REST"},{"floor":42,"key":"RECALL"},{"data":"StuffTheSpire:BrainWave","floor":44,"key":"SMITH"},{"data":"Apotheosis","floor":48,"key":"SMITH"},{"data":"Brutality","floor":51,"key":"SMITH"},{"data":"Barricade","floor":54,"key":"SMITH"}],"circlet_count":0,"master_deck":["Strike_R","Strike_R","Strike_R","Defend_R","Defend_R","Defend_R","Defend_R","Bash+1","Limit Break+1","StuffTheSpire:Slingshot","Flex","Inflame+1","Wild Strike","Wild Strike","Burning Pact","Heavy Blade+1","ReplayTheSpireMod:Strike From Hell","Cleave","Brutality+1","Headbutt","Headbutt+1","Inflame","ReplayTheSpireMod:LeadingStrike","Limit Break+1","Feel No Pain","Rage","StuffTheSpire:Incineration","Shrug It Off","Barricade+1","Clothesline+1","StuffTheSpire:BrainWave+1","Apotheosis+1","Evolve","Flame Barrier+1","infinitespire:UltimateForm","True Grit+1"],"relics":["Black Blood","StuffTheSpire:RedRose","Eternal Feather","hubris:OldNail","hubris:GlazedTorus","ReplayFunnel","FaceOfCleric","Lee\u0027s Waffle","Bag of Preparation","Bottled Tornado","Replay:WaspNest","hubris:64BitClover","Toolbox","Empty Cage","Anchor","Busted Crown","Ginger","infinitespire:EvilPickle","hubris:ChampionShield","Replay:Bottled Steam","hubris:DeckOfHolding","HandDrill","Snack Pack"],"acts_visited":["Exordium","TheCity","TheBeyond","TheEnding"],"potions_floor_usage":[57,57,57],"damage_taken":[{"damage":2.0,"enemies":"Small Slimes","floor":1.0,"turns":4.0},{"damage":6.0,"enemies":"Jaw Worm","floor":2.0,"turns":3.0},{"damage":13.0,"enemies":"infinitespire:Voidling","floor":4.0,"turns":4.0},{"damage":25.0,"enemies":"Gremlin Nob","floor":9.0,"turns":4.0},{"damage":14.0,"enemies":"3 Sentries","floor":12.0,"turns":6.0},{"damage":6.0,"enemies":"Exordium Thugs","floor":13.0,"turns":3.0},{"damage":5.0,"enemies":"3 Louse","floor":15.0,"turns":2.0},{"damage":18.0,"enemies":"Replay:BlueRogue","floor":16.0,"turns":3.0},{"damage":28.0,"enemies":"Fading Forest","floor":18.0,"turns":11.0},{"damage":28.0,"enemies":"conspire:FuzzyDice","floor":20.0,"turns":4.0},{"damage":10.0,"enemies":"Shell Parasite","floor":21.0,"turns":4.0},{"damage":1.0,"enemies":"Gremlin Leader","floor":25.0,"turns":5.0},{"damage":32.0,"enemies":"Nightmare","floor":27.0,"turns":5.0},{"damage":45.0,"enemies":"conspire:SneckoGhost","floor":30.0,"turns":5.0},{"damage":14.0,"enemies":"3 Cultists","floor":31.0,"turns":4.0},{"damage":14.0,"enemies":"Book of Stabbing","floor":33.0,"turns":3.0},{"damage":25.0,"enemies":"Pondfish","floor":35.0,"turns":4.0},{"damage":9.0,"enemies":"3 Darklings","floor":37.0,"turns":6.0},{"damage":44.0,"enemies":"2 Orb Walkers","floor":38.0,"turns":4.0},{"damage":17.0,"enemies":"3 Shapes","floor":39.0,"turns":3.0},{"damage":0,"enemies":"R_Hoarder","floor":43,"turns":6},{"damage":19,"enemies":"3 Darklings","floor":46,"turns":4},{"damage":7,"enemies":"conspire:OrnateMirror","floor":52,"turns":7},{"damage":36,"enemies":"Shield and Spear","floor":56,"turns":3},{"damage":60,"enemies":"The Heart","floor":57,"turns":5}],"seed_played":"2844998973594860143","potions_obtained":[{"floor":4.0,"key":"SmokeBomb"},{"floor":9.0,"key":"Fire Potion"},{"floor":16.0,"key":"SneckoOil"},{"floor":18.0,"key":"Weak Potion"},{"floor":20.0,"key":"DuplicationPotion"},{"floor":21.0,"key":"EssenceOfSteel"},{"floor":25.0,"key":"Swift Potion"},{"floor":31.0,"key":"GamblersBrew"},{"floor":38.0,"key":"Strength Potion"},{"floor":39.0,"key":"Languid Potion"}],"is_trial":false,"path_per_floor":["M","M","$","M","?","R","PTL","PTL","E","R","T","E","M","R","M","E","R","B",null,"M","M","$","?","$","E","?","NM","T","?","E","M","AVR","E","R","B",null,"M","?","M","?","$","R","E","R","T","M","?","R","?","?","R","B",null,"R","$","E","B",null],"character_chosen":"IRONCLAD","items_purchased":["Inflame","Lee\u0027s Waffle","Inflame","Apotheosis","Evolve","hubris:ChampionShield","HandDrill"],"campfire_rested":1,"item_purchase_floors":[3,24,24,41,41,41,55],"current_hp_per_floor":[72,72,72,69,69,69,69,69,50,59,59,51,51,60,61,49,61,39,72,56,58,58,58,79,80,80,61,61,61,29,28,28,27,67,55,85,86,55,51,51,51,69,81,81,81,75,55,76,76,80,82,83,83,83,83,60,15],"gold":37,"neow_bonus":"THREE_RARE_CARDS","is_daily":false,"chose_seed":false,"campfire_upgraded":8,"win_rate":0.0,"timestamp":1607784667,"path_taken":["M","M","$","M","?","R","PTL","PTL","E","R","T","E","M","R","?","E","R","BOSS","M","M","$","?","$","E","?","NM","T","?","E","M","AVR","E","R","BOSS","M","?","M","?","$","R","E","R","T","M","?","R","?","?","R","BOSS","R","$","E","BOSS"],"items_purchased_type":["Card","Relic","Card","Card","Card","Relic","Relic"],"build_version":"2020-11-30","purchased_purges":1,"victory":true,"max_hp_per_floor":[72,72,72,72,72,72,72,72,72,72,72,72,72,72,72,72,72,72,72,72,72,72,72,79,80,80,81,81,81,82,83,83,84,84,85,85,86,87,88,80,80,80,81,81,81,82,82,82,82,82,82,83,83,83,83,84,85],"relic_stats":{"Lee\u0027s Waffle":21,"Busted Crown":24,"FaceOfCleric":14,"counters":[25,112],"Black Blood":222,"Eternal Feather":86,"Bag of Preparation":[26],"HandDrill":[2],"Ginger":[2],"obtain_stats":[{"ReplayFunnel":16,"Lee\u0027s Waffle":24,"hubris:64BitClover":30,"Black Blood":19,"Eternal Feather":9,"Replay:WaspNest":29,"Bag of Preparation":25,"Ginger":38,"Bottled Tornado":27,"Empty Cage":32,"Burning Blood":0,"infinitespire:EvilPickle":38,"Anchor":33,"Busted Crown":36,"FaceOfCleric":23,"Toolbox":32,"hubris:DeckOfHolding":45,"HandDrill":55,"Snack Pack":56,"StuffTheSpire:RedRose":5,"hubris:ChampionShield":41,"hubris:OldNail":11,"hubris:GlazedTorus":12,"Replay:Bottled Steam":43},{"ReplayFunnel":8,"Lee\u0027s Waffle":11,"hubris:64BitClover":14,"Black Blood":9,"Eternal Feather":4,"Replay:WaspNest":13,"Bag of Preparation":12,"Ginger":19,"Bottled Tornado":13,"Empty Cage":15,"Burning Blood":0,"infinitespire:EvilPickle":19,"Anchor":16,"Busted Crown":17,"FaceOfCleric":11,"Toolbox":15,"hubris:DeckOfHolding":21,"HandDrill":23,"Snack Pack":24,"StuffTheSpire:RedRose":3,"hubris:ChampionShield":20,"hubris:OldNail":4,"hubris:GlazedTorus":5,"Replay:Bottled Steam":21},{"ReplayFunnel":29,"Lee\u0027s Waffle":48,"hubris:64BitClover":63,"Black Blood":40,"Eternal Feather":15,"Replay:WaspNest":58,"Bag of Preparation":53,"Ginger":84,"Bottled Tornado":58,"Empty Cage":67,"Burning Blood":0,"infinitespire:EvilPickle":84,"Anchor":70,"Busted Crown":74,"FaceOfCleric":48,"Toolbox":67,"hubris:DeckOfHolding":93,"HandDrill":104,"Snack Pack":107,"StuffTheSpire:RedRose":11,"hubris:ChampionShield":87,"hubris:OldNail":15,"hubris:GlazedTorus":21,"Replay:Bottled Steam":93}]},"card_choices":[{"not_picked":["Impervious","Demonic Infusion"],"picked":"Limit Break","floor":0.0},{"not_picked":["Twin Strike","Warcry"],"picked":"StuffTheSpire:Slingshot","floor":1.0},{"not_picked":["ReplayTheSpireMod:Strike From Hell","Clothesline"],"picked":"Flex","floor":2.0},{"not_picked":["Clothesline","Havoc"],"picked":"Wild Strike","floor":4.0},{"not_picked":["Impervious","Ghostly Armor"],"picked":"Wild Strike","floor":9.0},{"not_picked":["Wild Strike","Anger"],"picked":"Burning Pact","floor":12.0},{"not_picked":["StuffTheSpire:Slingshot","StuffTheSpire:Resist"],"picked":"Heavy Blade","floor":13.0},{"not_picked":["conspire:ExplosiveBarrier","Anger"],"picked":"ReplayTheSpireMod:Strike From Hell","floor":15.0},{"not_picked":["conspire:Charge","ReplayReversal"],"picked":"Cleave","floor":16.0},{"not_picked":["Impervious","Fiend Fire"],"picked":"Brutality","floor":18.0},{"not_picked":["Armaments","Flex+1"],"picked":"Headbutt","floor":20.0},{"not_picked":["Twin Strike","StuffTheSpire:RockThrow"],"picked":"Headbutt+1","floor":21.0},{"not_picked":["ReplayTheSpireMod:Stacked+1","Thunderclap"],"picked":"ReplayTheSpireMod:LeadingStrike","floor":25.0},{"not_picked":["Run Through","Flame Barrier+1"],"picked":"Feel No Pain","floor":27.0},{"not_picked":["Flame Barrier","Carnage"],"picked":"Rage","floor":30.0},{"not_picked":["hubris:CleavingFinish","Heavy Blade"],"picked":"StuffTheSpire:Incineration","floor":31.0},{"not_picked":["Headbutt+1","Flex"],"picked":"Shrug It Off","floor":33.0},{"not_picked":["Juggernaut","StuffTheSpire:TitanForm"],"picked":"Barricade","floor":35.0},{"not_picked":["Warcry"],"picked":"SKIP","floor":37.0},{"not_picked":[],"picked":"Clothesline+1","floor":38.0},{"not_picked":["Twin Strike"],"picked":"SKIP","floor":39.0},{"not_picked":["Hemokinesis"],"picked":"SKIP","floor":43},{"not_picked":[],"picked":"Flame Barrier+1","floor":46},{"not_picked":["infinitespire:Collect","infinitespire:Starlight"],"picked":"infinitespire:UltimateForm","floor":47},{"not_picked":[],"picked":"True Grit+1","floor":56}],"player_experience":1732864,"relics_obtained":[{"floor":9.0,"key":"Eternal Feather"},{"floor":11.0,"key":"hubris:OldNail"},{"floor":12.0,"key":"hubris:GlazedTorus"},{"floor":16.0,"key":"ReplayFunnel"},{"floor":25.0,"key":"Bag of Preparation"},{"floor":27.0,"key":"Bottled Tornado"},{"floor":30.0,"key":"hubris:64BitClover"},{"floor":33.0,"key":"Anchor"},{"floor":38.0,"key":"Ginger"},{"floor":43,"key":"Replay:Bottled Steam"},{"floor":45,"key":"hubris:DeckOfHolding"},{"floor":56,"key":"Snack Pack"}],"event_choices":[{"damage_healed":0.0,"max_hp_gain":0.0,"max_hp_loss":0.0,"gold_gain":0.0,"event_name":"FaceTrader","player_choice":"Trade","floor":23.0,"gold_loss":0.0,"damage_taken":0.0,"relics_obtained":["FaceOfCleric"]},{"damage_healed":0.0,"max_hp_gain":0.0,"max_hp_loss":0.0,"gold_gain":0.0,"event_name":"Duplicator","player_choice":"Copied","floor":26.0,"gold_loss":0.0,"damage_taken":0.0,"cards_obtained":["Limit Break"]},{"damage_healed":0.0,"max_hp_gain":0.0,"max_hp_loss":0.0,"gold_gain":0.0,"event_name":"WeMeetAgain","player_choice":"Gave Potion","floor":29.0,"gold_loss":0.0,"damage_taken":0.0,"relics_obtained":["Replay:WaspNest"]},{"damage_healed":0.0,"max_hp_gain":0.0,"max_hp_loss":0.0,"gold_gain":0.0,"event_name":"Mysterious Sphere","player_choice":"Fight","floor":38.0,"gold_loss":0.0,"damage_taken":0.0},{"damage_healed":4,"gold_gain":0,"player_choice":"LEAVE ","damage_taken":0,"relics_obtained":[],"max_hp_gain":0,"max_hp_loss":0,"event_name":"betterSkull:BetterSkull","floor":50,"gold_loss":0,"cards_upgraded":[]}],"is_beta":false,"boss_relics":[{"not_picked":["StuffTheSpire:ModemDavis","conspire:SlowCooker"],"picked":"Black Blood"},{"not_picked":["Snecko Heart","hubris:TerracottaHorce"],"picked":"Busted Crown"}],"items_purged_floors":[24],"is_endless":false,"potions_floor_spawned":[4,9,16,18,20,21,25,31,38,39],"ascension_level":1}}