{"host":"40ttcv3g5w633xb3","time":1607782114,"event":{"mods":["AchievementEnabler","Act Like it!","Ascension Reborn","Aspiration","BaseMod","Beaked The Cultist","BetterRewards","Challenge The Spire","Clawfect","Colored Map","Colored Powertips","Conspire","Custom Start","Downfall","Elementarium","Emptier Cage","Energized Spire","Gensokyo","GifTheSpireLib","GungeonMod","Halation","Hallownest","Hermit","Highlight Path","Hubris","HumanHunterMod(????mod)","Humility","Infinite Spire","Jedi Mod","KomeijiMod","Marisa????????","Marked Mod","Minty Spire (QoL Compilation)","MostiFishMod","Pale of the Ancients","Permanent Neow","Quarter Circle Forward PUNCH!","Quick Restart","Random Character Button","Rare Cards Sparkle","Relic Stats","Replay The Spire","Shade Mod","Spicy Shops","Spikes Relics","StSLib","Stuff the Spire","The Hierophant","The Jungle","The Necromancer","The Problem Sleuth","TheArtist","Trackpad","Wandering Minibosses","vexMod","yUi"],"gold_per_floor":[122,144,166,166,185,215,215,215,215,31,50,63,63,85,85,203,203,216,216,240,256,40,67,102,102,133,133,151,151],"floor_reached":28,"playtime":1805,"items_purged":["hubris:Lust"],"score":25,"play_id":"a196b35e-749f-4737-a061-154a590b2b43","local_time":"20201212140834","is_ascension_mode":true,"campfire_choices":[{"data":"Whirlwind","floor":7,"key":"SMITH"},{"floor":15,"key":"DIG"},{"data":"MostiFishMod:NewArrival","floor":27,"key":"SMITH"}],"circlet_count":0,"master_deck":["Strike_R+1","Strike_R+1","Strike_R+1","Defend_R+1","Defend_R+1","Defend_R+1","Bash+1","StuffTheSpire:RockThrow","Armaments","Whirlwind+1","StuffTheSpire:Slingshot","conspire:ExplosiveBarrier","Flex+1","Iron Wave","Pommel Strike","Double Tap","Strike_R+1","Double Tap","Heavy Blade+1","MostiFishMod:NewArrival+1","Metallicize+1","Inflame","Immolate","Burning Pact+1","PerfectMaid+1"],"relics":["Burning Blood","DaveBox","DianPoetry","ArrowTower","Question Card","SnailShell","infinitespire:ShieldingShard","qcfpunch:Wrestler\u0027s_Cloak","Lantern","Replay:Bottled Flurry","DemoMod:GreenGuonStone","ImportantClient","RhineCircuit","DemoMod:GlassGuonStoneRelic","DemoMod:ChaffGrenade","StuffTheSpire:Wildfire","vexMod:HeadHunter","wanderingMiniBosses:ThiefScarf","qcfpunch:Red_Beret","DemoMod:SerJunkan","DemoMod:MonsterBlood"],"acts_visited":["Exordium","TheCity"],"potions_floor_usage":[],"damage_taken":[{"damage":8,"enemies":"Jaw Worm","floor":1,"turns":2},{"damage":3,"enemies":"Cultist","floor":2,"turns":2},{"damage":0,"enemies":"2 Louse","floor":3,"turns":2},{"damage":18,"enemies":"Exordium Thugs","floor":5,"turns":3},{"damage":14,"enemies":"Replay:BlueRogue","floor":6,"turns":3},{"damage":0,"enemies":"conspire:2 RoseBushes","floor":11,"turns":2},{"damage":0,"enemies":"Red Slaver","floor":12,"turns":1},{"damage":0,"enemies":"Exordium Wildlife","floor":14,"turns":2},{"damage":22,"enemies":"Hexaghost","floor":16,"turns":3},{"damage":0,"enemies":"Shell Parasite","floor":18,"turns":2},{"damage":1,"enemies":"Chosen","floor":20,"turns":2},{"damage":0,"enemies":"3 Cultists","floor":21,"turns":3},{"damage":0,"enemies":"Centurion and Healer","floor":23,"turns":4},{"damage":0,"enemies":"Slavers","floor":24,"turns":2},{"damage":0,"enemies":"Snake Plant","floor":28,"turns":2}],"seed_played":"7079979880339005446","potions_obtained":[{"floor":1,"key":"Elixir"},{"floor":2,"key":"ColorlessPotion"},{"floor":2,"key":"PowerPotion"},{"floor":4,"key":"LiquidMemories"},{"floor":5,"key":"Elixir"},{"floor":5,"key":"Languid Potion"},{"floor":16,"key":"jedi:mysterypotion"},{"floor":18,"key":"Fire Potion"}],"is_trial":false,"path_per_floor":["M","M","M","?","M","E","R","?","T","$","M","M","?","M","R_BF","B",null,"M","T","M","M","$","M","E","?","T","R","M"],"character_chosen":"IRONCLAD","items_purchased":["Iron Wave","Lantern","vexMod:HeadHunter","Inflame"],"campfire_rested":0,"item_purchase_floors":[10,10,22,22],"current_hp_per_floor":[85,85,85,85,85,79,79,71,71,71,79,85,85,85,85,78,90,90,90,90,90,90,90,90,90,97,97,97,97],"gold":151,"neow_bonus":"ONE_RARE_RELIC","is_daily":false,"chose_seed":false,"campfire_upgraded":2,"win_rate":0.0,"timestamp":1607782114,"path_taken":["M","M","M","?","?","E","R","?","T","$","?","M","?","M","R_BF","BOSS","M","?","?","M","$","M","E","?","T","R","M"],"items_purchased_type":["Card","Relic","Relic","Card"],"build_version":"2020-11-30","purchased_purges":1,"victory":false,"max_hp_per_floor":[85,85,85,85,85,85,85,85,85,85,85,85,85,85,85,90,90,90,90,90,90,90,90,90,90,97,97,97,97],"relic_stats":{"counters":[15,35],"Question Card":24,"obtain_stats":[{"DemoMod:GreenGuonStone":16,"SnailShell":6,"Lantern":10,"vexMod:MemoryStick":28,"DaveBox":0,"DianPoetry":0,"DemoMod:GlassGuonStoneRelic":2,"qcfpunch:Red_Beret":24,"Burning Blood":0,"infinitespire:ShieldingShard":9,"DemoMod:MonsterBlood":26,"qcfpunch:Wrestler\u0027s_Cloak":9,"qcfpunch:Primary_Brush":24,"Replay:Bottled Flurry":15,"ImportantClient":16,"wanderingMiniBosses:ThiefScarf":23,"DemoMod:ChaffGrenade":19,"qcfpunch:Black_Training_Shirt":28,"StuffTheSpire:Wildfire":19,"vexMod:TimeEaterHat":24,"Question Card":1,"RhineCircuit":17,"vexMod:HeadHunter":22,"DemoMod:SerJunkan":26,"ArrowTower":0},{"DemoMod:GreenGuonStone":9,"SnailShell":5,"Lantern":5,"vexMod:MemoryStick":14,"DaveBox":0,"DianPoetry":0,"DemoMod:GlassGuonStoneRelic":2,"qcfpunch:Red_Beret":14,"Burning Blood":0,"infinitespire:ShieldingShard":5,"DemoMod:MonsterBlood":14,"qcfpunch:Wrestler\u0027s_Cloak":5,"qcfpunch:Primary_Brush":13,"Replay:Bottled Flurry":8,"ImportantClient":9,"wanderingMiniBosses:ThiefScarf":13,"DemoMod:ChaffGrenade":10,"qcfpunch:Black_Training_Shirt":14,"StuffTheSpire:Wildfire":10,"vexMod:TimeEaterHat":13,"Question Card":1,"RhineCircuit":9,"vexMod:HeadHunter":12,"DemoMod:SerJunkan":14,"ArrowTower":0},{"DemoMod:GreenGuonStone":20,"SnailShell":12,"Lantern":12,"vexMod:MemoryStick":33,"DaveBox":0,"DianPoetry":0,"DemoMod:GlassGuonStoneRelic":4,"qcfpunch:Red_Beret":33,"Burning Blood":0,"infinitespire:ShieldingShard":12,"DemoMod:MonsterBlood":33,"qcfpunch:Wrestler\u0027s_Cloak":12,"qcfpunch:Primary_Brush":31,"Replay:Bottled Flurry":17,"ImportantClient":20,"wanderingMiniBosses:ThiefScarf":31,"DemoMod:ChaffGrenade":22,"qcfpunch:Black_Training_Shirt":33,"StuffTheSpire:Wildfire":22,"vexMod:TimeEaterHat":31,"Question Card":2,"RhineCircuit":20,"vexMod:HeadHunter":27,"DemoMod:SerJunkan":33,"ArrowTower":0}],"Burning Blood":49},"card_choices":[{"not_picked":["Searing Blow","Anger"],"picked":"StuffTheSpire:RockThrow","floor":1},{"not_picked":["hubris:ReadiedAction","Anger","ReplayTheSpireMod:Muscle Training"],"picked":"Armaments","floor":2},{"not_picked":["Run Through","StuffTheSpire:Slingshot","Seeing Red"],"picked":"Whirlwind","floor":3},{"not_picked":["Disarm+1","Perfected Strike+1","jedi:hate+1"],"picked":"StuffTheSpire:Slingshot","floor":5},{"not_picked":["Fire Breathing","Perfected Strike","Run Through"],"picked":"conspire:ExplosiveBarrier","floor":6},{"not_picked":["Demonic Infusion","Clothesline","Defy Death+1"],"picked":"Flex+1","floor":6},{"not_picked":["infinitespire:OneForAll","jedi:controlledanger+1","conspire:ExplosiveBarrier+1"],"picked":"Pommel Strike","floor":11},{"not_picked":["Run Through+1","jedi:hate","Anger"],"picked":"Double Tap","floor":12},{"not_picked":["StuffTheSpire:RockThrow","Pommel Strike","Headbutt","True Grit"],"picked":"SKIP","floor":14},{"not_picked":["MostiFishMod:FlyOverUtopia","conspire:HitWhereItHurts","jedi:bloodyhammer"],"picked":"Double Tap","floor":16},{"not_picked":["Warcry+1","True Grit","Anger+1"],"picked":"Heavy Blade+1","floor":18},{"not_picked":["StuffTheSpire:Slingshot","hubris:ReadiedAction+1","Perfected Strike+1"],"picked":"MostiFishMod:NewArrival","floor":20},{"not_picked":["Clash+1","ReplayTheSpireMod:Limb From Limb+1","jedi:MakeshiftSword"],"picked":"Metallicize+1","floor":21},{"not_picked":["DemoMod:BlackBlade","Combust+1","Life Link","StuffTheSpire:RagingBull"],"picked":"SKIP","floor":23},{"not_picked":["MostiFishMod:Mania","MostiFishMod:NewArrival","conspire:HitWhereItHurts"],"picked":"Immolate","floor":24},{"not_picked":["StuffTheSpire:BloodClot+1","hubris:CleavingFinish","Twin Strike"],"picked":"Burning Pact+1","floor":24}],"player_experience":289737,"relics_obtained":[{"floor":1,"key":"Question Card"},{"floor":6,"key":"SnailShell"},{"floor":9,"key":"infinitespire:ShieldingShard"},{"floor":9,"key":"qcfpunch:Wrestler\u0027s_Cloak"},{"floor":15,"key":"Replay:Bottled Flurry"},{"floor":16,"key":"DemoMod:GreenGuonStone"},{"floor":16,"key":"ImportantClient"},{"floor":19,"key":"DemoMod:ChaffGrenade"},{"floor":19,"key":"StuffTheSpire:Wildfire"},{"floor":23,"key":"wanderingMiniBosses:ThiefScarf"},{"floor":24,"key":"qcfpunch:Red_Beret"},{"floor":26,"key":"DemoMod:SerJunkan"},{"floor":26,"key":"DemoMod:MonsterBlood"}],"event_choices":[{"damage_healed":0,"gold_gain":0,"player_choice":"Got Potions","damage_taken":0,"max_hp_gain":0,"max_hp_loss":0,"event_name":"Lab","floor":4,"gold_loss":0},{"damage_healed":0,"gold_gain":0,"player_choice":"Damaged","damage_taken":8,"max_hp_gain":0,"max_hp_loss":0,"event_name":"Wheel of Change","floor":8,"gold_loss":0},{"cards_removed":["Strike_R"],"damage_healed":0,"gold_gain":0,"player_choice":"Took Card","damage_taken":0,"max_hp_gain":0,"max_hp_loss":0,"event_name":"NoteForYourself","floor":13,"gold_loss":0,"cards_obtained":["Strike_R"]}],"is_beta":false,"boss_relics":[{"not_picked":["Ectoplasm","Replay:Wanted Poster"],"picked":"RhineCircuit"}],"items_purged_floors":[10],"is_endless":false,"potions_floor_spawned":[2,5,11,12,18,20,28],"killed_by":"Snake Plant","ascension_level":-20}}