{"host":"mvw7i28zi3kj0eu9","time":1607785665,"event":{"mods":["AchievementEnabler","BaseMod","Better Third Choice","BetterRewards","Block Reminder","Conspire","Custom Start","Downfall","Energized Spire","Halation","Hermit","Hubris","Infinite Spire","Jorbs\u0027s Wanderer Trilogy","Minty Spire (QoL Compilation)","Replay The Spire","Shop Mod","Small Relic Pack","Spikes Relics","StSLib","The Blue Laboratory","The Necromancer","The Servant 0.9.4","Virulent Crown"],"gold_per_floor":[112,112,126,136,136,136,136,155,155,180,180,195,206,226,226,330,330,345,270,287,301,316,316,351,351,351,351,378,392,404,421,421,518,518,537,332,380,380,380,380,407,425,425,425,425],"floor_reached":44,"playtime":1020,"items_purged":["conspire:Rain","Recycle"],"score":532,"play_id":"3bdbb3a9-bf76-4dc6-9cf2-d0a6a8c9825a","local_time":"20201212160745","is_ascension_mode":false,"campfire_choices":[{"data":"Zap","floor":6,"key":"SMITH"},{"data":"Leap","floor":15,"key":"SMITH"},{"data":"Biased Cognition","floor":23,"key":"SMITH"},{"data":"Genetic Algorithm","floor":25,"key":"SMITH"},{"data":"Static Discharge","floor":32,"key":"SMITH"},{"floor":40,"key":"REST"}],"circlet_count":0,"master_deck":["Zap+1","Dualcast+1","Ball Lightning","Leap+1","Ball Lightning","Ball Lightning+1","Biased Cognition+1","Genetic Algorithm+1","Static Discharge+1","Barrage+1","Cold Snap+1","Echo Form+1","Storm+1","hubris:Ukulele"],"relics":["Cracked Core","Symbiotic Virus","Oddly Smooth Stone","relicPack:DarknessArmor","hubris:CuriousFeather","hubris:ToyBattleship","Carrot","infinitespire:BottledMercury","Runic Capacitor","MerchantsRug","Emotion Chip","relicPack:DSword","ZombieTooth"],"acts_visited":["Exordium","TheCity","TheBeyond"],"potions_floor_usage":[24,37,42],"damage_taken":[{"damage":5,"enemies":"Jaw Worm","floor":1,"turns":2},{"damage":0,"enemies":"Cultist","floor":3,"turns":3},{"damage":0,"enemies":"conspire:RoseBush","floor":4,"turns":2},{"damage":0,"enemies":"Exordium Wildlife","floor":8,"turns":2},{"damage":6,"enemies":"3 Sentries","floor":10,"turns":5},{"damage":4,"enemies":"Large Slime","floor":12,"turns":4},{"damage":0,"enemies":"2 Fungi Beasts","floor":13,"turns":2},{"damage":0,"enemies":"Looter","floor":14,"turns":2},{"damage":14,"enemies":"Slime Boss","floor":16,"turns":7},{"damage":0,"enemies":"Spheric Guardian","floor":18,"turns":3},{"damage":15,"enemies":"2 Thieves","floor":20,"turns":2},{"damage":12,"enemies":"3 Cultists","floor":21,"turns":3},{"damage":6,"enemies":"Chosen and Byrds","floor":22,"turns":4},{"damage":0,"enemies":"conspire:Head Lice","floor":24,"turns":4},{"damage":2,"enemies":"Nightmare","floor":28,"turns":5},{"damage":0,"enemies":"Centurion and Healer","floor":29,"turns":3},{"damage":0,"enemies":"3 Cultists","floor":30,"turns":3},{"damage":5,"enemies":"Chosen and Byrds","floor":31,"turns":3},{"damage":22,"enemies":"conspire:MysteriousRune","floor":33,"turns":5},{"damage":0,"enemies":"Orb Walker","floor":35,"turns":2},{"damage":12,"enemies":"2 Orb Walkers","floor":37,"turns":3},{"damage":0,"enemies":"R_Hoarder","floor":41,"turns":4},{"damage":13,"enemies":"3 Darklings","floor":42,"turns":2},{"damage":51,"enemies":"Nightmare","floor":44,"turns":3}],"seed_played":"11382335859845839","potions_obtained":[{"floor":1,"key":"blueLaboratory:EnragingPotion"},{"floor":3,"key":"conspire:TimeTravelPotion"},{"floor":13,"key":"blueLaboratory:BubblePotion"},{"floor":20,"key":"FocusPotion"},{"floor":24,"key":"Explosive Potion"},{"floor":30,"key":"Energy Potion"}],"is_trial":false,"path_per_floor":["M","?","M","M","?","R","?","M","T","E","?","M","M","M","R","B",null,"M","$","M","M","M","R","E","R","T","?","NM","M","M","M","R","B",null,"M","$","?","?","?","R","E","M","T","NM"],"character_chosen":"DEFECT","items_purchased":["Ball Lightning","Symbiotic Virus","Oddly Smooth Stone","Leap","Runic Capacitor","MerchantsRug"],"campfire_rested":1,"item_purchase_floors":[0,0,0,0,36,36],"current_hp_per_floor":[70,70,70,70,70,70,70,70,70,64,57,53,53,53,53,39,75,75,75,60,48,42,42,49,49,49,49,47,47,47,42,42,20,82,82,82,70,35,35,59,59,46,46,0,0],"gold":425,"neow_bonus":"","is_daily":false,"chose_seed":false,"campfire_upgraded":5,"win_rate":0.0,"timestamp":1607785665,"path_taken":["M","?","?","?","?","R","?","M","T","E","?","M","M","M","R","BOSS","M","$","M","M","M","R","E","R","T","?","NM","M","M","M","R","BOSS","M","$","?","?","?","R","E","M","T","NM"],"items_purchased_type":["Card","Relic","Relic","Card","Relic","Relic"],"build_version":"2020-11-30","purchased_purges":2,"victory":false,"max_hp_per_floor":[75,75,75,75,75,75,75,75,75,75,75,75,75,75,75,75,75,75,75,75,75,75,75,82,82,82,82,82,82,82,82,82,82,82,82,82,82,82,82,82,82,82,82,82,82],"card_choices":[{"not_picked":["ReplayTheSpireMod:GoodbyeWorld","Turbo","Beam Cell"],"picked":"SKIP","floor":1},{"not_picked":["Self Repair","Panic Button"],"picked":"Ball Lightning","floor":3},{"not_picked":["Panic Button","Barrage","Beam Cell"],"picked":"SKIP","floor":4},{"not_picked":["Turbo","Sweeping Beam","Coolheaded"],"picked":"SKIP","floor":8},{"not_picked":["Amplify","Fusion","ReplayRNGCard"],"picked":"SKIP","floor":10},{"not_picked":["conspire:SharedLibrary","Coolheaded"],"picked":"Ball Lightning","floor":12},{"not_picked":["Self Repair","ReplayTheSpireMod:System Scan","Compile Driver"],"picked":"SKIP","floor":13},{"not_picked":["Barrage","Heatsinks","Consume"],"picked":"SKIP","floor":14},{"not_picked":["BasicCrystalCard","Coolheaded","Gash"],"picked":"SKIP","floor":18},{"not_picked":["Compile Driver","BasicCrystalCard","Leap"],"picked":"SKIP","floor":20},{"not_picked":["Turbo","Gash+1","Core Surge"],"picked":"SKIP","floor":21},{"not_picked":["Scrape","Gash"],"picked":"Cold Snap+1","floor":22},{"not_picked":["Ball Lightning","Redo","Beam Cell"],"picked":"SKIP","floor":24},{"not_picked":["Streamline","Panic Button","Beam Cell"],"picked":"SKIP","floor":28},{"not_picked":["Hologram","ReplayRNGCard","Sunder"],"picked":"SKIP","floor":29},{"not_picked":["Panic Button","Streamline+1","Chaos"],"picked":"SKIP","floor":30},{"not_picked":["Rebound+1","ReplayGash","Compile Driver"],"picked":"SKIP","floor":31},{"not_picked":["hubris:DoWhile","Hyperbeam"],"picked":"Echo Form","floor":33},{"not_picked":["Streamline+1","Beam Cell","Barrage+1"],"picked":"SKIP","floor":35},{"not_picked":["Undo","Gash"],"picked":"Storm+1","floor":37},{"not_picked":["Redo+1","Genetic Algorithm+1","Stack"],"picked":"SKIP","floor":41},{"not_picked":["Heatsinks","Scrape"],"picked":"hubris:Ukulele","floor":42}],"player_experience":831502,"relics_obtained":[{"floor":9,"key":"relicPack:DarknessArmor"},{"floor":10,"key":"hubris:CuriousFeather"},{"floor":24,"key":"Strawberry"},{"floor":26,"key":"Carrot"},{"floor":28,"key":"Whetstone"},{"floor":37,"key":"Emotion Chip"},{"floor":41,"key":"ZombieTooth"}],"event_choices":[{"damage_healed":0,"gold_gain":0,"player_choice":"Ignored","damage_taken":0,"max_hp_gain":0,"max_hp_loss":0,"event_name":"Transmorgrifier","floor":2,"gold_loss":0},{"damage_healed":0,"gold_gain":0,"player_choice":"Relic ","damage_taken":7,"max_hp_gain":0,"max_hp_loss":0,"event_name":"betterThird:BetterScrap","floor":11,"gold_loss":0,"cards_obtained":["DeceiveReality"]},{"damage_healed":0,"gold_gain":0,"player_choice":"Opened","damage_taken":0,"relics_obtained":["infinitespire:BottledMercury"],"max_hp_gain":0,"max_hp_loss":0,"event_name":"The Mausoleum","floor":27,"gold_loss":0},{"damage_healed":0,"gold_gain":0,"player_choice":"Fight","damage_taken":0,"max_hp_gain":0,"max_hp_loss":0,"event_name":"Mysterious Sphere","floor":37,"gold_loss":0}],"is_beta":false,"boss_relics":[{"not_picked":["ChewingGum","hubris:BlackHole"],"picked":"Pandora\u0027s Box"},{"not_picked":["relicPack:StarArrow","halation:HeavySnake"],"picked":"Empty Cage"}],"items_purged_floors":[19,36],"is_endless":true,"potions_floor_spawned":[1,3,13,20,21,24,30,35],"killed_by":"Nightmare","ascension_level":0}}