{"host":"nmyw38vkdf8owddb","time":1607759770,"event":{"mods":["BaseMod","Bestiary","Colored Map","Colored Powertips","DeckTracker","Minty Spire (QoL Compilation)","StSLib","Waifu the Spire"],"gold_per_floor":[111,186,200,217,234,234,263,263,263,263,276,276,290,307,307,410,410,423,423,423,442,457,457,467,467,467,482,108,435,535,535,535,635,635,654,699,717,39,53,53,86,105,105,105,105,119,119,132,132,132,132,132,7,37,37,37],"floor_reached":55,"playtime":2680,"items_purged":["Strike_R","Strike_R","Strike_R"],"score":945,"play_id":"12ca3453-770d-4af5-84b4-32cd98dc90e1","local_time":"20201212165610","is_ascension_mode":true,"campfire_choices":[{"data":"Bludgeon","floor":6,"key":"SMITH"},{"data":"Combust","floor":8,"key":"SMITH"},{"data":"Cleave","floor":10,"key":"SMITH"},{"data":"Bash","floor":12,"key":"SMITH"},{"data":"Pommel Strike","floor":15,"key":"SMITH"},{"floor":23,"key":"REST"},{"floor":25,"key":"REST"},{"floor":32,"key":"REST"},{"data":"Corruption","floor":40,"key":"SMITH"},{"floor":44,"key":"RECALL"},{"data":"Secret Technique","floor":49,"key":"SMITH"},{"data":"Fiend Fire","floor":52,"key":"SMITH"}],"circlet_count":0,"master_deck":["Defend_R","Defend_R","Defend_R","Defend_R","Bash+1","Cleave+1","Anger","Iron Wave","Bludgeon+1","Combust+1","Dark Embrace","Shrug It Off","Pommel Strike+1","Immolate","Fiend Fire+1","Whirlwind+1","Shrug It Off","True Grit+1","Fiend Fire","Corruption+1","Burning Pact+1","Impervious","Pommel Strike+1","Warcry+1","Seeing Red","Disarm+1","Second Wind+1","Pain","Thinking Ahead","Panacea","Secret Technique+1","Spot Weakness+1","Demon Form"],"relics":["Black Blood","Shuriken","Charon\u0027s Ashes","Cursed Key","DollysMirror","Red Skull","Old Coin","FossilizedHelix","Pear","Thread and Needle","HornCleat","Self Forming Clay","InkBottle","Strawberry"],"acts_visited":["Exordium","TheCity","TheBeyond","TheEnding"],"potions_floor_usage":[22,27,30,30,30,30,30,30,55,55],"damage_taken":[{"damage":4,"enemies":"2 Louse","floor":1,"turns":2},{"damage":0,"enemies":"Small Slimes","floor":3,"turns":2},{"damage":7,"enemies":"Jaw Worm","floor":4,"turns":3},{"damage":18,"enemies":"Large Slime","floor":5,"turns":5},{"damage":0,"enemies":"Gremlin Nob","floor":7,"turns":2},{"damage":5,"enemies":"3 Louse","floor":11,"turns":2},{"damage":18,"enemies":"Exordium Thugs","floor":13,"turns":3},{"damage":3,"enemies":"Lots of Slimes","floor":14,"turns":2},{"damage":42,"enemies":"The Guardian","floor":16,"turns":8},{"damage":25,"enemies":"2 Thieves","floor":18,"turns":3},{"damage":23,"enemies":"Shell Parasite","floor":21,"turns":6},{"damage":35,"enemies":"Snake Plant","floor":22,"turns":3},{"damage":13,"enemies":"3 Cultists","floor":24,"turns":3},{"damage":12,"enemies":"Chosen and Byrds","floor":27,"turns":4},{"damage":41,"enemies":"Slavers","floor":29,"turns":3},{"damage":5,"enemies":"Colosseum Slavers","floor":30,"turns":2},{"damage":0,"enemies":"Colosseum Nobs","floor":30,"turns":2},{"damage":26,"enemies":"Collector","floor":33,"turns":5},{"damage":27,"enemies":"3 Darklings","floor":35,"turns":4},{"damage":0,"enemies":"2 Orb Walkers","floor":36,"turns":3},{"damage":20,"enemies":"Orb Walker","floor":37,"turns":3},{"damage":0,"enemies":"Maw","floor":39,"turns":5},{"damage":0,"enemies":"Nemesis","floor":41,"turns":3},{"damage":0,"enemies":"4 Shapes","floor":42,"turns":2},{"damage":17,"enemies":"Writhing Mass","floor":46,"turns":5},{"damage":0,"enemies":"Sphere and 2 Shapes","floor":48,"turns":2},{"damage":100,"enemies":"Awakened One","floor":50,"turns":9},{"damage":6,"enemies":"Shield and Spear","floor":54,"turns":3},{"damage":134,"enemies":"The Heart","floor":55,"turns":8}],"seed_played":"7473200084718892663","potions_obtained":[{"floor":3,"key":"EssenceOfSteel"},{"floor":5,"key":"EntropicBrew"},{"floor":7,"key":"Regen Potion"},{"floor":22,"key":"Weak Potion"},{"floor":27,"key":"EntropicBrew"},{"floor":35,"key":"SneckoOil"}],"is_trial":false,"path_per_floor":["M","?","M","M","M","R","E","R","T","R","M","R","M","M","R","B",null,"M","?","?","M","M","R","M","R","T","M","$","E","?","T","R","B",null,"M","?","M","$","M","R","E","M","T","R","?","M","?","M","R","B",null,"R","$","E","B"],"character_chosen":"IRONCLAD","items_purchased":["DollysMirror","Red Skull","HornCleat","Self Forming Clay","Seeing Red"],"campfire_rested":3,"item_purchase_floors":[28,28,38,38,38],"current_hp_per_floor":[80,69,75,74,62,62,68,68,68,68,69,69,57,60,60,24,80,61,61,46,29,9,34,27,52,52,46,46,11,28,28,56,36,95,80,92,84,84,95,95,95,95,95,95,85,80,80,92,92,40,95,95,95,102,0,0],"gold":37,"neow_bonus":"THREE_CARDS","is_daily":false,"chose_seed":false,"campfire_upgraded":8,"win_rate":0.0,"timestamp":1607759770,"path_taken":["M","?","M","M","M","R","E","R","T","R","M","R","M","M","R","BOSS","M","?","?","M","M","R","M","R","T","M","$","E","?","?","R","BOSS","M","?","M","$","M","R","E","M","T","R","?","M","?","M","R","BOSS","R","$","E","BOSS"],"items_purchased_type":["Relic","Relic","Relic","Relic","Card"],"build_version":"2020-11-30","purchased_purges":3,"victory":false,"max_hp_per_floor":[80,80,80,80,80,80,80,80,80,80,80,80,80,80,80,80,80,80,80,85,85,85,85,85,85,85,85,85,85,95,95,95,95,95,95,95,95,95,95,95,95,95,95,95,95,95,95,95,95,95,95,95,95,102,102,102],"card_choices":[{"not_picked":["Armaments","Warcry"],"picked":"Cleave","floor":0},{"not_picked":["Heavy Blade","Havoc"],"picked":"Anger","floor":1},{"not_picked":["Cleave","Heavy Blade","Clash"],"picked":"SKIP","floor":3},{"not_picked":["Second Wind","Body Slam"],"picked":"Iron Wave","floor":4},{"not_picked":["Flex","Infernal Blade"],"picked":"Bludgeon","floor":5},{"not_picked":["Sever Soul","Anger"],"picked":"Combust","floor":7},{"not_picked":["Warcry","Inflame"],"picked":"Dark Embrace","floor":11},{"not_picked":["Warcry","Blood for Blood"],"picked":"Shrug It Off","floor":13},{"not_picked":["Armaments","Twin Strike"],"picked":"Pommel Strike","floor":14},{"not_picked":["Brutality","Demon Form"],"picked":"Immolate","floor":16},{"not_picked":["Pummel","Clothesline","Perfected Strike+1"],"picked":"SKIP","floor":18},{"not_picked":["Cleave","Blood for Blood"],"picked":"Whirlwind+1","floor":21},{"not_picked":["Wild Strike","Anger+1"],"picked":"Shrug It Off","floor":22},{"not_picked":["Wild Strike","Pummel+1","Twin Strike"],"picked":"SKIP","floor":24},{"not_picked":["Wild Strike","Perfected Strike"],"picked":"True Grit+1","floor":27},{"not_picked":["Brutality","Rage"],"picked":"Corruption","floor":29},{"not_picked":["Cleave","Disarm+1"],"picked":"Burning Pact+1","floor":30},{"not_picked":["Immolate","Barricade"],"picked":"Impervious","floor":33},{"not_picked":["Perfected Strike+1","Havoc"],"picked":"Pommel Strike+1","floor":35},{"not_picked":["Sword Boomerang+1","Cleave+1"],"picked":"Warcry+1","floor":36},{"not_picked":["Entrench","Perfected Strike+1","Infernal Blade"],"picked":"SKIP","floor":37},{"not_picked":["Reckless Charge","Wild Strike","Spot Weakness+1"],"picked":"SKIP","floor":39},{"not_picked":["Warcry+1","Shrug It Off"],"picked":"Disarm+1","floor":41},{"not_picked":["Feed","Shrug It Off"],"picked":"Second Wind+1","floor":42},{"not_picked":["Blind","The Bomb"],"picked":"Thinking Ahead","floor":45},{"not_picked":["Dramatic Entrance","Transmutation"],"picked":"Panacea","floor":45},{"not_picked":["Panache","Enlightenment"],"picked":"Secret Technique","floor":45},{"not_picked":["Entrench","Body Slam+1"],"picked":"Spot Weakness+1","floor":46},{"not_picked":["Sword Boomerang+1","Clash+1","Heavy Blade+1"],"picked":"SKIP","floor":48},{"not_picked":["Clothesline+1","Bloodletting+1"],"picked":"Demon Form","floor":54}],"player_experience":307618,"relics_obtained":[{"floor":7,"key":"Shuriken"},{"floor":9,"key":"Charon\u0027s Ashes"},{"floor":29,"key":"Old Coin"},{"floor":30,"key":"FossilizedHelix"},{"floor":30,"key":"Pear"},{"floor":36,"key":"Thread and Needle"},{"floor":41,"key":"InkBottle"},{"floor":54,"key":"Strawberry"}],"event_choices":[{"damage_healed":0,"gold_gain":75,"player_choice":"Gather Gold","damage_taken":11,"max_hp_gain":0,"max_hp_loss":0,"event_name":"World of Goop","floor":2,"gold_loss":0},{"damage_healed":0,"gold_gain":0,"cards_transformed":["Strike_R","Strike_R"],"player_choice":"Became Test Subject","damage_taken":0,"max_hp_gain":0,"max_hp_loss":0,"event_name":"Drug Dealer","floor":19,"gold_loss":0,"cards_obtained":["Dark Embrace","Fiend Fire"]},{"damage_healed":0,"gold_gain":0,"player_choice":"Shed Blood","damage_taken":20,"max_hp_gain":5,"max_hp_loss":0,"event_name":"Forgotten Altar","floor":20,"gold_loss":0},{"damage_healed":0,"gold_gain":0,"player_choice":"Fight","damage_taken":0,"max_hp_gain":0,"max_hp_loss":0,"event_name":"Colosseum","floor":30,"gold_loss":0},{"damage_healed":0,"gold_gain":0,"player_choice":"Fought Nobs","damage_taken":0,"max_hp_gain":0,"max_hp_loss":0,"event_name":"Colosseum","floor":30,"gold_loss":0},{"damage_healed":0,"gold_gain":0,"player_choice":"Fight","damage_taken":0,"max_hp_gain":0,"max_hp_loss":0,"event_name":"Mysterious Sphere","floor":36,"gold_loss":0},{"damage_healed":0,"gold_gain":0,"player_choice":"Memory 3","damage_taken":10,"max_hp_gain":0,"max_hp_loss":0,"event_name":"SensoryStone","floor":45,"gold_loss":0},{"cards_removed":["Dark Embrace"],"damage_healed":0,"gold_gain":0,"player_choice":"Removed Power","damage_taken":0,"max_hp_gain":0,"max_hp_loss":0,"event_name":"Falling","floor":47,"gold_loss":0}],"is_beta":false,"boss_relics":[{"not_picked":["Busted Crown","Astrolabe"],"picked":"Cursed Key"},{"not_picked":["SacredBark","SlaversCollar"],"picked":"Black Blood"}],"items_purged_floors":[28,38,53],"is_endless":false,"potions_floor_spawned":[3,5,7,22,24,27,30,35,36,41,48],"killed_by":"The Heart","ascension_level":4}}