{"host":"i09pxcjttd31eh4q","time":1607766419,"event":{"mods":["AchievementEnabler","BaseMod","Colored Map","Keyboard Shortcuts","Minty Spire (QoL Compilation)","StSLib","SuperFastMode"],"gold_per_floor":[117,117,117,42,60,60,74,74,97,109,127,127,127,72,72,147,147,164,181,84,84,97,123,123,143,143,143,143],"floor_reached":27,"playtime":584,"items_purged":["Pain"],"score":424,"play_id":"c2be4b71-2801-47ba-b590-310751c650f4","local_time":"20201212184659","is_ascension_mode":true,"campfire_choices":[{"data":"Strike_P","floor":6.0,"key":"PURGE"},{"data":"Eruption","floor":8.0,"key":"SMITH"},{"data":"Tantrum","floor":12.0,"key":"SMITH"},{"data":"Strike_P","floor":15.0,"key":"PURGE"},{"data":"Strike_P","floor":24,"key":"PURGE"}],"circlet_count":0,"master_deck":["AscendersBane","Strike_P","Defend_P","Defend_P","Defend_P","Defend_P","Eruption+1","Vigilance","PathToVictory","CutThroughFate","Sanctity","Tantrum+1","EmptyFist","PathToVictory","Finesse"],"relics":["HolyWater","Peace Pipe","WarpedTongs","Damaru","MutagenicStrength","Singing Bowl","Frozen Egg 2"],"acts_visited":["Exordium","TheCity"],"potions_floor_usage":[22,23,23,25],"damage_taken":[{"damage":5.0,"enemies":"2 Louse","floor":1.0,"turns":4.0},{"damage":0.0,"enemies":"Jaw Worm","floor":5.0,"turns":4.0},{"damage":0.0,"enemies":"Cultist","floor":7.0,"turns":2.0},{"damage":5.0,"enemies":"Exordium Wildlife","floor":10.0,"turns":5.0},{"damage":1.0,"enemies":"Exordium Thugs","floor":11.0,"turns":3.0},{"damage":8.0,"enemies":"Hexaghost","floor":16.0,"turns":7.0},{"damage":9.0,"enemies":"Shell Parasite","floor":18.0,"turns":3.0},{"damage":0.0,"enemies":"Spheric Guardian","floor":19.0,"turns":1.0},{"damage":7,"enemies":"Snake Plant","floor":22,"turns":4},{"damage":34,"enemies":"Slavers","floor":23,"turns":4},{"damage":0,"enemies":"Snecko","floor":25,"turns":2},{"damage":22,"enemies":"Shelled Parasite and Fungi","floor":27,"turns":2}],"seed_played":"-8120222475410049686","potions_obtained":[{"floor":5.0,"key":"EssenceOfSteel"},{"floor":13.0,"key":"EssenceOfSteel"},{"floor":22,"key":"LiquidMemories"},{"floor":23,"key":"DistilledChaos"}],"is_trial":false,"path_per_floor":["M","?","?","$","M","R","M","R","T","M","M","R","?","$","R","B",null,"M","M","$","?","M","E","R","M","T","M"],"character_chosen":"WATCHER","items_purchased":["EmptyFist","Finesse"],"campfire_rested":0,"item_purchase_floors":[14,20],"current_hp_per_floor":[38,43,43,43,43,43,43,43,43,38,37,37,37,37,37,29,62,53,53,53,53,46,14,14,16,16,0,0],"gold":143,"neow_bonus":"ONE_RARE_RELIC","is_daily":false,"chose_seed":false,"campfire_upgraded":2,"win_rate":0.0,"timestamp":1607766419,"path_taken":["M","?","?","$","?","R","M","R","T","M","M","R","?","?","R","BOSS","M","M","$","?","M","E","R","M","T","M"],"items_purchased_type":["Card","Card"],"build_version":"2020-11-30","purchased_purges":1,"victory":false,"max_hp_per_floor":[68,73,73,73,73,73,73,73,73,73,73,73,73,73,73,73,73,73,73,73,73,73,75,75,77,77,77,77],"card_choices":[{"not_picked":["FlurryOfBlows","Vengeance"],"picked":"PathToVictory","floor":1.0},{"not_picked":["Halt","Vengeance","SashWhip"],"picked":"SKIP","floor":5.0},{"not_picked":["Ragnarok","Consecrate"],"picked":"CutThroughFate","floor":7.0},{"not_picked":["Prostrate","EmptyMind"],"picked":"Sanctity","floor":10.0},{"not_picked":["Wireheading","Halt"],"picked":"Tantrum","floor":11.0},{"not_picked":["Evaluate","Indignation","BowlingBash"],"picked":"SKIP","floor":18.0},{"not_picked":["Consecrate","SandsOfTime"],"picked":"PathToVictory","floor":19.0},{"not_picked":["JustLucky","FearNoEvil","SandsOfTime"],"picked":"SKIP","floor":22},{"not_picked":["MentalFortress+1","FearNoEvil","LikeWater"],"picked":"Singing Bowl","floor":23},{"not_picked":["Blasphemy","FlurryOfBlows+1","FlyingSleeves"],"picked":"Singing Bowl","floor":25}],"player_experience":722643,"relics_obtained":[{"floor":9.0,"key":"Damaru"},{"floor":23,"key":"Singing Bowl"},{"floor":26,"key":"Frozen Egg 2"}],"event_choices":[{"damage_healed":0.0,"max_hp_gain":5.0,"max_hp_loss":0.0,"gold_gain":0.0,"event_name":"Big Fish","player_choice":"Donut","floor":2.0,"gold_loss":0.0,"damage_taken":0.0},{"damage_healed":0.0,"max_hp_gain":0.0,"max_hp_loss":0.0,"gold_gain":0.0,"event_name":"Accursed Blacksmith","player_choice":"Rummage","floor":3.0,"gold_loss":0.0,"damage_taken":0.0,"relics_obtained":["WarpedTongs"],"cards_obtained":["Pain"]},{"damage_healed":0.0,"max_hp_gain":0.0,"max_hp_loss":0.0,"gold_gain":0.0,"event_name":"Lab","player_choice":"Got Potions","floor":13.0,"gold_loss":0.0,"damage_taken":0.0},{"damage_healed":0.0,"max_hp_gain":0.0,"max_hp_loss":0.0,"gold_gain":0.0,"event_name":"Drug Dealer","player_choice":"Inject Mutagens","floor":21.0,"gold_loss":0.0,"damage_taken":0.0,"relics_obtained":["MutagenicStrength"]}],"is_beta":false,"boss_relics":[{"not_picked":["Black Star","Runic Dome"],"picked":"HolyWater"}],"items_purged_floors":[4],"is_endless":false,"potions_floor_spawned":[5,22,23],"killed_by":"Shelled Parasite and Fungi","ascension_level":18}}