{"host":"8qb550oiisecbnz6","time":1607732735,"event":{"mods":["AchievementEnabler","BaseMod","Colored Map","Colored Powertips","Minty Spire (QoL Compilation)","Quick Restart","Slay-I","StSLib"],"gold_per_floor":[368,387,165,185,185,219,219,233,233,333,347,365,406,421,421,547,547,566,585,40,40,65,65,140,165,192,208,83,101,101,122,122,242,242,265,265,284,307,326,326,339,35,80,113,125,151,203,229,241,253],"floor_reached":51,"playtime":4153,"items_purged":["Dualcast","Zap","Strike_B","Defend_B"],"score":801,"play_id":"fead30df-6606-44e9-9979-fb520154505e","local_time":"20201212012535","is_ascension_mode":true,"campfire_choices":[{"floor":7,"key":"REST"},{"floor":15,"key":"REST"},{"data":"Reprogram","floor":23,"key":"SMITH"},{"data":"Beam Cell","floor":30,"key":"SMITH"},{"data":"Go for the Eyes","floor":32,"key":"SMITH"},{"data":"Hologram","floor":40,"key":"SMITH"},{"floor":49,"key":"REST"}],"circlet_count":0,"master_deck":["Strike_B","Strike_B","Strike_B","Defend_B","Defend_B","Reinforced Body","Reprogram+1","Gash","Gash","Beam Cell+1","Melter","Hologram+1","FTL","Core Surge","Gash","Go for the Eyes+1","Echo Form+1"],"relics":["Cracked Core","Vajra","Golden Idol","Centennial Puzzle","Frozen Egg 2","Torii","Nuclear Battery","Chemical X","Orichalcum","Toy Ornithopter","MealTicket","Philosopher\u0027s Stone","Akabeko","MawBank","Lizard Tail"],"acts_visited":["Exordium","TheCity","TheBeyond"],"potions_floor_usage":[13,14,16,25,33,33,47,47,50,50],"damage_taken":[{"damage":1,"enemies":"2 Louse","floor":1,"turns":3},{"damage":2,"enemies":"Jaw Worm","floor":2,"turns":3},{"damage":0,"enemies":"Cultist","floor":4,"turns":3},{"damage":39,"enemies":"3 Sentries","floor":6,"turns":11},{"damage":0,"enemies":"Large Slime","floor":8,"turns":3},{"damage":13,"enemies":"Gremlin Gang","floor":11,"turns":5},{"damage":0,"enemies":"Blue Slaver","floor":12,"turns":2},{"damage":2,"enemies":"Gremlin Nob","floor":13,"turns":3},{"damage":1,"enemies":"Exordium Thugs","floor":14,"turns":3},{"damage":31,"enemies":"The Guardian","floor":16,"turns":11},{"damage":14,"enemies":"3 Byrds","floor":18,"turns":6},{"damage":1,"enemies":"Chosen","floor":19,"turns":3},{"damage":1,"enemies":"Snecko","floor":22,"turns":5},{"damage":0,"enemies":"3 Cultists","floor":25,"turns":4},{"damage":1,"enemies":"Chosen and Byrds","floor":27,"turns":4},{"damage":19,"enemies":"Snecko","floor":29,"turns":6},{"damage":9,"enemies":"Centurion and Healer","floor":31,"turns":4},{"damage":2,"enemies":"Champ","floor":33,"turns":7},{"damage":23,"enemies":"3 Shapes","floor":35,"turns":5},{"damage":7,"enemies":"Orb Walker","floor":37,"turns":3},{"damage":1,"enemies":"Spire Growth","floor":39,"turns":4},{"damage":2,"enemies":"4 Shapes","floor":41,"turns":6},{"damage":27,"enemies":"Maw","floor":44,"turns":6},{"damage":1,"enemies":"Spire Growth","floor":46,"turns":4},{"damage":23,"enemies":"Nemesis","floor":47,"turns":5},{"damage":6,"enemies":"4 Shapes","floor":48,"turns":4},{"damage":75,"enemies":"Awakened One","floor":50,"turns":12}],"seed_played":"3190614975134350960","potions_obtained":[{"floor":1,"key":"PotionOfCapacity"},{"floor":2,"key":"PotionOfCapacity"},{"floor":11,"key":"Strength Potion"},{"floor":12,"key":"SkillPotion"},{"floor":13,"key":"BlessingOfTheForge"},{"floor":18,"key":"PotionOfCapacity"},{"floor":19,"key":"PowerPotion"},{"floor":31,"key":"Block Potion"},{"floor":33,"key":"FocusPotion"},{"floor":37,"key":"Weak Potion"},{"floor":46,"key":"Swift Potion"},{"floor":48,"key":"PotionOfCapacity"}],"is_trial":false,"path_per_floor":["M","M","$","M","?","E","R","M","T","?","M","M","E","M","R","B",null,"M","M","$","?","M","R","?","M","T","M","$","M","R","M","R","B",null,"M","?","M","T","M","R","M","$","T","M","$","M","E","M","R","B",null],"character_chosen":"DEFECT","items_purchased":["Vajra","Chemical X","Orichalcum","Toy Ornithopter","Akabeko"],"campfire_rested":3,"item_purchase_floors":[3,20,20,20,42],"current_hp_per_floor":[53,51,51,51,51,12,32,32,32,32,19,19,17,16,36,5,69,55,54,54,54,53,53,47,52,52,51,66,47,47,38,38,46,69,46,46,39,39,38,38,36,51,51,24,39,38,25,19,39,34],"gold":265,"neow_bonus":"TWO_FIFTY_GOLD","is_daily":false,"chose_seed":false,"campfire_upgraded":4,"win_rate":0.0,"timestamp":1607732735,"path_taken":["M","M","$","M","?","E","R","M","T","?","M","M","E","M","R","BOSS","M","M","$","?","M","R","?","M","T","?","$","M","R","M","R","BOSS","M","?","M","?","M","R","M","$","T","?","$","M","E","M","R","BOSS"],"items_purchased_type":["Relic","Relic","Relic","Relic","Relic"],"build_version":"2020-11-30","purchased_purges":4,"victory":true,"max_hp_per_floor":[75,75,75,75,69,69,69,69,69,69,69,69,69,69,69,69,69,69,69,69,69,69,69,69,69,69,69,69,69,69,69,69,69,69,69,69,69,69,69,69,69,69,69,69,69,69,69,69,69,69],"card_choices":[{"not_picked":["Consume","Rebound"],"picked":"Reinforced Body","floor":1},{"not_picked":["Barrage","Cold Snap"],"picked":"Reprogram","floor":2},{"not_picked":["Stack","Rebound"],"picked":"Gash","floor":4},{"not_picked":["Go for the Eyes","Glacier"],"picked":"Gash","floor":6},{"not_picked":["Barrage","Skim"],"picked":"Beam Cell","floor":8},{"not_picked":["Coolheaded","Compile Driver"],"picked":"Melter","floor":11},{"not_picked":["Stack","Coolheaded"],"picked":"Hologram","floor":12},{"not_picked":["Capacitor+1","Consume"],"picked":"FTL","floor":13},{"not_picked":["Rebound","Force Field","Seek"],"picked":"SKIP","floor":14},{"not_picked":["Amplify","Biased Cognition+1"],"picked":"Core Surge","floor":16},{"not_picked":["Redo","Defragment+1","Stack"],"picked":"SKIP","floor":18},{"not_picked":["Leap","Force Field"],"picked":"Gash","floor":19},{"not_picked":["Stack","Redo+1","Gash+1"],"picked":"SKIP","floor":22},{"not_picked":["Darkness","Barrage+1"],"picked":"Go for the Eyes","floor":25},{"not_picked":["Rebound+1","Thunder Strike","Aggregate"],"picked":"SKIP","floor":27},{"not_picked":["Hologram+1","Skim","Genetic Algorithm"],"picked":"SKIP","floor":29},{"not_picked":["Turbo","Doom and Gloom","Beam Cell"],"picked":"SKIP","floor":31},{"not_picked":["Seek","Electrodynamics+1"],"picked":"Echo Form+1","floor":33},{"not_picked":["Barrage+1","Stack","Steam"],"picked":"SKIP","floor":35},{"not_picked":["Redo+1","Gash","Sunder+1"],"picked":"SKIP","floor":37},{"not_picked":["Steam+1","Beam Cell","Barrage+1"],"picked":"SKIP","floor":39},{"not_picked":["Sweeping Beam+1","Sunder","Turbo"],"picked":"SKIP","floor":41},{"not_picked":["Beam Cell","Darkness+1","BootSequence"],"picked":"SKIP","floor":44},{"not_picked":["Double Energy+1","Compile Driver","Streamline+1"],"picked":"SKIP","floor":46},{"not_picked":["Doom and Gloom+1","Chaos","Aggregate+1"],"picked":"SKIP","floor":47},{"not_picked":["Auto Shields","Go for the Eyes+1","Steam Power+1"],"picked":"SKIP","floor":48}],"player_experience":318158,"relics_obtained":[{"floor":6,"key":"Centennial Puzzle"},{"floor":9,"key":"Frozen Egg 2"},{"floor":13,"key":"Torii"},{"floor":26,"key":"MealTicket"},{"floor":43,"key":"MawBank"},{"floor":47,"key":"Lizard Tail"}],"event_choices":[{"damage_healed":0,"gold_gain":0,"player_choice":"Lose Max HP","damage_taken":0,"relics_obtained":["Golden Idol"],"max_hp_gain":0,"max_hp_loss":6,"event_name":"Golden Idol","floor":5,"gold_loss":0},{"damage_healed":0,"gold_gain":100,"player_choice":"Pray","damage_taken":0,"max_hp_gain":0,"max_hp_loss":0,"event_name":"Golden Shrine","floor":10,"gold_loss":0},{"cards_removed":["Defend_B"],"damage_healed":0,"gold_gain":0,"player_choice":"Elegance","damage_taken":0,"max_hp_gain":0,"max_hp_loss":0,"event_name":"Back to Basics","floor":21,"gold_loss":0},{"damage_healed":0,"gold_gain":75,"player_choice":"Touch","damage_taken":6,"max_hp_gain":0,"max_hp_loss":0,"event_name":"FaceTrader","floor":24,"gold_loss":0},{"damage_healed":0,"gold_gain":0,"player_choice":"Ignored","damage_taken":0,"max_hp_gain":0,"max_hp_loss":0,"event_name":"The Moai Head","floor":36,"gold_loss":0}],"is_beta":false,"boss_relics":[{"not_picked":["Astrolabe","Empty Cage"],"picked":"Nuclear Battery"},{"not_picked":["Coffee Dripper","Sozu"],"picked":"Philosopher\u0027s Stone"}],"items_purged_floors":[3,20,28,42],"is_endless":false,"potions_floor_spawned":[1,2,11,12,13,18,19,31,33,37,46,48],"ascension_level":4}}