{"host":"midian","time":1607767836,"event":{"mods":["AchievementEnabler","BaseMod","HololiveMod","Lobotomy","Minty Spire (QoL Compilation)","MostiFishMod","Permanent Neow","StSLib","TestMod","Uncapped","UnlockEverythingMod"],"gold_per_floor":[118,193,203,203,221,221,221,221],"floor_reached":7,"playtime":294,"items_purged":[],"score":82,"play_id":"39eb3dab-b869-400d-9e72-6f782a883dbd","local_time":"20201212181036","is_ascension_mode":true,"campfire_choices":[{"data":"Neutralize","floor":6,"key":"SMITH"}],"circlet_count":0,"master_deck":["AscendersBane","Strike_G","Strike_G","Strike_G","Strike_G","Strike_G","Defend_G","Defend_G","Defend_G","Defend_G","Defend_G","Survivor","Neutralize+1"],"relics":["Ring of the Snake","DaveBox","testmod-TestBox","CogitoBucket","CombinedTypeHook","Question Card","PrismaticShard","Golden Idol"],"acts_visited":["Exordium"],"potions_floor_usage":[7],"damage_taken":[{"damage":0.0,"enemies":"Cultist","floor":1.0,"turns":3.0},{"damage":0.0,"enemies":"Jaw Worm","floor":3.0,"turns":3.0},{"damage":0,"enemies":"2 Louse","floor":5,"turns":2},{"damage":49,"enemies":"3 Sentries","floor":7,"turns":8}],"seed_played":"2259776086734769643","potions_obtained":[{"floor":3,"key":"Strength Potion"}],"is_trial":false,"path_per_floor":["M","?","M","?","M","R","E"],"character_chosen":"THE_SILENT","items_purchased":[],"campfire_rested":0,"item_purchase_floors":[],"current_hp_per_floor":[59,48,48,48,48,48,0,0],"gold":221,"neow_bonus":"","is_daily":false,"chose_seed":false,"campfire_upgraded":1,"win_rate":0.0,"timestamp":1607767836,"path_taken":["M","?","M","?","M","R","E"],"items_purchased_type":[],"build_version":"2020-12-07","purchased_purges":0,"victory":false,"max_hp_per_floor":[66,66,66,60,60,60,60,60],"card_choices":[{"not_picked":["OSAHOGD","WallGazer","SingingMachine"],"picked":"Singing Bowl","floor":1.0},{"not_picked":["MostiFishMod:PerfectParry","Deadly Poison","Poisoned Stab"],"picked":"SKIP","floor":1.0},{"not_picked":["Hololive_CallTokoyamiTowa","Storm","Rupture","Cloak And Dagger"],"picked":"SKIP","floor":3},{"not_picked":["Rebound","Hololive_CallOkamiMio","MostiFishMod:LethalBlade","JustLucky"],"picked":"SKIP","floor":5}],"player_experience":190293,"relics_obtained":[{"floor":1.0,"key":"Question Card"},{"floor":1.0,"key":"PrismaticShard"}],"event_choices":[{"damage_healed":0.0,"max_hp_gain":0.0,"max_hp_loss":0.0,"gold_gain":75.0,"event_name":"World of Goop","player_choice":"Gather Gold","floor":2.0,"gold_loss":0.0,"damage_taken":11.0},{"damage_healed":0,"gold_gain":0,"player_choice":"Lose Max HP","damage_taken":0,"relics_obtained":["Golden Idol"],"max_hp_gain":0,"max_hp_loss":6,"event_name":"Golden Idol","floor":4,"gold_loss":0}],"is_beta":true,"boss_relics":[],"items_purged_floors":[],"is_endless":false,"potions_floor_spawned":[3],"killed_by":"3 Sentries","ascension_level":20}}