{"host":"0cnf9zf1gia27zti","time":1607776191,"event":{"mods":["BaseMod","BetterRewards","Card Forge","Colored Map","Colored Powertips","Conspire","Downfall","Minty Spire (QoL Compilation)","Quick Restart","Replay The Spire","Shade Mod","Spicy Shops","StSLib"],"gold_per_floor":[113,288,306,306,325,325,10,10,10,36,96,24,24,24,24,130,130,159,159,16,30,130,130,143,98,180,208,218,218,243,31,31,144,144,159,186,186,210,141,165,30,30,30],"floor_reached":42,"playtime":30040,"items_purged":["Sickly","Doubt"],"score":671,"play_id":"f7cd98b2-2c0a-4ef6-bd7e-56810a23c392","local_time":"20201212122951","is_ascension_mode":true,"campfire_choices":[{"floor":6,"key":"REST"},{"floor":8,"key":"REST"},{"floor":13,"key":"REST"},{"data":"Blade Dance","floor":15,"key":"SMITH"},{"data":"Footwork","floor":23,"key":"SMITH"},{"floor":29,"key":"REST"},{"floor":32,"key":"REST"}],"circlet_count":0,"master_deck":["AscendersBane","Strike_G","Strike_G","Strike_G","Strike_G","Strike_G","Defend_G","Defend_G","Defend_G","Defend_G","Survivor+1","Neutralize+1","Infinite Blades+1","Accuracy+1","Accuracy+1","Terror+1","Hidden Blade+1","Backflip+1","Riddle With Holes+1","conspire:DoublingDagger+1","Cloak And Dagger","conspire:DoublingDagger","Footwork+1","Blade Dance+1","Backstab","Noxious Fumes+1","Poison Darts+1","Footwork+1","Infinite Blades+1","Infinite Blades","Backflip","Accuracy+1","Phantasmal Killer+1","Phantasmal Killer+1","Blade Dance","Choke+1","Backflip","Burst+1"],"relics":["Ring of the Snake","Hammer of Thor","Seething Fire","Anvil of the Gods","Golden Egg","ReplayFunnel","Orrery","ReplayTheSpireMod:CursedCoin","Anchor","CeramicFish","Orichalcum","Black Star","Vajra","Eternal Feather","Omamori","conspire:SpecialSausage"],"acts_visited":["Exordium","TheCity","TheBeyond"],"potions_floor_usage":[16,16,33,35,40],"damage_taken":[{"damage":1,"enemies":"Jaw Worm","floor":1,"turns":2},{"damage":4,"enemies":"Small Slimes","floor":3,"turns":3},{"damage":0,"enemies":"2 Louse","floor":5,"turns":2},{"damage":0,"enemies":"Blue Slaver","floor":10,"turns":4},{"damage":3,"enemies":"The Guardian","floor":16,"turns":8},{"damage":7,"enemies":"2 Thieves","floor":18,"turns":5},{"damage":2,"enemies":"Shell Parasite","floor":21,"turns":4},{"damage":16,"enemies":"Snake Plant","floor":24,"turns":3},{"damage":12,"enemies":"Snecko","floor":27,"turns":3},{"damage":6,"enemies":"3 Cultists","floor":28,"turns":4},{"damage":14,"enemies":"Sentry and Sphere","floor":30,"turns":4},{"damage":40,"enemies":"Champ","floor":33,"turns":8},{"damage":10,"enemies":"Orb Walker","floor":35,"turns":4},{"damage":12,"enemies":"3 Darklings","floor":36,"turns":4},{"damage":26,"enemies":"Transient","floor":38,"turns":5},{"damage":15,"enemies":"4 Shapes","floor":40,"turns":5},{"damage":13,"enemies":"Spire Growth","floor":42,"turns":2}],"seed_played":"-4154506852290177817","potions_obtained":[{"floor":3,"key":"SpeedPotion"},{"floor":5,"key":"SpeedPotion"},{"floor":11,"key":"DistilledChaos"},{"floor":30,"key":"LiquidBronze"},{"floor":33,"key":"Regen Potion"},{"floor":38,"key":"Milkshake"}],"is_trial":false,"path_per_floor":["M","?","M","?","M","R","$","R","T","M","?","$","R","$","R","B",null,"M","?","$","M","?","R","M","$","T","M","M","R","M","$","R","B",null,"M","M","?","M","$","M","$","M"],"character_chosen":"THE_SILENT","items_purchased":["Golden Egg","Infinite Blades","ReplayFunnel","Accuracy","Orrery","ReplayTheSpireMod:CursedCoin","conspire:DoublingDagger","Footwork","Anchor","Noxious Fumes","Vajra","Infinite Blades+1","Accuracy","Omamori","Choke","Burst"],"campfire_rested":5,"item_purchase_floors":[0,0,0,0,0,0,0,7,7,12,20,25,31,31,39,41],"current_hp_per_floor":[30,30,26,12,12,33,33,54,54,54,54,54,70,70,70,67,69,62,62,62,60,60,60,44,44,44,32,26,65,51,51,70,30,60,62,50,50,24,24,9,9,0,0],"gold":30,"neow_bonus":"","is_daily":false,"chose_seed":false,"campfire_upgraded":2,"win_rate":0.0,"timestamp":1607776191,"path_taken":["M","?","M","?","M","R","$","R","T","M","?","$","R","$","R","BOSS","M","?","$","M","?","R","M","$","T","?","M","R","M","$","R","BOSS","M","M","?","M","$","M","$","M"],"items_purchased_type":["Relic","Card","Relic","Card","Relic","Relic","Card","Card","Relic","Card","Relic","Card","Card","Relic","Card","Card"],"build_version":"2020-11-30","purchased_purges":2,"victory":false,"max_hp_per_floor":[70,70,70,70,70,70,70,70,70,70,70,70,70,70,70,70,70,70,70,70,70,70,70,70,70,70,70,70,70,70,70,70,70,70,70,70,70,70,70,70,70,70,70],"card_choices":[{"not_picked":["Prepared","Endless Agony"],"picked":"Accuracy","floor":0},{"not_picked":["Poisoned Stab","Prepared"],"picked":"Terror","floor":0},{"not_picked":["Tactician","ReplayTheSpireMod:Tripwire"],"picked":"Hidden Blade","floor":0},{"not_picked":["Terror","Dagger Spray"],"picked":"Backflip","floor":0},{"not_picked":["ReplayTheSpireMod:The Works","Bullet Time"],"picked":"Riddle With Holes","floor":0},{"not_picked":["Reflex","Dagger Spray"],"picked":"Cloak And Dagger","floor":1},{"not_picked":["Poisoned Stab","Prepared"],"picked":"conspire:DoublingDagger","floor":3},{"not_picked":["Outmaneuver","ReplayTheSpireMod:Exploit Weakness","ReplayTheSpireMod:Shiv Toss"],"picked":"SKIP","floor":5},{"not_picked":["Sneak Up","Expertise"],"picked":"Blade Dance","floor":10},{"not_picked":["Heel Hook","Escape Plan"],"picked":"Backstab","floor":11},{"not_picked":["Wraith Form v2","Unload"],"picked":"Poison Darts","floor":16},{"not_picked":["Backflip","Acrobatics"],"picked":"Footwork","floor":18},{"not_picked":["Bane","Concentrate","Poisoned Stab"],"picked":"SKIP","floor":21},{"not_picked":["Escape Plan+1","Expertise","Poisoned Stab"],"picked":"SKIP","floor":24},{"not_picked":["Flying Knee+1","Eviscerate"],"picked":"Infinite Blades","floor":27},{"not_picked":["Underhanded Strike","Dodge and Roll","Endless Agony"],"picked":"SKIP","floor":28},{"not_picked":["Concentrate","Distraction"],"picked":"Backflip","floor":30},{"not_picked":["Malaise","Grand Finale"],"picked":"Phantasmal Killer","floor":33},{"not_picked":["Deadly Poison+1","Quick Slash","Sucker Punch"],"picked":"SKIP","floor":35},{"not_picked":["Cloak And Dagger","Quick Slash"],"picked":"Phantasmal Killer","floor":36},{"not_picked":["Crippling Poison","Backflip"],"picked":"Blade Dance","floor":38},{"not_picked":["ReplayTheSpireMod:Exploit Weakness","Poisoned Stab"],"picked":"Backflip","floor":40}],"player_experience":1931279,"relics_obtained":[{"floor":9,"key":"CeramicFish"},{"floor":11,"key":"Orichalcum"},{"floor":26,"key":"Eternal Feather"}],"event_choices":[{"damage_healed":0,"gold_gain":175,"player_choice":"AGREE","damage_taken":0,"max_hp_gain":0,"max_hp_loss":0,"event_name":"Liars Game","floor":2,"gold_loss":0,"cards_obtained":["Doubt"]},{"damage_healed":0,"gold_gain":0,"player_choice":"Entered Light","damage_taken":14,"max_hp_gain":0,"max_hp_loss":0,"event_name":"Shining Light","floor":4,"gold_loss":0,"cards_upgraded":["Neutralize","Survivor"]},{"damage_healed":0,"gold_gain":0,"player_choice":"Leave","damage_taken":0,"max_hp_gain":0,"max_hp_loss":0,"event_name":"conspire:Investor","floor":19,"gold_loss":0},{"damage_healed":0,"gold_gain":100,"player_choice":"Pray","damage_taken":0,"max_hp_gain":0,"max_hp_loss":0,"event_name":"Golden Shrine","floor":22,"gold_loss":0},{"damage_healed":0,"gold_gain":0,"player_choice":"Ignored","damage_taken":0,"max_hp_gain":0,"max_hp_loss":0,"event_name":"Tomb of Lord Red Mask","floor":37,"gold_loss":0}],"is_beta":false,"boss_relics":[{"not_picked":["conspire:SeveredTorchhead","Snecko Heart"],"picked":"Black Star"},{"not_picked":["Ring of Chaos","Velvet Choker"],"picked":"conspire:SpecialSausage"}],"items_purged_floors":[0,7],"is_endless":false,"potions_floor_spawned":[3,5,10,30,33,38],"killed_by":"Spire Growth","ascension_level":12}}