{"host":"tpad8qsc9e0g0pa5","time":1607774714,"event":{"mods":["BaseMod","Minty Spire (QoL Compilation)","Quick Restart","Replay The Spire","StSLib","The Bug Knight","The Servant 0.9.4"],"gold_per_floor":[114,131,150,150,192,192,221,240,313,34,63,63,82,9,9,9,9],"floor_reached":16,"playtime":1280,"items_purged":["Doubt"],"score":112,"play_id":"d4bb7fa2-c5fc-4240-b896-73a6b18857b1","local_time":"20201212200514","is_ascension_mode":false,"campfire_choices":[{"data":"KidneyShot","floor":6.0,"key":"SMITH"},{"floor":15,"key":"REST"}],"circlet_count":0,"master_deck":["Strike_S","Strike_S","Strike_S","Defend_S","Defend_S","Defend_S","KidneyShot+1","Exchange","Foresight","ShatteredReality","TimeWarp","Comet","TimeWarp","Alleviate","Initiator"],"relics":["Uniform","ReplayTheSpireMod:Ring of Challenge","ReplayTheSpireMod:Ring of Addiction","Potion Belt","Toy Ornithopter","Pet Ghost","Replay:Ringing Soul","Sling","Pocketwatch"],"acts_visited":["Exordium"],"potions_floor_usage":[],"damage_taken":[{"damage":1.0,"enemies":"Cultist","floor":1.0,"turns":4.0},{"damage":9.0,"enemies":"Jaw Worm","floor":2.0,"turns":6.0},{"damage":3.0,"enemies":"2 Louse","floor":3.0,"turns":3.0},{"damage":0.0,"enemies":"2 Fungi Beasts","floor":5.0,"turns":2.0},{"damage":34.0,"enemies":"Lagavulin","floor":7.0,"turns":8.0},{"damage":0.0,"enemies":"Blue Slaver","floor":8.0,"turns":5.0},{"damage":4.0,"enemies":"Gremlin Nob","floor":11.0,"turns":3.0},{"damage":1,"enemies":"Large Slime","floor":13,"turns":6},{"damage":71,"enemies":"The Guardian","floor":16,"turns":8}],"seed_played":"7107527789989092978","potions_obtained":[{"floor":1.0,"key":"Elixir"},{"floor":2.0,"key":"Energy Potion"},{"floor":3.0,"key":"Strength Potion"},{"floor":4.0,"key":"Elixir"},{"floor":4.0,"key":"Fire Potion"},{"floor":4.0,"key":"Fire Potion"},{"floor":8.0,"key":"LiquidBronze"}],"is_trial":false,"path_per_floor":["M","M","M","?","M","R","E","M","T","$","E","?","M","$","R","B"],"character_chosen":"THE_SERVANT","items_purchased":["TimeWarp","Sling","Initiator"],"campfire_rested":1,"item_purchase_floors":[10,10,14],"current_hp_per_floor":[64,55,52,52,62,62,33,38,38,41,45,45,44,47,69,0,0],"gold":9,"neow_bonus":"RANDOM_EVENT","is_daily":false,"chose_seed":false,"campfire_upgraded":1,"win_rate":0.0,"timestamp":1607774714,"path_taken":["M","M","M","?","M","R","E","M","T","$","E","?","M","$","R","BOSS"],"items_purchased_type":["Card","Relic","Card"],"build_version":"2020-11-30","purchased_purges":1,"victory":false,"max_hp_per_floor":[65,65,65,65,65,65,65,65,65,68,71,71,71,74,74,72,72],"card_choices":[{"not_picked":["Rewind","Reset"],"picked":"Foresight","floor":1.0},{"not_picked":["Desolation","Starlight"],"picked":"ShatteredReality","floor":2.0},{"not_picked":["Rewind","ShatteredReality"],"picked":"TimeWarp","floor":3.0},{"not_picked":["FastForward","Defy","Ricochet"],"picked":"SKIP","floor":5.0},{"not_picked":["FastForward","Desolation","Misdirection"],"picked":"SKIP","floor":7.0},{"not_picked":["Foresight","InstantArmor"],"picked":"Comet","floor":8.0},{"not_picked":["Revamp","Spin"],"picked":"Alleviate","floor":11.0},{"not_picked":["DoubleEdge","Alleviate","Defy"],"picked":"SKIP","floor":13}],"player_experience":209078,"relics_obtained":[{"floor":4.0,"key":"ReplayTheSpireMod:Ring of Challenge"},{"floor":4.0,"key":"ReplayTheSpireMod:Ring of Addiction"},{"floor":4.0,"key":"Potion Belt"},{"floor":4.0,"key":"Toy Ornithopter"},{"floor":7.0,"key":"Pet Ghost"},{"floor":9.0,"key":"Replay:Ringing Soul"},{"floor":11.0,"key":"Pocketwatch"}],"event_choices":[{"cards_removed":["Defend_S"],"damage_healed":0.0,"max_hp_gain":0.0,"max_hp_loss":0.0,"gold_gain":0.0,"event_name":"Bonfire Elementals","player_choice":"Offered Basic","floor":12.0,"gold_loss":0.0,"damage_taken":0.0}],"is_beta":false,"boss_relics":[],"items_purged_floors":[10],"is_endless":false,"potions_floor_spawned":[1,2,3,8],"killed_by":"The Guardian","ascension_level":0}}