{"host":"zksvs3x2ysy9npnz","time":1607782387,"event":{"mods":["Aspiration","BaseMod","Beaked The Cultist","BetterRewards","Colored Map","Conspire","Duelist Mod","Halation","Highlight Path","Hubris","Infinite Spire","Jedi Mod","Minty Spire (QoL Compilation)","Permanent Neow","Quick Restart","Relic Stats","Replay The Spire","Retaliation","Shop Mod","StSLib"],"gold_per_floor":[143,143,173,193,193,193,210,20,65,97,112,112,144,160,160,234,234,250,250,250,250,210,210,210,210],"floor_reached":24,"playtime":1276,"items_purged":["theDuelist:GravekeeperCurse","theDuelist:Sparks"],"score":491,"play_id":"c7535b58-a296-4ead-902e-1ff5959465f5","local_time":"20201212151307","is_ascension_mode":true,"campfire_choices":[{"data":"theDuelist:VioletCrystal","floor":6.0,"key":"SMITH"},{"floor":12,"key":"REST"},{"data":"theDuelist:LonefireBlossom","floor":15,"key":"SMITH"},{"data":"theDuelist:DarkworldThorns","floor":23,"key":"SMITH"}],"circlet_count":0,"master_deck":["theDuelist:AngelTrumpeter","theDuelist:BloodSparks","theDuelist:CactusBouncer","theDuelist:CastleWalls","theDuelist:CastleWalls","theDuelist:DarkworldThorns+1","AscendersBane","theDuelist:Inmato","theDuelist:JerryBeansMan","theDuelist:JerryBeansMan","theDuelist:VioletCrystal+1","theDuelist:WhiteRoseDragon","theDuelist:PredaplantChlamydosundew","theDuelist:BirdRoses","theDuelist:RoseArcher","theDuelist:FrozenRose","theDuelist:LonefireBlossom+1","theDuelist:WhiteRoseDragon","theDuelist:Firegrass","theDuelist:WhiteRoseDragon","theDuelist:RoseArcher","theDuelist:BlackRoseMoonlight+1"],"relics":["theDuelist:MillenniumPuzzle","theDuelist:CardPoolRelic","theDuelist:CardPoolBasicRelic","theDuelist:BoosterPackPoolRelic","theDuelist:CardPoolAddRelic","theDuelist:CardPoolMinusRelic","theDuelist:CardPoolSaveRelic","theDuelist:CardPoolOptionsRelic","aspiration:EmptySkull","hubris:Icosahedron","Garlic","theDuelist:MillenniumSymbol","Replay:Baseball","aspiration:Lifesprig","Ornamental Fan","aspiration:RunicSpoon","PrismaticShard","Chemical X"],"acts_visited":["Exordium","TheCity"],"potions_floor_usage":[16,16,24,24],"damage_taken":[{"damage":0.0,"enemies":"Small Slimes","floor":1.0,"turns":4.0},{"damage":0.0,"enemies":"Jaw Worm","floor":4.0,"turns":4.0},{"damage":0.0,"enemies":"Cultist","floor":7.0,"turns":4.0},{"damage":0.0,"enemies":"Lagavulin","floor":10.0,"turns":7.0},{"damage":3,"enemies":"Large Slime","floor":11,"turns":8},{"damage":0,"enemies":"3 Sentries","floor":13,"turns":6},{"damage":0,"enemies":"Gremlin Gang","floor":14,"turns":4},{"damage":51,"enemies":"Slime Boss","floor":16,"turns":13},{"damage":0,"enemies":"3 Byrds","floor":18,"turns":4},{"damage":64,"enemies":"Book of Stabbing","floor":24,"turns":6}],"seed_played":"1858238921922643598","potions_obtained":[{"floor":1.0,"key":"theDuelist:ElectricBrew"},{"floor":7.0,"key":"Swift Potion"},{"floor":14,"key":"jedi:tentaclejuice"},{"floor":22,"key":"LifebloodPotion"},{"floor":22,"key":"theDuelist:FlamingBottle"}],"is_trial":false,"path_per_floor":["M","?","?","M","?","R","M","$","T","E","M","R","E","M","R_BF","B",null,"M","?","?","AVR","?","R","E"],"character_chosen":"THE_DUELIST","items_purchased":["theDuelist:FrozenRose","theDuelist:LonefireBlossom"],"campfire_rested":1,"item_purchase_floors":[8,8],"current_hp_per_floor":[63,63,35,40,40,40,40,40,40,40,37,55,55,60,60,9,49,53,41,41,41,41,41,0,0],"gold":210,"neow_bonus":"RANDOM_COMMON_RELIC","is_daily":false,"chose_seed":false,"campfire_upgraded":3,"win_rate":0.0,"timestamp":1607782387,"path_taken":["M","?","?","?","?","R","M","$","T","E","?","R","E","M","R_BF","BOSS","M","?","?","AVR","?","R","E"],"items_purchased_type":["Card","Card"],"build_version":"2020-11-30","purchased_purges":2,"victory":false,"max_hp_per_floor":[70,70,70,72,72,72,69,69,69,66,63,63,60,62,62,62,62,66,66,66,66,66,66,66,66],"relic_stats":{"counters":[10,56],"Ornamental Fan":[0],"aspiration:RunicSpoon":[9],"Chemical X":[0],"obtain_stats":[{"aspiration:Lifesprig":10,"aspiration:RunicSpoon":17,"theDuelist:MillenniumPuzzle":0,"theDuelist:CardPoolSaveRelic":0,"PrismaticShard":19,"theDuelist:BoosterPackPoolRelic":0,"theDuelist:CardPoolMinusRelic":0,"Replay:Baseball":9,"aspiration:EmptySkull":0,"hubris:Icosahedron":2,"Ornamental Fan":13,"theDuelist:CardPoolBasicRelic":0,"theDuelist:CardPoolAddRelic":0,"theDuelist:CardPoolOptionsRelic":0,"Garlic":3,"Chemical X":21,"theDuelist:MillenniumSymbol":5,"theDuelist:CardPoolRelic":0},{"aspiration:Lifesprig":4,"aspiration:RunicSpoon":8,"theDuelist:MillenniumPuzzle":0,"theDuelist:CardPoolSaveRelic":0,"PrismaticShard":9,"theDuelist:BoosterPackPoolRelic":0,"theDuelist:CardPoolMinusRelic":0,"Replay:Baseball":3,"aspiration:EmptySkull":0,"hubris:Icosahedron":1,"Ornamental Fan":6,"theDuelist:CardPoolBasicRelic":0,"theDuelist:CardPoolAddRelic":0,"theDuelist:CardPoolOptionsRelic":0,"Garlic":1,"Chemical X":9,"theDuelist:MillenniumSymbol":2,"theDuelist:CardPoolRelic":0},{"aspiration:Lifesprig":18,"aspiration:RunicSpoon":46,"theDuelist:MillenniumPuzzle":0,"theDuelist:CardPoolSaveRelic":0,"PrismaticShard":50,"theDuelist:BoosterPackPoolRelic":0,"theDuelist:CardPoolMinusRelic":0,"Replay:Baseball":12,"aspiration:EmptySkull":0,"hubris:Icosahedron":4,"Ornamental Fan":30,"theDuelist:CardPoolBasicRelic":0,"theDuelist:CardPoolAddRelic":0,"theDuelist:CardPoolOptionsRelic":0,"Garlic":4,"Chemical X":50,"theDuelist:MillenniumSymbol":8,"theDuelist:CardPoolRelic":0}]},"card_choices":[{"not_picked":["theDuelist:WorldTree","theDuelist:BloomingDarkestRose","theDuelist:SplendidRose"],"picked":"theDuelist:VioletCrystal","floor":1.0},{"not_picked":["theDuelist:CactusBouncer","theDuelist:JerryBeansMan","theDuelist:Firegrass","theDuelist:BotanicalGirl"],"picked":"theDuelist:WhiteRoseDragon","floor":3.0},{"not_picked":["theDuelist:JerryBeansMan","theDuelist:SuperSolarNutrient","theDuelist:PredaplantPterapenthes","theDuelist:CheerfulCoffin"],"picked":"theDuelist:PredaplantChlamydosundew","floor":3.0},{"not_picked":["theDuelist:AcidTrapHole","theDuelist:RagingMadPlants","theDuelist:BotanicalLion","theDuelist:MarkRose"],"picked":"theDuelist:BirdRoses","floor":4.0},{"not_picked":["theDuelist:BlossomBombardment","theDuelist:BeastFangs","theDuelist:RevivalRose","theDuelist:PredaplantChimerafflesia"],"picked":"theDuelist:RoseArcher","floor":7.0},{"not_picked":["theDuelist:BotanicalLion","theDuelist:JerryBeansMan","theDuelist:PredaplantPterapenthes","theDuelist:WormApocalypse"],"picked":"theDuelist:WhiteRoseDragon","floor":10.0},{"not_picked":["theDuelist:Hinotama","theDuelist:ScrapFactory","theDuelist:Raigeki","theDuelist:SmashingGround","theDuelist:SolemnStrike"],"picked":"SKIP","floor":11},{"not_picked":["theDuelist:JerryBeansMan","theDuelist:Invigoration","theDuelist:WormApocalypse","theDuelist:MarkRose"],"picked":"theDuelist:Firegrass","floor":13},{"not_picked":["theDuelist:BotanicalLion","theDuelist:LonefireBlossom","theDuelist:Firegrass","theDuelist:Invigoration"],"picked":"theDuelist:WhiteRoseDragon","floor":14},{"not_picked":["theDuelist:BlossomBombardment","theDuelist:HeartUnderdog","theDuelist:PredaplantChimerafflesia","theDuelist:Gigaplant"],"picked":"theDuelist:RoseArcher","floor":16},{"not_picked":["theDuelist:QueenAngelRoses","theDuelist:Gigaplant"],"picked":"theDuelist:BlackRoseMoonlight+1","floor":18}],"player_experience":1187969,"relics_obtained":[{"floor":3.0,"key":"Garlic"},{"floor":9.0,"key":"Replay:Baseball"},{"floor":10.0,"key":"aspiration:Lifesprig"},{"floor":13,"key":"Ornamental Fan"},{"floor":19,"key":"PrismaticShard"}],"event_choices":[{"damage_healed":0.0,"max_hp_gain":0.0,"max_hp_loss":0.0,"gold_gain":0.0,"event_name":"Millennium Items","player_choice":"Took item - Received: Millennium Symbol","duelist":true,"floor":5.0,"gold_loss":0.0,"damage_taken":0.0},{"damage_healed":0,"gold_gain":0,"player_choice":"Ignored","damage_taken":0,"max_hp_gain":0,"max_hp_loss":0,"event_name":"Vampires","floor":20,"gold_loss":0},{"damage_healed":0,"gold_gain":0,"player_choice":"Bought 3 Potions","damage_taken":0,"max_hp_gain":0,"max_hp_loss":0,"event_name":"The Woman in Blue","floor":22,"gold_loss":0}],"is_beta":false,"boss_relics":[{"not_picked":["Ectoplasm","beaked:MawFillet"],"picked":"aspiration:RunicSpoon"}],"items_purged_floors":[8,21],"is_endless":false,"potions_floor_spawned":[1,7,14],"killed_by":"Book of Stabbing","ascension_level":19}}