{"host":"y76clbnovzmw9ubx","time":1607744469,"event":{"mods":["AchievementEnabler","BaseMod","Minty Spire (QoL Compilation)","Permanent Neow","Relic Stats"],"gold_per_floor":[110,110,126,142,154,179,144,169,169,185,214,214,244,257,257,353,353,388,433,447,91,91,91,144,144,144,199,239,278,328,339,339,471,471,512,558,603,603,15,73,103,103,103,103,167,0,26,41,41,41,41,41,41,68,68],"floor_reached":56,"playtime":8964,"items_purged":["Strike_P","Strike_P"],"score":1869,"play_id":"29e0280b-7104-4c8c-9541-3595cf7d273f","local_time":"20201211224109","is_ascension_mode":true,"campfire_choices":[{"data":"TalkToTheHand","floor":12,"key":"SMITH"},{"data":"SandsOfTime","floor":15,"key":"SMITH"},{"floor":23,"key":"REST"},{"floor":25,"key":"REST"},{"data":"Wish","floor":32,"key":"SMITH"},{"data":"Meditate","floor":42,"key":"SMITH"},{"floor":44,"key":"RECALL"},{"data":"Worship","floor":49,"key":"SMITH"},{"data":"WaveOfTheHand","floor":52,"key":"SMITH"}],"circlet_count":0,"master_deck":["Strike_P","Strike_P","Defend_P","Defend_P","Defend_P","Defend_P","Eruption+1","Vigilance","FlyingSleeves","BowlingBash","Protect","LikeWater","Meditate+1","WaveOfTheHand+1","Wireheading","TalkToTheHand+1","SandsOfTime+1","Wish+1","Wallop","Wallop+1","EmptyFist","SandsOfTime","DeusExMachina","Protect+1","FearNoEvil+1","Conclude","Scrawl","Parasite","Meditate+1","Vault","Crescendo+1","Worship+1","Worship+1","Nirvana+1","TalkToTheHand+1"],"relics":["PureWater","Ornamental Fan","PreservedInsect","Question Card","CaptainsWheel","Singing Bowl","Black Star","Meat on the Bone","Blue Candle","Shuriken","Tiny Chest","Bag of Preparation","Vajra","InkBottle","Philosopher\u0027s Stone","Bottled Lightning","Sundial","WingedGreaves","Nunchaku","Pear","Mummified Hand","Mercury Hourglass","Lantern","Centennial Puzzle","Red Mask","TeardropLocket","Art of War","Kunai","Whetstone"],"acts_visited":["Exordium","TheCity","TheBeyond","TheEnding"],"potions_floor_usage":[8,24,24,30,30,31,35,41,45,50,55,55,55],"damage_taken":[{"damage":1.0,"enemies":"2 Louse","floor":1.0,"turns":2.0},{"damage":0.0,"enemies":"Small Slimes","floor":3.0,"turns":2.0},{"damage":0.0,"enemies":"Jaw Worm","floor":4.0,"turns":3.0},{"damage":2.0,"enemies":"2 Fungi Beasts","floor":5.0,"turns":3.0},{"damage":14.0,"enemies":"3 Sentries","floor":6.0,"turns":15.0},{"damage":0,"enemies":"Lagavulin","floor":8,"turns":4},{"damage":2,"enemies":"Blue Slaver","floor":10,"turns":5},{"damage":15,"enemies":"3 Sentries","floor":11,"turns":9},{"damage":5,"enemies":"Lagavulin","floor":13,"turns":7},{"damage":13,"enemies":"3 Louse","floor":14,"turns":2},{"damage":2,"enemies":"The Guardian","floor":16,"turns":11},{"damage":8,"enemies":"Spheric Guardian","floor":18,"turns":7},{"damage":1,"enemies":"Chosen","floor":19,"turns":7},{"damage":31,"enemies":"Sentry and Sphere","floor":20,"turns":8},{"damage":40,"enemies":"Slavers","floor":24,"turns":9},{"damage":31,"enemies":"Gremlin Leader","floor":27,"turns":6},{"damage":1,"enemies":"Centurion and Healer","floor":28,"turns":7},{"damage":7,"enemies":"Cultist and Chosen","floor":29,"turns":9},{"damage":11,"enemies":"Slavers","floor":30,"turns":9},{"damage":14,"enemies":"Snake Plant","floor":31,"turns":6},{"damage":12,"enemies":"Champ","floor":33,"turns":10},{"damage":6,"enemies":"3 Darklings","floor":35,"turns":6},{"damage":5,"enemies":"3 Shapes","floor":36,"turns":7},{"damage":27,"enemies":"Writhing Mass","floor":37,"turns":11},{"damage":21,"enemies":"Nemesis","floor":40,"turns":7},{"damage":17,"enemies":"Reptomancer","floor":41,"turns":6},{"damage":20,"enemies":"Nemesis","floor":45,"turns":6},{"damage":9,"enemies":"Reptomancer","floor":47,"turns":2},{"damage":0,"enemies":"Transient","floor":48,"turns":6},{"damage":40,"enemies":"Time Eater","floor":50,"turns":7},{"damage":0,"enemies":"Shield and Spear","floor":54,"turns":2},{"damage":48,"enemies":"The Heart","floor":55,"turns":8}],"seed_played":"3004602446071787678","potions_obtained":[{"floor":1.0,"key":"Explosive Potion"},{"floor":6.0,"key":"CultistPotion"},{"floor":8,"key":"Weak Potion"},{"floor":13,"key":"LiquidMemories"},{"floor":16,"key":"SpeedPotion"},{"floor":27,"key":"StancePotion"},{"floor":29,"key":"AttackPotion"},{"floor":30,"key":"Energy Potion"},{"floor":31,"key":"Fruit Juice"},{"floor":35,"key":"LiquidBronze"},{"floor":36,"key":"CultistPotion"},{"floor":41,"key":"Regen Potion"},{"floor":48,"key":"LiquidMemories"},{"floor":54,"key":"Strength Potion"}],"is_trial":false,"path_per_floor":["M","?","M","M","M","E","?","E","T","M","E","R","E","M","R","B",null,"M","M","M","$","?","R","E","R","T","E","M","M","E","M","R","B",null,"M","M","M","?","$","E","E","R","T","R","E","?","E","M","R","B",null,"R","$","E","B",null],"character_chosen":"WATCHER","items_purchased":["Meat on the Bone","EmptyFist","Bottled Lightning","Sundial"],"campfire_rested":2,"item_purchase_floors":[21,21,39,39],"current_hp_per_floor":[64,69,69,69,67,53,72,72,72,70,55,55,52,39,39,37,69,61,62,31,31,31,55,29,53,53,34,47,52,53,51,51,51,77,73,70,55,55,55,46,56,56,56,56,62,62,53,53,53,25,81,81,81,81,45],"gold":68,"neow_bonus":"UPGRADE_CARD","is_daily":false,"chose_seed":false,"campfire_upgraded":6,"win_rate":0.0,"timestamp":1607744469,"path_taken":["M","?","M","M","M","E","?","E","T","M","E","R","E","M","R","BOSS","M","M","M","$","?","R","E","R","T","E","M","M","E","M","R","BOSS","M","M","M","?","$","E","E","R","T","R","E","?","E","M","R","BOSS","R","$","E","BOSS"],"items_purchased_type":["Relic","Card","Relic","Relic"],"build_version":"2020-11-30","purchased_purges":2,"victory":true,"max_hp_per_floor":[72,77,77,77,77,77,77,77,77,77,77,77,79,79,79,79,79,79,81,81,81,81,81,83,83,83,83,85,85,85,85,85,85,85,87,89,89,85,85,85,100,100,100,100,100,100,100,100,100,100,100,100,100,100,100],"relic_stats":{"Singing Bowl":12,"counters":[32,209],"Blue Candle":[4],"PreservedInsect":473,"Bag of Preparation":[32],"Whetstone":["FearNoEvil","Wallop"],"Question Card":24,"Mercury Hourglass":[105],"Nunchaku":[7],"Centennial Puzzle":[8],"Ornamental Fan":[212],"Shuriken":[38],"Sundial":[4],"Mummified Hand":[17],"Tiny Chest":0,"Black Star":8,"Art of War":[3],"Kunai":[3],"obtain_stats":[{"Lantern":45,"Singing Bowl":13,"Vajra":30,"Bag of Preparation":27,"TeardropLocket":47,"Whetstone":54,"Nunchaku":40,"Centennial Puzzle":45,"Sundial":39,"Mummified Hand":41,"Tiny Chest":27,"Philosopher\u0027s Stone":34,"WingedGreaves":40,"Red Mask":46,"Kunai":54,"InkBottle":30,"Pear":41,"Blue Candle":24,"PreservedInsect":8,"Question Card":9,"Mercury Hourglass":43,"CaptainsWheel":11,"Ornamental Fan":6,"Shuriken":24,"Black Star":17,"Art of War":47,"Bottled Lightning":39,"PureWater":0,"Meat on the Bone":21},{"Lantern":27,"Singing Bowl":9,"Vajra":19,"Bag of Preparation":16,"TeardropLocket":28,"Whetstone":31,"Nunchaku":25,"Centennial Puzzle":27,"Sundial":24,"Mummified Hand":26,"Tiny Chest":16,"Philosopher\u0027s Stone":21,"WingedGreaves":25,"Red Mask":27,"Kunai":31,"InkBottle":19,"Pear":26,"Blue Candle":15,"PreservedInsect":6,"Question Card":6,"Mercury Hourglass":26,"CaptainsWheel":8,"Ornamental Fan":5,"Shuriken":15,"Black Star":11,"Art of War":28,"Bottled Lightning":24,"PureWater":0,"Meat on the Bone":14},{"Lantern":184,"Singing Bowl":50,"Vajra":125,"Bag of Preparation":100,"TeardropLocket":186,"Whetstone":201,"Nunchaku":172,"Centennial Puzzle":184,"Sundial":165,"Mummified Hand":178,"Tiny Chest":100,"Philosopher\u0027s Stone":141,"WingedGreaves":172,"Red Mask":184,"Kunai":201,"InkBottle":125,"Pear":178,"Blue Candle":94,"PreservedInsect":29,"Question Card":29,"Mercury Hourglass":178,"CaptainsWheel":43,"Ornamental Fan":25,"Shuriken":94,"Black Star":63,"Art of War":186,"Bottled Lightning":165,"PureWater":0,"Meat on the Bone":85}],"InkBottle":[32],"Meat on the Bone":156},"card_choices":[{"not_picked":["Prostrate","ClearTheMind"],"picked":"FlyingSleeves","floor":1.0},{"not_picked":["FlyingSleeves","BowlingBash","PathToVictory"],"picked":"SKIP","floor":3.0},{"not_picked":["FlyingSleeves","BowlingBash","PathToVictory"],"picked":"SKIP","floor":3.0},{"not_picked":["FlyingSleeves","PathToVictory"],"picked":"BowlingBash","floor":3.0},{"not_picked":["EmptyBody","Swivel"],"picked":"Protect","floor":4.0},{"not_picked":["Devotion","Prostrate"],"picked":"LikeWater","floor":5.0},{"not_picked":["WheelKick","Nirvana"],"picked":"Meditate","floor":6.0},{"not_picked":["CutThroughFate","Pray"],"picked":"WaveOfTheHand","floor":8},{"not_picked":["FlyingSleeves","ReachHeaven","FollowUp"],"picked":"Wireheading","floor":10},{"not_picked":["Perseverance","ClearTheMind","Tantrum"],"picked":"TalkToTheHand","floor":11},{"not_picked":["JustLucky","Evaluate","WreathOfFlame","CutThroughFate"],"picked":"Singing Bowl","floor":13},{"not_picked":["Prostrate","ThirdEye","Collect"],"picked":"SandsOfTime","floor":14},{"not_picked":["Alpha","DeusExMachina","ConjureBlade"],"picked":"Wish","floor":16},{"not_picked":["FlyingSleeves","Prostrate","CrushJoints+1"],"picked":"Wallop","floor":18},{"not_picked":["ThirdEye","FlyingSleeves+1","WreathOfFlame","BowlingBash"],"picked":"Singing Bowl","floor":19},{"not_picked":["FlurryOfBlows","Prostrate","Collect+1"],"picked":"Wallop","floor":20},{"not_picked":["Prostrate","SashWhip","Evaluate+1","Pray+1"],"picked":"Singing Bowl","floor":24},{"not_picked":["SashWhip+1","EmptyBody","PathToVictory"],"picked":"DeusExMachina","floor":27},{"not_picked":["EmptyFist","BattleHymn+1","FollowUp+1","Collect"],"picked":"Singing Bowl","floor":28},{"not_picked":["Study","FlyingSleeves","FollowUp+1"],"picked":"Protect+1","floor":29},{"not_picked":["FlurryOfBlows","Halt+1","Ragnarok"],"picked":"FearNoEvil","floor":30},{"not_picked":["CarveReality","Consecrate","Halt"],"picked":"Conclude","floor":31},{"not_picked":["Brilliance","Blasphemy","Wish"],"picked":"Scrawl","floor":33},{"not_picked":["Pray","Wireheading+1","Nirvana","SashWhip"],"picked":"Singing Bowl","floor":35},{"not_picked":["ThirdEye+1","Halt","CrushJoints","ClearTheMind"],"picked":"Singing Bowl","floor":36},{"not_picked":["ClearTheMind","FlurryOfBlows","WreathOfFlame+1"],"picked":"Meditate+1","floor":37},{"not_picked":["Perseverance+1","SashWhip","Protect+1"],"picked":"Vault","floor":40},{"not_picked":["SashWhip","JustLucky+1","Prostrate"],"picked":"Crescendo+1","floor":41},{"not_picked":["Vengeance","CutThroughFate","FlurryOfBlows"],"picked":"Worship+1","floor":45},{"not_picked":["Vault","ConjureBlade","BowlingBash+1"],"picked":"Worship","floor":47},{"not_picked":["Worship","BattleHymn","SashWhip+1"],"picked":"Nirvana+1","floor":48},{"not_picked":["FollowUp+1","ClearTheMind","Protect+1"],"picked":"TalkToTheHand+1","floor":54}],"player_experience":2812792,"relics_obtained":[{"floor":6.0,"key":"Ornamental Fan"},{"floor":8,"key":"PreservedInsect"},{"floor":9,"key":"Question Card"},{"floor":11,"key":"CaptainsWheel"},{"floor":13,"key":"Singing Bowl"},{"floor":24,"key":"Blue Candle"},{"floor":24,"key":"Shuriken"},{"floor":27,"key":"Tiny Chest"},{"floor":27,"key":"Bag of Preparation"},{"floor":30,"key":"Vajra"},{"floor":30,"key":"InkBottle"},{"floor":40,"key":"WingedGreaves"},{"floor":40,"key":"Nunchaku"},{"floor":41,"key":"Pear"},{"floor":41,"key":"Mummified Hand"},{"floor":43,"key":"Mercury Hourglass"},{"floor":45,"key":"Lantern"},{"floor":45,"key":"Centennial Puzzle"},{"floor":47,"key":"TeardropLocket"},{"floor":47,"key":"Art of War"},{"floor":54,"key":"Kunai"},{"floor":54,"key":"Whetstone"}],"event_choices":[{"damage_healed":0.0,"max_hp_gain":5.0,"max_hp_loss":0.0,"gold_gain":0.0,"event_name":"Big Fish","player_choice":"Donut","floor":2.0,"gold_loss":0.0,"damage_taken":0.0},{"damage_healed":19.0,"max_hp_gain":0.0,"max_hp_loss":0.0,"gold_gain":0.0,"event_name":"The Cleric","player_choice":"Healed","floor":7.0,"gold_loss":35.0,"damage_taken":0.0},{"damage_healed":0,"gold_gain":0,"player_choice":"Read","damage_taken":0,"max_hp_gain":0,"max_hp_loss":0,"event_name":"The Library","floor":22,"gold_loss":0,"cards_obtained":["SandsOfTime"]},{"damage_healed":0,"gold_gain":0,"player_choice":"Max HP","damage_taken":0,"max_hp_gain":0,"max_hp_loss":4,"event_name":"Winding Halls","floor":38,"gold_loss":0},{"damage_healed":0,"gold_gain":0,"player_choice":"Paid","damage_taken":0,"relics_obtained":["Red Mask"],"max_hp_gain":0,"max_hp_loss":0,"event_name":"Tomb of Lord Red Mask","floor":46,"gold_loss":167}],"is_beta":false,"boss_relics":[{"not_picked":["Calling Bell","Empty Cage"],"picked":"Black Star"},{"not_picked":["Velvet Choker","HolyWater"],"picked":"Philosopher\u0027s Stone"}],"items_purged_floors":[21,39],"is_endless":false,"potions_floor_spawned":[1,6,8,13,16,20,27,29,30,31,35,36,37,41,48,54],"ascension_level":7}}