{"host":"91n1pc4te07j54gv","time":1607747996,"event":{"mods":["BaseMod","BetterRewards","Colored Powertips","Downfall","Highlight Path","Infinite Spire","Minty Spire (QoL Compilation)","Quick Restart","Relic Filter","Relic Stats","Replay The Spire","Spicy Shops","StSLib"],"gold_per_floor":[109,119,119,119,119,149,163,163,163,176,192,219,230,264,264,360,360,376,388,388,388],"floor_reached":20,"playtime":780,"items_purged":[],"score":369,"play_id":"37a7442b-f958-40ea-9b8b-bfdfa9828fc1","local_time":"20201212123956","is_ascension_mode":true,"campfire_choices":[{"floor":15.0,"key":"REST"}],"circlet_count":0,"master_deck":["AscendersBane","Strike_B","Strike_B","Strike_B","Strike_B","Defend_B","Defend_B","Defend_B","Defend_B","Zap","Dualcast","Cold Snap","Heatsinks","Chaos","Echo Form","Ball Lightning","White Noise","Creative AI","Loop","Ball Lightning","Meteor Strike","Recycle","Panic Button+1"],"relics":["Cracked Core","NeowsBlessing","FossilizedHelix","Vajra","Tiny Chest","Question Card","The Courier","Garlic","Coffee Dripper"],"acts_visited":["Exordium","TheCity"],"potions_floor_usage":[20],"damage_taken":[{"damage":0.0,"enemies":"Jaw Worm","floor":1.0,"turns":1.0},{"damage":0.0,"enemies":"Small Slimes","floor":2.0,"turns":1.0},{"damage":0.0,"enemies":"Gremlin Nob","floor":6.0,"turns":1.0},{"damage":0.0,"enemies":"2 Louse","floor":7.0,"turns":2.0},{"damage":22.0,"enemies":"Exordium Thugs","floor":10.0,"turns":5.0},{"damage":8.0,"enemies":"Large Slime","floor":11.0,"turns":5.0},{"damage":23.0,"enemies":"3 Sentries","floor":12.0,"turns":5.0},{"damage":11.0,"enemies":"Looter","floor":13.0,"turns":3.0},{"damage":0.0,"enemies":"Lagavulin","floor":14.0,"turns":9.0},{"damage":24.0,"enemies":"Hexaghost","floor":16.0,"turns":9.0},{"damage":18.0,"enemies":"Chosen","floor":18.0,"turns":6.0},{"damage":17.0,"enemies":"2 Thieves","floor":19.0,"turns":4.0},{"damage":18,"enemies":"Snake Plant","floor":20,"turns":4}],"seed_played":"-3553671312575328374","potions_obtained":[{"floor":10.0,"key":"Strength Potion"},{"floor":11.0,"key":"Energy Potion"},{"floor":13.0,"key":"SpeedPotion"},{"floor":16.0,"key":"GamblersBrew"}],"is_trial":false,"path_per_floor":["M","M","?","?","T","E","M","?","T","M","M","E","M","E","R","B",null,"M","M","M"],"character_chosen":"DEFECT","items_purchased":[],"campfire_rested":1,"item_purchase_floors":[],"current_hp_per_floor":[68,68,68,68,68,68,68,68,68,46,38,15,4,4,26,2,57,39,22,4,4],"gold":388,"neow_bonus":"THREE_ENEMY_KILL","is_daily":false,"chose_seed":false,"campfire_upgraded":0,"win_rate":0.0,"timestamp":1607747996,"path_taken":["M","M","?","?","?","E","M","?","T","M","M","E","M","E","R","BOSS","M","M","M"],"items_purchased_type":[],"build_version":"2020-11-30","purchased_purges":0,"victory":false,"max_hp_per_floor":[75,75,75,75,75,75,75,75,75,75,75,75,75,75,75,75,75,75,75,75,75],"relic_stats":{"counters":[13,54],"Tiny Chest":0,"Question Card":10,"obtain_stats":[{"NeowsBlessing":0,"Vajra":4,"Tiny Chest":6,"The Courier":12,"Garlic":14,"Coffee Dripper":17,"Cracked Core":0,"Question Card":9,"FossilizedHelix":3},{"NeowsBlessing":0,"Vajra":2,"Tiny Chest":3,"The Courier":7,"Garlic":9,"Coffee Dripper":10,"Cracked Core":0,"Question Card":4,"FossilizedHelix":2},{"NeowsBlessing":0,"Vajra":2,"Tiny Chest":3,"The Courier":20,"Garlic":31,"Coffee Dripper":40,"Cracked Core":0,"Question Card":5,"FossilizedHelix":2}]},"card_choices":[{"not_picked":["Go for the Eyes","Stack"],"picked":"Cold Snap","floor":1.0},{"not_picked":["Redo","Go for the Eyes"],"picked":"Heatsinks","floor":2.0},{"not_picked":["Aggregate","Beam Cell"],"picked":"Chaos","floor":6.0},{"not_picked":["Go for the Eyes","Redo"],"picked":"Echo Form","floor":7.0},{"not_picked":["Sweeping Beam","Streamline","Chaos"],"picked":"Ball Lightning","floor":10.0},{"not_picked":["Cold Snap","Sweeping Beam","Chill"],"picked":"White Noise","floor":11.0},{"not_picked":["Leap","Coolheaded","BasicCrystalCard"],"picked":"Creative AI","floor":12.0},{"not_picked":["Melter","Barrage","ReplayRNGCard"],"picked":"Loop","floor":13.0},{"not_picked":["All For One","Panic Button","Gash"],"picked":"Ball Lightning","floor":14.0},{"not_picked":["Core Surge","Reboot","ReplayTheSpireMod:Omega Cannon"],"picked":"Meteor Strike","floor":16.0},{"not_picked":["Tempest","Gash","Conserve Battery+1"],"picked":"Recycle","floor":18.0},{"not_picked":["Stack+1","BasicCrystalCard+1","Barrage"],"picked":"Panic Button+1","floor":19.0}],"player_experience":940648,"relics_obtained":[{"floor":4.0,"key":"Vajra"},{"floor":6.0,"key":"Tiny Chest"},{"floor":9.0,"key":"Question Card"},{"floor":12.0,"key":"The Courier"},{"floor":14.0,"key":"Garlic"}],"event_choices":[{"damage_healed":0.0,"max_hp_gain":0.0,"max_hp_loss":0.0,"gold_gain":0.0,"event_name":"Big Fish","player_choice":"Box","floor":3.0,"gold_loss":0.0,"damage_taken":0.0,"relics_obtained":["FossilizedHelix"],"cards_obtained":["Regret"]},{"cards_removed":["Regret"],"damage_healed":0.0,"max_hp_gain":0.0,"max_hp_loss":0.0,"gold_gain":0.0,"event_name":"Living Wall","player_choice":"Forget","floor":8.0,"gold_loss":0.0,"damage_taken":0.0}],"is_beta":false,"boss_relics":[{"not_picked":["Busted Crown","Philosopher\u0027s Stone"],"picked":"Coffee Dripper"}],"items_purged_floors":[],"is_endless":false,"potions_floor_spawned":[10,11,13,16],"killed_by":"Snake Plant","ascension_level":10}}