{"host":"1rf9pknejqhzkc4o","time":1607792713,"event":{"mods":["Aspiration","BaseMod","Better Altar","Better Match","Better Note","Better Sensory Stone","Better Skull","Better Third Choice","Colored Map","Colored Powertips","Communication Mod","Conspire","Energized Spire","Hubris","Ironclad Rager","Minty Spire (QoL Compilation)","Quick Restart","RNG Fix","Rare Cards Sparkle","Relic Stats","Replay The Spire","Retaliation","Spicy Shops","StSLib","The Blue Laboratory","Trackpad"],"gold_per_floor":[114,114,114,8,0,0,35,47,118,129,147,147,147,162,162,267,267,277,297,297,314,324,324,21,26,49,2,2,21,34,49,49,147,147,166,466,478,492,510,510,545,545,572,572,590,590,600,618,618,618,618],"floor_reached":50,"playtime":3170,"items_purged":["hubris:Compulsion"],"score":653,"play_id":"4c0fe656-be66-4a55-8c92-f16760f82300","local_time":"20201212200513","is_ascension_mode":false,"campfire_choices":[{"data":"Eruption","floor":6.0,"key":"SMITH"},{"data":"FollowUp","floor":12.0,"key":"SMITH"},{"data":"Collect","floor":15.0,"key":"SMITH"},{"floor":23,"key":"REST"},{"floor":28,"key":"REST"},{"floor":32,"key":"REST"},{"floor":40,"key":"REST"},{"floor":42,"key":"REST"},{"data":"Double Energy","floor":44,"key":"SMITH"},{"data":"Double Energy","floor":46,"key":"SMITH"},{"floor":49,"key":"REST"}],"circlet_count":0,"master_deck":["Eruption+1","Vigilance+1","ICR:DragonStrike","ICR:DragonStrike","ICR:DragonStrike","ICR:DragonStrike","ICR:CraneWing","ICR:CraneWing","ICR:CraneWing","ICR:CraneWing","FollowUp","FollowUp+1","Collect+1","FlyingSleeves","FollowUp","Protect","Specialist+1","Replay:LoomingThreat","Conserve Battery","Turbo+1","ForeignInfluence","FlyingSleeves","Double Energy+1","Double Energy+1","BowlingBash","Reinforced Body","BattleHymn","CrushJoints","SpiritShield","CrushJoints+1","Prostrate","ClearTheMind+1","SashWhip+1","ReachHeaven","Turbo+1","Tempest+1","Redo","Turbo+1","Gash+1","Leap","BowlingBash+1","Beam Cell+1","Loop","Cold Snap","aspiration:Polymerization+1","Turbo+1","ForeignInfluence","Self Repair"],"relics":["PureWater","ReplayFunnel","trackpad:GuardianSpirit","aspiration:DefectSkillbook","GremlinMask","trackpad:PocketGalaxy","Toolbox","ReplayTheSpireMod:CursedCoin","Anchor","Prayer Wheel","conspire:RunicOctahedron","Prayer Wheel","ReplayTheSpireMod:Shallot","Simple Rune"],"acts_visited":["Exordium","TheCity","TheBeyond"],"potions_floor_usage":[33,50,50],"damage_taken":[{"damage":0.0,"enemies":"Small Slimes","floor":1.0,"turns":4.0},{"damage":6.0,"enemies":"3 Sentries","floor":7.0,"turns":4.0},{"damage":0.0,"enemies":"2 Louse","floor":8.0,"turns":2.0},{"damage":0.0,"enemies":"Cultist","floor":10.0,"turns":2.0},{"damage":9.0,"enemies":"Lots of Slimes","floor":11.0,"turns":4.0},{"damage":0.0,"enemies":"3 Louse","floor":14.0,"turns":2.0},{"damage":0.0,"enemies":"Slime Boss","floor":16.0,"turns":3.0},{"damage":1.0,"enemies":"Spheric Guardian","floor":18.0,"turns":3.0},{"damage":35.0,"enemies":"3 Byrds","floor":19.0,"turns":6.0},{"damage":10,"enemies":"3 Cultists","floor":21,"turns":7},{"damage":31,"enemies":"Snake Plant","floor":22,"turns":3},{"damage":28,"enemies":"Shelled Parasite and Fungi","floor":29,"turns":5},{"damage":0,"enemies":"Centurion and Healer","floor":30,"turns":5},{"damage":6,"enemies":"Sentry and Sphere","floor":31,"turns":5},{"damage":20,"enemies":"hubris:MusketHawk","floor":33,"turns":6},{"damage":4,"enemies":"Orb Walker","floor":35,"turns":3},{"damage":0,"enemies":"3 Shapes","floor":37,"turns":2},{"damage":11,"enemies":"Writhing Mass","floor":38,"turns":5},{"damage":0,"enemies":"Transient","floor":39,"turns":5},{"damage":33,"enemies":"Nemesis","floor":41,"turns":7},{"damage":0,"enemies":"Maw","floor":45,"turns":6},{"damage":83,"enemies":"4 Shapes","floor":47,"turns":4},{"damage":14,"enemies":"Spire Growth","floor":48,"turns":4},{"damage":33,"enemies":"conspire:OrnateMirror","floor":50,"turns":2}],"seed_played":"-6733008701744096185","potions_obtained":[{"floor":22,"key":"Weak Potion"},{"floor":33,"key":"Toxic Potion"},{"floor":47,"key":"blueLaboratory:Moonshine"}],"is_trial":false,"path_per_floor":["M","?","?","$","$","R","E","M","T","M","M","R","?","M","R","B",null,"M","M","?","M","M","R","$","$","T","$","R","M","M","M","R","B",null,"M","?","M","M","M","R","E","R","T","R","M","R","M","M","R","B"],"character_chosen":"WATCHER","items_purchased":["FollowUp","Blind","Double Energy","trackpad:PocketGalaxy","Toolbox","ReplayTheSpireMod:CursedCoin","Double Energy","BowlingBash"],"campfire_rested":6,"item_purchase_floors":[4,5,24,24,24,25,25,27],"current_hp_per_floor":[72,72,72,72,72,72,66,66,66,66,57,57,57,57,57,57,72,71,36,36,26,21,42,42,42,42,42,63,35,35,29,50,30,72,68,68,68,57,57,72,39,60,60,60,60,60,21,7,28,0,0],"gold":618,"neow_bonus":"WATCHER_MONK","is_daily":false,"chose_seed":false,"campfire_upgraded":5,"win_rate":0.0,"timestamp":1607792713,"path_taken":["M","?","?","?","$","R","E","M","T","M","?","R","?","M","R","BOSS","M","?","?","M","M","R","?","$","T","$","R","M","M","M","R","BOSS","M","?","?","M","M","R","E","R","T","R","M","R","M","M","R","BOSS"],"items_purchased_type":["Card","Card","Card","Relic","Relic","Relic","Card","Card"],"build_version":"2020-11-30","purchased_purges":1,"victory":false,"max_hp_per_floor":[72,72,72,72,72,72,72,72,72,72,72,72,72,72,72,72,72,72,72,72,72,72,72,72,72,72,72,72,72,72,72,72,72,72,72,72,72,72,72,72,72,72,72,72,72,72,72,72,72,72,72],"relic_stats":{"counters":[24,97],"Prayer Wheel":9,"obtain_stats":[{"ReplayFunnel":7,"trackpad:GuardianSpirit":9,"ReplayTheSpireMod:CursedCoin":25,"GremlinMask":20,"conspire:RunicOctahedron":34,"trackpad:PocketGalaxy":24,"Anchor":26,"aspiration:DefectSkillbook":17,"ReplayTheSpireMod:Shallot":41,"Toolbox":24,"Prayer Wheel":30,"Simple Rune":43,"PureWater":0},{"ReplayFunnel":2,"trackpad:GuardianSpirit":3,"ReplayTheSpireMod:CursedCoin":11,"GremlinMask":9,"conspire:RunicOctahedron":15,"trackpad:PocketGalaxy":11,"Anchor":11,"aspiration:DefectSkillbook":7,"ReplayTheSpireMod:Shallot":20,"Toolbox":11,"Prayer Wheel":13,"Simple Rune":20,"PureWater":0},{"ReplayFunnel":8,"trackpad:GuardianSpirit":10,"ReplayTheSpireMod:CursedCoin":39,"GremlinMask":30,"conspire:RunicOctahedron":60,"trackpad:PocketGalaxy":39,"Anchor":39,"aspiration:DefectSkillbook":21,"ReplayTheSpireMod:Shallot":81,"Toolbox":39,"Prayer Wheel":47,"Simple Rune":81,"PureWater":0}]},"card_choices":[{"not_picked":["JustLucky","FlurryOfBlows"],"picked":"FollowUp","floor":1.0},{"not_picked":["Replay:AtTheReady","Halt"],"picked":"Collect","floor":7.0},{"not_picked":["ThirdEye","CutThroughFate"],"picked":"FlyingSleeves","floor":8.0},{"not_picked":["Halt","Replay:Anticipation"],"picked":"FollowUp","floor":10.0},{"not_picked":["WaveOfTheHand","EmptyFist"],"picked":"Protect","floor":11.0},{"not_picked":["Replay:Battleflow","Evaluate","Protect"],"picked":"SKIP","floor":14.0},{"not_picked":["Replay:AllIn","DeusExMachina"],"picked":"Replay:LoomingThreat","floor":16.0},{"not_picked":["Halt","Gash","Sweeping Beam"],"picked":"Conserve Battery","floor":18.0},{"not_picked":["ReplayTheSpireMod:Calculation Training+1","Halt","Crystallizer"],"picked":"Turbo+1","floor":19.0},{"not_picked":["BowlingBash","Crystallizer","EmptyFist+1"],"picked":"ForeignInfluence","floor":21},{"not_picked":["Go for the Eyes","Evaluate","Stack"],"picked":"FlyingSleeves","floor":22},{"not_picked":["Replay:BluntJabs+1","Crescendo","Turbo+1"],"picked":"Reinforced Body","floor":29},{"not_picked":["Streamline","Crescendo","ThirdEye+1"],"picked":"BattleHymn","floor":30},{"not_picked":["Seek","Steam+1","FIFO Queue+1","Study"],"picked":"SKIP","floor":30},{"not_picked":["Crescendo","ThirdEye+1","Replay:BluntJabs"],"picked":"CrushJoints","floor":31},{"not_picked":["FIFO Queue","BasicCrystalCard+1","Compile Driver+1","Replay:ManipulateFuture"],"picked":"SKIP","floor":31},{"not_picked":["Fission","Judgement","Machine Learning"],"picked":"SpiritShield","floor":33},{"not_picked":["conspire:Rain","Protect","BattleHymn"],"picked":"CrushJoints+1","floor":35},{"not_picked":["Halt","Thunder Strike","Ball Lightning+1"],"picked":"Prostrate","floor":35},{"not_picked":["TalkToTheHand","Worship+1","Evaluate+1","Gash"],"picked":"SKIP","floor":35},{"not_picked":["Panic Button","Replay:BluntJabs+1","ReplayTheSpireMod:Repulse"],"picked":"ClearTheMind+1","floor":37},{"not_picked":["Replay:Battleflow","Coolheaded","Genetic Algorithm+1"],"picked":"SashWhip+1","floor":37},{"not_picked":["Stack","Lockon","Gash+1"],"picked":"ReachHeaven","floor":37},{"not_picked":["Auto Shields+1","BasicCrystalCard","BowlingBash"],"picked":"Turbo+1","floor":38},{"not_picked":["PathToVictory","hubris:Prefetch","SashWhip+1"],"picked":"Tempest+1","floor":38},{"not_picked":["Panic Button","Fusion+1","Genetic Algorithm+1"],"picked":"Redo","floor":38},{"not_picked":["Steam","SandsOfTime","Cold Snap"],"picked":"Turbo+1","floor":39},{"not_picked":["Redo","Tempest","ReachHeaven+1"],"picked":"Gash+1","floor":39},{"not_picked":["ThirdEye","Redo+1","FollowUp"],"picked":"Leap","floor":39},{"not_picked":["Omniscience","Streamline+1","CutThroughFate+1"],"picked":"BowlingBash+1","floor":41},{"not_picked":["Leap","Thunder Strike","Halt+1"],"picked":"Beam Cell+1","floor":45},{"not_picked":["Halt","Replay:AtTheReady","Stack+1","WindmillStrike+1"],"picked":"SKIP","floor":45},{"not_picked":["Adaptation","Hologram","ThirdEye+1","Evaluate+1"],"picked":"SKIP","floor":45},{"not_picked":["Stack","Sanctity+1","Halt+1"],"picked":"Loop","floor":47},{"not_picked":["Evaluate+1","EmptyBody","Doom and Gloom"],"picked":"Cold Snap","floor":47},{"not_picked":["Crescendo+1","ThirdEye","Protect+1"],"picked":"aspiration:Polymerization+1","floor":47},{"not_picked":["Pray+1","Beam Cell","Blasphemy"],"picked":"Turbo+1","floor":48},{"not_picked":["BowlingBash","JustLucky","Capacitor"],"picked":"ForeignInfluence","floor":48},{"not_picked":["MentalFortress","Coolheaded","ThirdEye"],"picked":"Self Repair","floor":48}],"player_experience":125820,"relics_obtained":[{"floor":7.0,"key":"ReplayFunnel"},{"floor":9.0,"key":"trackpad:GuardianSpirit"},{"floor":26,"key":"Anchor"},{"floor":41,"key":"ReplayTheSpireMod:Shallot"},{"floor":43,"key":"Simple Rune"}],"event_choices":[{"damage_healed":0.0,"max_hp_gain":0.0,"max_hp_loss":0.0,"gold_gain":0.0,"event_name":"Living Wall","player_choice":"Grow","floor":2.0,"gold_loss":0.0,"damage_taken":0.0,"cards_upgraded":["Vigilance"]},{"damage_healed":0.0,"max_hp_gain":0.0,"max_hp_loss":0.0,"gold_gain":0.0,"event_name":"The Cleric","player_choice":"Leave","floor":3.0,"gold_loss":0.0,"damage_taken":0.0},{"damage_healed":0.0,"max_hp_gain":0.0,"max_hp_loss":0.0,"gold_gain":0.0,"event_name":"FaceTrader","player_choice":"Trade","floor":20.0,"gold_loss":0.0,"damage_taken":0.0,"relics_obtained":["GremlinMask"]},{"damage_healed":0,"gold_gain":300,"player_choice":"Gold","damage_taken":0,"max_hp_gain":0,"max_hp_loss":0,"event_name":"Wheel of Change","floor":36,"gold_loss":0}],"is_beta":false,"boss_relics":[{"not_picked":["Cursed Key","hubris:BlackHole"],"picked":"aspiration:DefectSkillbook"},{"not_picked":["aspiration:FutureDiary","conspire:RoyalGoblet"],"picked":"conspire:RunicOctahedron"}],"items_purged_floors":[25],"is_endless":false,"potions_floor_spawned":[10,11,18,22,30,33,35,45,47],"killed_by":"conspire:OrnateMirror","ascension_level":0}}