{"host":"w4b7hmige5bnqipq","time":1607733469,"event":{"mods":["BaseMod","Minty Spire (QoL Compilation)","Rare Cards Sparkle","SuperFastMode","everything is the same but u backflip on backflip","slay the spire mod where everything is the same but ironclad has a cowboy hat"],"gold_per_floor":[113,38,38,188,208,208,242,242,268,294,313,263,282,298,298,373,373,393,57,34,44,64,64,64,64,88,115,65,65,65,85,85,85,85],"floor_reached":33,"playtime":1044,"items_purged":["Strike_G","Doubt"],"score":600,"play_id":"e0bb2228-c656-4287-adb8-13088e689162","local_time":"20201212093749","is_ascension_mode":true,"campfire_choices":[{"data":"Bane","floor":8.0,"key":"SMITH"},{"floor":15.0,"key":"REST"},{"floor":23.0,"key":"REST"},{"floor":25.0,"key":"REST"},{"data":"Adrenaline","floor":30.0,"key":"SMITH"},{"data":"Footwork","floor":32,"key":"SMITH"}],"circlet_count":0,"master_deck":["AscendersBane","Strike_G+1","Strike_G+1","Strike_G+1","Strike_G+1","Defend_G+1","Defend_G+1","Defend_G+1","Defend_G+1","Survivor","Neutralize","Backflip","Dagger Throw","Bane+1","After Image","Calculated Gamble","Backstab","Well Laid Plans","Backflip","Bouncing Flask","Adrenaline+1","CurseOfTheBell","Footwork+1","Blur","Accuracy","Reflex","Calculated Gamble","Blade Dance","Prepared","Terror","Sucker Punch+1","Storm of Steel"],"relics":["Ring of the Snake","NeowsBlessing","Torii","Pen Nib","Prayer Wheel","Calling Bell","Strawberry","Kunai","Calipers","TwistedFunnel","Smiling Mask","Pantograph"],"acts_visited":["Exordium","TheCity"],"potions_floor_usage":[33],"damage_taken":[{"damage":0.0,"enemies":"Jaw Worm","floor":1.0,"turns":1.0},{"damage":0.0,"enemies":"2 Louse","floor":5.0,"turns":1.0},{"damage":0.0,"enemies":"Lagavulin","floor":7.0,"turns":1.0},{"damage":42.0,"enemies":"3 Sentries","floor":10.0,"turns":11.0},{"damage":8.0,"enemies":"Small Slimes","floor":11.0,"turns":3.0},{"damage":1.0,"enemies":"Blue Slaver","floor":13.0,"turns":3.0},{"damage":2.0,"enemies":"2 Fungi Beasts","floor":14.0,"turns":4.0},{"damage":2.0,"enemies":"The Guardian","floor":16.0,"turns":10.0},{"damage":12.0,"enemies":"Shell Parasite","floor":18.0,"turns":6.0},{"damage":2.0,"enemies":"2 Thieves","floor":20.0,"turns":4.0},{"damage":9.0,"enemies":"Sentry and Sphere","floor":21.0,"turns":12.0},{"damage":41.0,"enemies":"Cultist and Chosen","floor":22.0,"turns":9.0},{"damage":24.0,"enemies":"Slavers","floor":27.0,"turns":4.0},{"damage":2,"enemies":"Centurion and Healer","floor":31,"turns":6},{"damage":58,"enemies":"Collector","floor":33,"turns":9}],"seed_played":"-4918473649278953260","potions_obtained":[{"floor":7.0,"key":"LiquidBronze"},{"floor":11.0,"key":"DuplicationPotion"},{"floor":13.0,"key":"BlessingOfTheForge"},{"floor":21.0,"key":"Explosive Potion"},{"floor":22.0,"key":"Poison Potion"},{"floor":31,"key":"ColorlessPotion"}],"is_trial":false,"path_per_floor":["M","$","?","?","M","?","E","R","T","E","M","?","M","M","R","B",null,"M","$","M","M","M","R","?","R","T","E","$","?","R","M","R","B"],"character_chosen":"THE_SILENT","items_purchased":["Accuracy","Reflex","TwistedFunnel"],"campfire_rested":3,"item_purchase_floors":[19,19,19],"current_hp_per_floor":[59,59,52,52,52,57,57,57,57,15,7,7,6,4,25,23,66,54,54,52,43,2,25,25,48,48,24,24,24,24,22,22,0,0],"gold":85,"neow_bonus":"THREE_ENEMY_KILL","is_daily":false,"chose_seed":false,"campfire_upgraded":3,"win_rate":0.0,"timestamp":1607733469,"path_taken":["M","$","?","?","M","?","E","R","T","E","M","?","M","M","R","BOSS","M","$","M","M","M","R","?","R","T","E","$","?","R","M","R","BOSS"],"items_purchased_type":["Card","Card","Relic"],"build_version":"2020-11-30","purchased_purges":2,"victory":false,"max_hp_per_floor":[66,66,66,66,66,71,71,71,71,71,71,71,71,71,71,71,78,78,78,78,78,78,78,78,78,78,78,78,78,78,78,78,78,78],"card_choices":[{"not_picked":["Calculated Gamble","Distraction"],"picked":"Backflip","floor":1.0},{"not_picked":["Cloak And Dagger","Finisher"],"picked":"Dagger Throw","floor":5.0},{"not_picked":["Dagger Throw","Heel Hook"],"picked":"Bane","floor":7.0},{"not_picked":["Sucker Punch","Poisoned Stab"],"picked":"After Image","floor":10.0},{"not_picked":["Dagger Throw","Deadly Poison"],"picked":"Calculated Gamble","floor":11.0},{"not_picked":["Blade Dance","Flying Knee"],"picked":"Backstab","floor":11.0},{"not_picked":["Sucker Punch","Blade Dance"],"picked":"Well Laid Plans","floor":13.0},{"not_picked":["Outmaneuver","Setup"],"picked":"Backflip","floor":13.0},{"not_picked":["Backflip","Quick Slash"],"picked":"Bouncing Flask","floor":14.0},{"not_picked":["Concentrate","Backstab","Flying Knee"],"picked":"SKIP","floor":14.0},{"not_picked":["Bullet Time","Venomology"],"picked":"Adrenaline","floor":16.0},{"not_picked":["Dagger Spray","Blade Dance"],"picked":"Footwork","floor":18.0},{"not_picked":["Deflect","Leg Sweep"],"picked":"Blur","floor":18.0},{"not_picked":["Masterful Stab","Cloak And Dagger"],"picked":"Calculated Gamble","floor":20.0},{"not_picked":["Backflip","Dodge and Roll","PiercingWail"],"picked":"SKIP","floor":20.0},{"not_picked":["Caltrops","All Out Attack"],"picked":"Blade Dance","floor":21.0},{"not_picked":["Underhanded Strike","Deadly Poison"],"picked":"Prepared","floor":21.0},{"not_picked":["Dagger Spray","Slice"],"picked":"Terror","floor":22.0},{"not_picked":["Predator","Heel Hook"],"picked":"Sucker Punch+1","floor":22.0},{"not_picked":["Outmaneuver","Underhanded Strike","Storm of Steel"],"picked":"SKIP","floor":27.0},{"not_picked":["Outmaneuver","Underhanded Strike"],"picked":"Storm of Steel","floor":27.0},{"not_picked":["Riddle With Holes","Reflex","Bane"],"picked":"SKIP","floor":31},{"not_picked":["Concentrate","Deadly Poison","Predator"],"picked":"SKIP","floor":31}],"player_experience":377464,"relics_obtained":[{"floor":7.0,"key":"Torii"},{"floor":9.0,"key":"Pen Nib"},{"floor":10.0,"key":"Prayer Wheel"},{"floor":17.0,"key":"Strawberry"},{"floor":17.0,"key":"Kunai"},{"floor":17.0,"key":"Calipers"},{"floor":26.0,"key":"Smiling Mask"},{"floor":27.0,"key":"Pantograph"}],"event_choices":[{"cards_removed":["Defend_G"],"damage_healed":0.0,"max_hp_gain":0.0,"max_hp_loss":0.0,"gold_gain":0.0,"event_name":"Golden Wing","player_choice":"Card Removal","floor":3.0,"gold_loss":0.0,"damage_taken":7.0},{"damage_healed":0.0,"max_hp_gain":0.0,"max_hp_loss":0.0,"gold_gain":150.0,"event_name":"Liars Game","player_choice":"AGREE","floor":4.0,"gold_loss":0.0,"damage_taken":0.0,"cards_obtained":["Doubt"]},{"damage_healed":0.0,"max_hp_gain":5.0,"max_hp_loss":0.0,"gold_gain":0.0,"event_name":"Big Fish","player_choice":"Donut","floor":6.0,"gold_loss":0.0,"damage_taken":0.0},{"damage_healed":0.0,"max_hp_gain":0.0,"max_hp_loss":0.0,"gold_gain":0.0,"event_name":"World of Goop","player_choice":"Left Gold","floor":12.0,"gold_loss":50.0,"damage_taken":0.0},{"damage_healed":0.0,"max_hp_gain":0.0,"max_hp_loss":0.0,"gold_gain":0.0,"event_name":"Back to Basics","player_choice":"Simplicity","floor":24.0,"gold_loss":0.0,"damage_taken":0.0,"cards_upgraded":["Strike_G","Strike_G","Strike_G","Strike_G","Defend_G","Defend_G","Defend_G","Defend_G"]},{"damage_healed":0.0,"max_hp_gain":0.0,"max_hp_loss":0.0,"gold_gain":0.0,"event_name":"The Mausoleum","player_choice":"Ignored","floor":29.0,"gold_loss":0.0,"damage_taken":0.0}],"is_beta":false,"boss_relics":[{"not_picked":["Philosopher\u0027s Stone","Pandora\u0027s Box"],"picked":"Calling Bell"}],"items_purged_floors":[2,28],"is_endless":false,"potions_floor_spawned":[7,11,13,21,22,31],"killed_by":"Collector","ascension_level":20}}