{"host":"thn8o1tmql8xszd5","time":1607748420,"event":{"mods":["AchievementEnabler","BaseMod","Block Reminder","Colored Map","Highlight Path","Minty Spire (QoL Compilation)","Quick Restart","Relic Stats","Robot Space Explorer","StSLib"],"gold_per_floor":[116,191,210,228,13,38,51,51,51,21,21,32,32,107,107,208,208,223,223,238,257,277,277,303,303,330,107,120,148,164,179,179,277,277,294,344,393,25,42,42,68,68,92,92,102,113,124,143,143,143],"floor_reached":51,"playtime":3139,"items_purged":["RobotSpaceExplorer:Strike","RobotSpaceExplorer:SurgingShield+1","RobotSpaceExplorer:Scan"],"score":746,"play_id":"8021ee88-34a0-4d6c-bf74-0bd4c2fe7682","local_time":"20201211234700","is_ascension_mode":false,"campfire_choices":[{"data":"RobotSpaceExplorer:MakeshiftVolley","floor":8,"key":"SMITH"},{"data":"RobotSpaceExplorer:MiniLasers","floor":11,"key":"SMITH"},{"data":"RobotSpaceExplorer:Counterblock","floor":13,"key":"SMITH"},{"data":"Swift Strike","floor":15,"key":"SMITH"},{"data":"RobotSpaceExplorer:PowerGlove","floor":23,"key":"SMITH"},{"data":"RobotSpaceExplorer:ShockMissile","floor":25,"key":"SMITH"},{"data":"RobotSpaceExplorer:Accelerator","floor":32,"key":"SMITH"},{"data":"RobotSpaceExplorer:ShockMissile","floor":40,"key":"SMITH"},{"data":"RobotSpaceExplorer:LuckyStrike","floor":42,"key":"SMITH"},{"floor":49,"key":"REST"}],"circlet_count":0,"master_deck":["RobotSpaceExplorer:Strike+1","RobotSpaceExplorer:Strike+1","RobotSpaceExplorer:Strike+1","RobotSpaceExplorer:Defend+1","RobotSpaceExplorer:Defend+1","RobotSpaceExplorer:Defend+1","RobotSpaceExplorer:Defend+1","RobotSpaceExplorer:MiniLasers+1","RobotSpaceExplorer:PowerGlove+1","RobotSpaceExplorer:MakeshiftVolley+1","RobotSpaceExplorer:StunGrenade","RobotSpaceExplorer:Counterblock+1","Swift Strike+1","RobotSpaceExplorer:BigMissile","RobotSpaceExplorer:ShockMissile+1","RobotSpaceExplorer:LuckyStrike+1","RobotSpaceExplorer:FranticSearch+1","RobotSpaceExplorer:ScrapMissile","RobotSpaceExplorer:FreezingShield+1","RobotSpaceExplorer:Accelerator+1","RobotSpaceExplorer:Probe+1","RobotSpaceExplorer:IronShell+1","RobotSpaceExplorer:ShockMissile+1","RobotSpaceExplorer:MetalStrike","RobotSpaceExplorer:Fix+1","Trip+1","RobotSpaceExplorer:ImprovisedAttack+1"],"relics":["RobotSpaceExplorer:RoboCore","Orichalcum","Toxic Egg 2","RobotSpaceExplorer:Reprocessor","RobotSpaceExplorer:PlasmaHourglass","PreservedInsect","Sundial","SlaversCollar","Turnip","Du-Vu Doll","Eternal Feather","Bag of Marbles","Regal Pillow"],"acts_visited":["TheCity","TheBeyond"],"potions_floor_usage":[6,16,16,29,33,35,37,46,50,50],"damage_taken":[{"damage":6,"enemies":"Cultist","floor":1,"turns":3},{"damage":0,"enemies":"2 Louse","floor":3,"turns":3},{"damage":4,"enemies":"Jaw Worm","floor":4,"turns":3},{"damage":0,"enemies":"Gremlin Nob","floor":6,"turns":3},{"damage":6,"enemies":"Looter","floor":7,"turns":3},{"damage":0,"enemies":"3 Louse","floor":12,"turns":2},{"damage":5,"enemies":"Hexaghost","floor":16,"turns":9},{"damage":0,"enemies":"Spheric Guardian","floor":18,"turns":1},{"damage":3,"enemies":"Chosen","floor":20,"turns":3},{"damage":2,"enemies":"3 Cultists","floor":21,"turns":3},{"damage":0,"enemies":"Sentry and Sphere","floor":22,"turns":2},{"damage":0,"enemies":"Gremlin Leader","floor":24,"turns":5},{"damage":0,"enemies":"Centurion and Healer","floor":28,"turns":3},{"damage":3,"enemies":"Book of Stabbing","floor":29,"turns":3},{"damage":0,"enemies":"Cultist and Chosen","floor":30,"turns":3},{"damage":0,"enemies":"Sentry and Sphere","floor":31,"turns":3},{"damage":12,"enemies":"Collector","floor":33,"turns":6},{"damage":12,"enemies":"3 Darklings","floor":35,"turns":3},{"damage":3,"enemies":"Mind Bloom Boss Battle","floor":36,"turns":6},{"damage":60,"enemies":"2 Orb Walkers","floor":37,"turns":6},{"damage":3,"enemies":"Orb Walker","floor":39,"turns":4},{"damage":3,"enemies":"Giant Head","floor":41,"turns":6},{"damage":16,"enemies":"3 Darklings","floor":45,"turns":5},{"damage":20,"enemies":"Jaw Worm Horde","floor":46,"turns":4},{"damage":0,"enemies":"Transient","floor":47,"turns":5},{"damage":4,"enemies":"Writhing Mass","floor":48,"turns":5},{"damage":44,"enemies":"Awakened One","floor":50,"turns":11}],"seed_played":"-6821335969173842922","potions_obtained":[{"floor":1,"key":"LiquidMemories"},{"floor":4,"key":"RobotSpaceExplorer:RecyclePotion"},{"floor":10,"key":"SteroidPotion"},{"floor":10,"key":"EssenceOfSteel"},{"floor":21,"key":"Explosive Potion"},{"floor":28,"key":"SmokeBomb"},{"floor":29,"key":"SpeedPotion"},{"floor":33,"key":"Regen Potion"},{"floor":41,"key":"Fire Potion"},{"floor":46,"key":"Fire Potion"},{"floor":47,"key":"Ancient Potion"},{"floor":48,"key":"RobotSpaceExplorer:PlasmaFlask"}],"is_trial":false,"path_per_floor":["M","?","M","M","$","E","M","R","T","?","R","M","R","?","R","B",null,"M","?","M","M","M","R","E","R","T","$","M","E","M","M","R","B",null,"M","?","?","$","M","R","E","R","T","?","M","M","M","M","R","B",null],"character_chosen":"RobotSpaceExplorer","items_purchased":["RobotSpaceExplorer:Counterblock","Swift Strike","RobotSpaceExplorer:ScrapMissile","RobotSpaceExplorer:FreezingShield+1","Eternal Feather"],"campfire_rested":1,"item_purchase_floors":[5,5,27,27,38],"current_hp_per_floor":[76,68,68,64,64,64,58,58,58,58,58,58,58,47,47,42,82,82,82,79,77,77,77,77,77,77,77,77,74,74,74,74,62,82,70,67,22,22,25,40,43,58,58,58,48,34,40,42,82,44],"gold":143,"neow_bonus":"TEN_PERCENT_HP_BONUS","is_daily":false,"chose_seed":false,"campfire_upgraded":9,"win_rate":0.0,"timestamp":1607748420,"path_taken":["M","?","?","M","?","E","M","R","T","?","R","?","R","?","R","BOSS","M","?","M","M","M","R","E","R","T","$","M","E","M","M","R","BOSS","M","?","?","?","M","R","E","R","T","?","M","M","M","M","R","BOSS"],"items_purchased_type":["Card","Card","Card","Card","Relic"],"build_version":"2020-11-30","purchased_purges":3,"victory":true,"max_hp_per_floor":[82,82,82,82,82,82,82,82,82,82,82,82,82,82,82,82,82,82,82,82,82,82,82,82,82,82,82,82,82,82,82,82,82,82,82,82,82,82,82,82,82,82,82,82,82,82,82,82,82,82],"relic_stats":{"Regal Pillow":1,"counters":[27,113],"Sundial":[10],"Eternal Feather":45,"PreservedInsect":165,"Turnip":[0],"Orichalcum":[156],"obtain_stats":[{"Regal Pillow":43,"RobotSpaceExplorer:PlasmaHourglass":24,"RobotSpaceExplorer:RoboCore":0,"Eternal Feather":38,"PreservedInsect":26,"RobotSpaceExplorer:Reprocessor":17,"Orichalcum":6,"Du-Vu Doll":37,"SlaversCollar":34,"Sundial":29,"Turnip":36,"Bag of Marbles":41,"Toxic Egg 2":9},{"Regal Pillow":22,"RobotSpaceExplorer:PlasmaHourglass":12,"RobotSpaceExplorer:RoboCore":0,"Eternal Feather":20,"PreservedInsect":12,"RobotSpaceExplorer:Reprocessor":7,"Orichalcum":4,"Du-Vu Doll":20,"SlaversCollar":17,"Sundial":14,"Turnip":19,"Bag of Marbles":22,"Toxic Egg 2":5},{"Regal Pillow":83,"RobotSpaceExplorer:PlasmaHourglass":40,"RobotSpaceExplorer:RoboCore":0,"Eternal Feather":73,"PreservedInsect":40,"RobotSpaceExplorer:Reprocessor":26,"Orichalcum":12,"Du-Vu Doll":73,"SlaversCollar":58,"Sundial":46,"Turnip":67,"Bag of Marbles":83,"Toxic Egg 2":15}]},"card_choices":[{"not_picked":["RobotSpaceExplorer:GlueSpray","RobotSpaceExplorer:FranticSearch"],"picked":"RobotSpaceExplorer:PowerGlove","floor":1},{"not_picked":["RobotSpaceExplorer:Pulsar","RobotSpaceExplorer:Ammunition"],"picked":"RobotSpaceExplorer:MakeshiftVolley","floor":3},{"not_picked":["RobotSpaceExplorer:IronShell","RobotSpaceExplorer:ScrapMissile"],"picked":"RobotSpaceExplorer:StunGrenade","floor":4},{"not_picked":["RobotSpaceExplorer:HighVoltage","RobotSpaceExplorer:SurgingStrike"],"picked":"RobotSpaceExplorer:BigMissile","floor":6},{"not_picked":["RobotSpaceExplorer:BigMissile","RobotSpaceExplorer:DualCore","RobotSpaceExplorer:SurgingShield"],"picked":"SKIP","floor":7},{"not_picked":["RobotSpaceExplorer:ShovelStrike","RobotSpaceExplorer:FrostMissile"],"picked":"RobotSpaceExplorer:SurgingShield+1","floor":12},{"not_picked":["RobotSpaceExplorer:Autoloader","RobotSpaceExplorer:Arsenal+1"],"picked":"RobotSpaceExplorer:ShockMissile","floor":16},{"not_picked":["RobotSpaceExplorer:ShovelStrike","RobotSpaceExplorer:Electropulse"],"picked":"RobotSpaceExplorer:LuckyStrike","floor":18},{"not_picked":["RobotSpaceExplorer:ExhaustFan","RobotSpaceExplorer:Pulsar+1"],"picked":"RobotSpaceExplorer:FranticSearch+1","floor":20},{"not_picked":["RobotSpaceExplorer:DualCore","RobotSpaceExplorer:ShockKick","RobotSpaceExplorer:Pulsar+1"],"picked":"SKIP","floor":21},{"not_picked":["RobotSpaceExplorer:SurgingStrike","RobotSpaceExplorer:StunGrenade","RobotSpaceExplorer:Pulsar+1"],"picked":"SKIP","floor":22},{"not_picked":["RobotSpaceExplorer:GearShield+1","RobotSpaceExplorer:SwiftStep+1","RobotSpaceExplorer:DoubleFind+1"],"picked":"SKIP","floor":24},{"not_picked":["RobotSpaceExplorer:Counterblock+1","RobotSpaceExplorer:Discharger"],"picked":"RobotSpaceExplorer:Accelerator","floor":28},{"not_picked":["RobotSpaceExplorer:FranticSearch+1","RobotSpaceExplorer:FreezingShield+1"],"picked":"RobotSpaceExplorer:Probe+1","floor":29},{"not_picked":["RobotSpaceExplorer:Reload+1","RobotSpaceExplorer:SwiftStep+1","RobotSpaceExplorer:ScrapMissile"],"picked":"SKIP","floor":30},{"not_picked":["RobotSpaceExplorer:Discharger","RobotSpaceExplorer:SlimeMissile"],"picked":"RobotSpaceExplorer:IronShell+1","floor":31},{"not_picked":["RobotSpaceExplorer:TrailblazerForm","RobotSpaceExplorer:Accelerator"],"picked":"RobotSpaceExplorer:ShockMissile","floor":33},{"not_picked":["RobotSpaceExplorer:IronShell+1","RobotSpaceExplorer:ShockKick+1"],"picked":"RobotSpaceExplorer:MetalStrike","floor":35},{"not_picked":["RobotSpaceExplorer:ScrapMissile+1","RobotSpaceExplorer:Ammunition+1"],"picked":"RobotSpaceExplorer:Fix+1","floor":37},{"not_picked":["RobotSpaceExplorer:Pulsar+1","RobotSpaceExplorer:ScrapMissile+1","RobotSpaceExplorer:DroneSwarm"],"picked":"SKIP","floor":39},{"not_picked":["RobotSpaceExplorer:ShovelStrike","RobotSpaceExplorer:StunGrenade+1","RobotSpaceExplorer:Probe+1"],"picked":"SKIP","floor":41},{"not_picked":["Good Instincts+1","Flash of Steel"],"picked":"Trip+1","floor":44},{"not_picked":["RobotSpaceExplorer:ScrapMissile","RobotSpaceExplorer:Pulsar+1","RobotSpaceExplorer:SlimeMissile"],"picked":"SKIP","floor":45},{"not_picked":["RobotSpaceExplorer:Pulsar+1","RobotSpaceExplorer:IronShell+1","RobotSpaceExplorer:GlueSpray+1"],"picked":"SKIP","floor":46},{"not_picked":["RobotSpaceExplorer:Calculate+1","RobotSpaceExplorer:DualCore+1"],"picked":"RobotSpaceExplorer:ImprovisedAttack+1","floor":47},{"not_picked":["RobotSpaceExplorer:PowerCollector","RobotSpaceExplorer:Discharger+1","RobotSpaceExplorer:ScrapMissile"],"picked":"SKIP","floor":48}],"player_experience":419912,"relics_obtained":[{"floor":6,"key":"Orichalcum"},{"floor":9,"key":"Toxic Egg 2"},{"floor":24,"key":"RobotSpaceExplorer:PlasmaHourglass"},{"floor":26,"key":"PreservedInsect"},{"floor":29,"key":"Sundial"},{"floor":36,"key":"Turnip"},{"floor":37,"key":"Du-Vu Doll"},{"floor":41,"key":"Bag of Marbles"},{"floor":43,"key":"Regal Pillow"}],"event_choices":[{"damage_healed":0,"gold_gain":75,"player_choice":"Touch","damage_taken":8,"max_hp_gain":0,"max_hp_loss":0,"event_name":"FaceTrader","floor":2,"gold_loss":0},{"damage_healed":0,"gold_gain":0,"player_choice":"Bought 2 Potions","damage_taken":0,"max_hp_gain":0,"max_hp_loss":0,"event_name":"The Woman in Blue","floor":10,"gold_loss":0},{"damage_healed":0,"gold_gain":75,"player_choice":"Gather Gold","damage_taken":11,"max_hp_gain":0,"max_hp_loss":0,"event_name":"World of Goop","floor":14,"gold_loss":0},{"damage_healed":0,"gold_gain":0,"player_choice":"Simplicity","damage_taken":0,"max_hp_gain":0,"max_hp_loss":0,"event_name":"Back to Basics","floor":19,"gold_loss":0,"cards_upgraded":["RobotSpaceExplorer:Strike","RobotSpaceExplorer:Strike","RobotSpaceExplorer:Strike","RobotSpaceExplorer:Defend","RobotSpaceExplorer:Defend","RobotSpaceExplorer:Defend","RobotSpaceExplorer:Defend"]},{"damage_healed":0,"gold_gain":0,"player_choice":"Fight","damage_taken":0,"max_hp_gain":0,"max_hp_loss":0,"event_name":"MindBloom","floor":36,"gold_loss":0},{"damage_healed":0,"gold_gain":0,"player_choice":"Fight","damage_taken":0,"max_hp_gain":0,"max_hp_loss":0,"event_name":"Mysterious Sphere","floor":37,"gold_loss":0},{"damage_healed":0,"gold_gain":0,"player_choice":"Memory 1","damage_taken":0,"max_hp_gain":0,"max_hp_loss":0,"event_name":"SensoryStone","floor":44,"gold_loss":0}],"is_beta":false,"boss_relics":[{"not_picked":["Sozu","Runic Pyramid"],"picked":"RobotSpaceExplorer:Reprocessor"},{"not_picked":["Tiny House","Black Star"],"picked":"SlaversCollar"}],"items_purged_floors":[5,27,38],"is_endless":false,"potions_floor_spawned":[1,4,12,21,28,29,33,41,46,47,48],"ascension_level":0}}