{"host":"dij4iqdhjit0agg1","time":1607754339,"event":{"mods":["Act Like it!","BaseMod","Better Note","Colored Powertips","Minty Spire (QoL Compilation)","Permanent Neow","Rare Cards Sparkle","StSLib","The Servant 0.9.4"],"gold_per_floor":[113,124,137,149,73,73,73,73,73,93,93,121,35,110,110,205,205,225,225,96,112,112,112,112],"floor_reached":23,"playtime":2050,"items_purged":["Strike_R","Bash"],"score":275,"play_id":"fabc171b-99a0-48d2-b0e6-bd0ce5a29fe4","local_time":"20201212072539","is_ascension_mode":true,"campfire_choices":[{"data":"Brutality","floor":6,"key":"SMITH"},{"data":"Flex","floor":8,"key":"SMITH"},{"floor":11,"key":"REST"},{"floor":15,"key":"REST"}],"circlet_count":0,"master_deck":["Strike_R","Strike_R","Strike_R","Strike_R","Defend_R","Defend_R","Defend_R","Defend_R","Seeing Red+1","Brutality+1","Flex+1","Blood for Blood","Rupture","Whirlwind","Demon Form","Shockwave","Combust"],"relics":["Burning Blood","Centennial Puzzle","Smiling Mask","Paper Frog","SlaversCollar","Shuriken"],"acts_visited":["Exordium","TheCity"],"potions_floor_usage":[12,12,16,21,23],"damage_taken":[{"damage":1,"enemies":"Cultist","floor":1,"turns":3},{"damage":2,"enemies":"2 Louse","floor":2,"turns":3},{"damage":12,"enemies":"Jaw Worm","floor":3,"turns":2},{"damage":18,"enemies":"Blue Slaver","floor":4,"turns":6},{"damage":13,"enemies":"Large Slime","floor":10,"turns":5},{"damage":15,"enemies":"Lagavulin","floor":12,"turns":6},{"damage":5,"enemies":"Slime Boss","floor":16,"turns":6},{"damage":36,"enemies":"Spheric Guardian","floor":18,"turns":4},{"damage":27,"enemies":"2 Thieves","floor":21,"turns":3},{"damage":15,"enemies":"Book of Stabbing","floor":23,"turns":2}],"seed_played":"-1744248244577445468","potions_obtained":[{"floor":2,"key":"SkillPotion"},{"floor":3,"key":"Weak Potion"},{"floor":12,"key":"Strength Potion"},{"floor":18,"key":"AttackPotion"},{"floor":21,"key":"DuplicationPotion"}],"is_trial":false,"path_per_floor":["M","M","M","M","$","R","?","R","T","M","R","E","$","?","R","B",null,"M","?","$","M","T","E"],"character_chosen":"IRONCLAD","items_purchased":["Blood for Blood","Whirlwind","Combust"],"campfire_rested":2,"item_purchase_floors":[5,13,20],"current_hp_per_floor":[80,80,74,62,62,62,62,62,62,55,79,70,70,62,80,80,80,50,35,35,14,14,0,0],"gold":112,"neow_bonus":"RANDOM_COMMON_RELIC","is_daily":false,"chose_seed":false,"campfire_upgraded":2,"win_rate":0.0,"timestamp":1607754339,"path_taken":["M","?","M","M","$","R","?","R","T","?","R","E","?","?","R","BOSS","M","?","$","M","?","E"],"items_purchased_type":["Card","Card","Card"],"build_version":"2020-11-30","purchased_purges":2,"victory":false,"max_hp_per_floor":[80,80,80,80,80,80,80,80,80,80,80,80,80,80,80,80,80,80,85,85,85,85,85,85],"card_choices":[{"not_picked":["Sword Boomerang","Anger","Infernal Blade"],"picked":"SKIP","floor":1},{"not_picked":["Dark Embrace","Wild Strike"],"picked":"Seeing Red","floor":2},{"not_picked":["Shrug It Off","Perfected Strike"],"picked":"Brutality","floor":3},{"not_picked":["Intimidate","Dark Embrace"],"picked":"Flex","floor":4},{"not_picked":["Wild Strike","Bloodletting"],"picked":"Rupture","floor":10},{"not_picked":["Clash","Sword Boomerang","Shrug It Off"],"picked":"SKIP","floor":12},{"not_picked":["Exhume","Juggernaut"],"picked":"Demon Form","floor":16},{"not_picked":["Headbutt+1","Feel No Pain"],"picked":"Shockwave","floor":18},{"not_picked":["Rampage+1","Clothesline","Pummel"],"picked":"SKIP","floor":21}],"player_experience":863386,"relics_obtained":[{"floor":9,"key":"Smiling Mask"},{"floor":12,"key":"Paper Frog"},{"floor":22,"key":"Shuriken"}],"event_choices":[{"damage_healed":0,"gold_gain":0,"player_choice":"Upgraded","damage_taken":0,"max_hp_gain":0,"max_hp_loss":0,"event_name":"Upgrade Shrine","floor":7,"gold_loss":0,"cards_upgraded":["Seeing Red"]},{"damage_healed":0,"gold_gain":75,"player_choice":"Touch","damage_taken":8,"max_hp_gain":0,"max_hp_loss":0,"event_name":"FaceTrader","floor":14,"gold_loss":0},{"damage_healed":0,"gold_gain":0,"player_choice":"Shed Blood","damage_taken":20,"max_hp_gain":5,"max_hp_loss":0,"event_name":"Forgotten Altar","floor":19,"gold_loss":0}],"is_beta":false,"boss_relics":[{"not_picked":["SacredBark","Runic Dome"],"picked":"SlaversCollar"}],"items_purged_floors":[13,20],"is_endless":false,"potions_floor_spawned":[2,3,12,18,21],"killed_by":"Book of Stabbing","ascension_level":3}}