{"host":"9tzam4717zt8ei1o","time":1607741096,"event":{"mods":["BaseMod","Colored Map","Keyboard Shortcuts","Minty Spire (QoL Compilation)","Quick Restart","StSLib","SuperFastMode"],"gold_per_floor":[109,79,95,95,95,133,133,173,173,173,173,98,129,79,79,202,202,222,197,197,220,238,277,277,114,114,114,14,28,47,70,70,199,199,217,217,92,106,129,172,172,205,252,291,311,311,198,229,229,229],"floor_reached":51,"playtime":1811,"items_purged":["Strike_G","Strike_G","Strike_G"],"score":1132,"play_id":"123e292a-4f62-45f1-bae7-e5e8a9e73cb8","local_time":"20201212114456","is_ascension_mode":true,"campfire_choices":[{"data":"Dagger Throw","floor":7,"key":"SMITH"},{"floor":11,"key":"REST"},{"floor":15,"key":"REST"},{"floor":24,"key":"REST"},{"floor":32,"key":"REST"},{"floor":41,"key":"REST"},{"floor":46,"key":"REST"},{"floor":49,"key":"REST"}],"circlet_count":0,"master_deck":["Strike_G+1","Defend_G+1","Defend_G","Defend_G","Survivor","Neutralize","Dagger Throw+1","Footwork+1","Adrenaline","Backflip","Dodge and Roll+1","After Image+1","Blur+1","Escape Plan+1","Deflect+1","Night Terror+1","Burst+1","Adrenaline+1","Leg Sweep+1","Deadly Poison+1","PiercingWail+1","Sadistic Nature+1","Escape Plan+1","Bouncing Flask+1","Phantasmal Killer+1","Unload+1","Dagger Throw+1","Noxious Fumes+1","Catalyst+1","Backflip+1","Acrobatics+1","Calculated Gamble+1","Bouncing Flask+1","Tactician+1","Catalyst+1","Well Laid Plans+1","Catalyst+1","Catalyst+1"],"relics":["Ring of the Snake","NeowsBlessing","Golden Idol","TungstenRod","Frozen Egg 2","Toxic Egg 2","Prayer Wheel","Fusion Hammer","Strawberry","Pear","Boot","Astrolabe","Centennial Puzzle","Bag of Preparation","Snake Skull","MealTicket","Eternal Feather"],"acts_visited":["Exordium","TheCity","TheBeyond"],"potions_floor_usage":[8,16,19],"damage_taken":[{"damage":0,"enemies":"2 Louse","floor":1,"turns":1},{"damage":0,"enemies":"Cultist","floor":3,"turns":1},{"damage":0,"enemies":"Gremlin Nob","floor":6,"turns":1},{"damage":19,"enemies":"3 Sentries","floor":8,"turns":8},{"damage":46,"enemies":"Gremlin Nob","floor":13,"turns":6},{"damage":6,"enemies":"The Guardian","floor":16,"turns":15},{"damage":0,"enemies":"Spheric Guardian","floor":18,"turns":7},{"damage":2,"enemies":"2 Thieves","floor":19,"turns":5},{"damage":0,"enemies":"Chosen and Byrds","floor":21,"turns":10},{"damage":11,"enemies":"Cultist and Chosen","floor":22,"turns":14},{"damage":3,"enemies":"Gremlin Leader","floor":23,"turns":16},{"damage":0,"enemies":"Snake Plant","floor":29,"turns":4},{"damage":0,"enemies":"3 Cultists","floor":30,"turns":6},{"damage":0,"enemies":"Centurion and Healer","floor":31,"turns":4},{"damage":15,"enemies":"Automaton","floor":33,"turns":8},{"damage":9,"enemies":"Orb Walker","floor":35,"turns":4},{"damage":0,"enemies":"3 Shapes","floor":38,"turns":4},{"damage":4,"enemies":"Writhing Mass","floor":39,"turns":4},{"damage":33,"enemies":"Reptomancer","floor":40,"turns":4},{"damage":0,"enemies":"Nemesis","floor":42,"turns":4},{"damage":0,"enemies":"Reptomancer","floor":44,"turns":2},{"damage":0,"enemies":"Jaw Worm Horde","floor":45,"turns":3},{"damage":3,"enemies":"Giant Head","floor":48,"turns":2},{"damage":34,"enemies":"Time Eater","floor":50,"turns":5}],"seed_played":"-1953734261868652609","potions_obtained":[{"floor":2,"key":"Explosive Potion"},{"floor":2,"key":"Energy Potion"},{"floor":6,"key":"FairyPotion"},{"floor":13,"key":"PowerPotion"},{"floor":16,"key":"Fruit Juice"},{"floor":22,"key":"Energy Potion"},{"floor":30,"key":"ColorlessPotion"},{"floor":39,"key":"Dexterity Potion"}],"is_trial":false,"path_per_floor":["M","?","M","?","?","E","R","E","T","?","R","$","E","?","R","B",null,"M","M","?","M","M","E","R","$","T","T","$","M","M","M","R","B",null,"M","?","$","M","M","E","R","E","T","E","M","R","$","E","R","B",null],"character_chosen":"THE_SILENT","items_purchased":["Sadistic Nature+1","Well Laid Plans+1","Catalyst+1"],"campfire_rested":7,"item_purchase_floors":[25,47,47],"current_hp_per_floor":[70,70,70,53,39,39,39,20,20,11,32,32,18,18,39,33,70,70,73,73,73,62,66,82,82,92,92,92,92,92,92,92,77,92,83,83,83,83,79,46,73,73,73,73,73,92,92,89,92,58],"gold":229,"neow_bonus":"THREE_ENEMY_KILL","is_daily":false,"chose_seed":false,"campfire_upgraded":1,"win_rate":0.0,"timestamp":1607741096,"path_taken":["M","?","?","?","?","E","R","E","T","?","R","?","E","?","R","BOSS","M","M","?","M","M","E","R","$","T","?","$","M","M","M","R","BOSS","M","?","$","?","M","E","R","E","T","E","M","R","$","E","R","BOSS"],"items_purchased_type":["Card","Card","Card"],"build_version":"2020-11-30","purchased_purges":3,"victory":true,"max_hp_per_floor":[70,70,70,70,70,70,70,70,70,70,70,70,70,70,70,70,70,70,75,75,75,75,82,82,82,92,92,92,92,92,92,92,92,92,92,92,92,92,92,92,92,92,92,92,92,92,92,92,92,92],"card_choices":[{"not_picked":["Cloak And Dagger","Well Laid Plans"],"picked":"Dagger Throw","floor":1},{"not_picked":["Choke","Dagger Throw"],"picked":"Footwork","floor":3},{"not_picked":["Deflect","Dodge and Roll"],"picked":"Adrenaline","floor":6},{"not_picked":["Dodge and Roll","Acrobatics"],"picked":"Backflip","floor":8},{"not_picked":["Flying Knee","Endless Agony"],"picked":"Dodge and Roll+1","floor":13},{"not_picked":["Night Terror+1","Venomology+1"],"picked":"After Image+1","floor":16},{"not_picked":["Quick Slash","Prepared+1"],"picked":"Blur+1","floor":18},{"not_picked":["PiercingWail+1","Distraction+1"],"picked":"Escape Plan+1","floor":18},{"not_picked":["Underhanded Strike","Outmaneuver+1"],"picked":"Deflect+1","floor":19},{"not_picked":["Flechettes","Catalyst+1","Dagger Spray"],"picked":"SKIP","floor":19},{"not_picked":["Heel Hook","Dash"],"picked":"Adrenaline+1","floor":21},{"not_picked":["Predator","Flying Knee"],"picked":"Leg Sweep+1","floor":21},{"not_picked":["Bane","Slice"],"picked":"Deadly Poison+1","floor":22},{"not_picked":["Backstab","Backflip+1"],"picked":"PiercingWail+1","floor":22},{"not_picked":["PiercingWail+1","Cloak And Dagger+1","Flechettes"],"picked":"SKIP","floor":23},{"not_picked":["Deflect+1","Accuracy+1"],"picked":"Escape Plan+1","floor":29},{"not_picked":["Prepared+1","Sucker Punch","Flying Knee+1"],"picked":"SKIP","floor":29},{"not_picked":["Infinite Blades+1","Poisoned Stab+1"],"picked":"Blade Dance+1","floor":30},{"not_picked":["Underhanded Strike","Leg Sweep+1"],"picked":"Finisher","floor":30},{"not_picked":["Slice","Caltrops+1"],"picked":"Bouncing Flask+1","floor":31},{"not_picked":["Choke","Heel Hook"],"picked":"Blade Dance+1","floor":31},{"not_picked":["Doppelganger+1","Glass Knife"],"picked":"Phantasmal Killer+1","floor":33},{"not_picked":["Dagger Throw","Poisoned Stab"],"picked":"Catalyst+1","floor":35},{"not_picked":["Blade Dance+1","Riddle With Holes"],"picked":"Backflip+1","floor":35},{"not_picked":["Deadly Poison+1","Cloak And Dagger+1"],"picked":"Acrobatics+1","floor":38},{"not_picked":["Endless Agony","Dagger Throw","Dagger Spray"],"picked":"SKIP","floor":38},{"not_picked":["Poisoned Stab+1","Escape Plan+1"],"picked":"Calculated Gamble+1","floor":39},{"not_picked":["Quick Slash+1","Poisoned Stab+1","Slice+1"],"picked":"SKIP","floor":39},{"not_picked":["Outmaneuver+1","Bullet Time+1"],"picked":"Bouncing Flask+1","floor":40},{"not_picked":["Deflect+1","Prepared+1"],"picked":"Tactician+1","floor":42},{"not_picked":["Catalyst+1","Dagger Throw","Backstab"],"picked":"SKIP","floor":44},{"not_picked":["Dagger Throw","Backstab"],"picked":"Catalyst+1","floor":44},{"not_picked":["Dagger Spray","Distraction+1","Flying Knee+1"],"picked":"SKIP","floor":45},{"not_picked":["Underhanded Strike+1","Die Die Die","Calculated Gamble+1"],"picked":"SKIP","floor":45},{"not_picked":["Predator+1","Dodge and Roll+1"],"picked":"Catalyst+1","floor":48}],"player_experience":52799,"relics_obtained":[{"floor":6,"key":"TungstenRod"},{"floor":8,"key":"Frozen Egg 2"},{"floor":9,"key":"Toxic Egg 2"},{"floor":23,"key":"Strawberry"},{"floor":26,"key":"Pear"},{"floor":27,"key":"Boot"},{"floor":40,"key":"Centennial Puzzle"},{"floor":42,"key":"Bag of Preparation"},{"floor":43,"key":"Snake Skull"},{"floor":44,"key":"MealTicket"},{"floor":48,"key":"Eternal Feather"}],"event_choices":[{"damage_healed":0,"gold_gain":0,"player_choice":"Bought 2 Potions","damage_taken":0,"max_hp_gain":0,"max_hp_loss":0,"event_name":"The Woman in Blue","floor":2,"gold_loss":0},{"damage_healed":0,"gold_gain":0,"player_choice":"Take Damage","damage_taken":17,"relics_obtained":["Golden Idol"],"max_hp_gain":0,"max_hp_loss":0,"event_name":"Golden Idol","floor":4,"gold_loss":0},{"damage_healed":0,"gold_gain":0,"player_choice":"Entered Light","damage_taken":14,"max_hp_gain":0,"max_hp_loss":0,"event_name":"Shining Light","floor":5,"gold_loss":0,"cards_upgraded":["Defend_G","Strike_G"]},{"damage_healed":0,"gold_gain":0,"player_choice":"Success","damage_taken":12,"relics_obtained":["Prayer Wheel"],"max_hp_gain":0,"max_hp_loss":0,"event_name":"Scrap Ooze","floor":10,"gold_loss":0},{"cards_removed":["Defend_G"],"damage_healed":0,"gold_gain":0,"player_choice":"Card Removal","damage_taken":0,"max_hp_gain":0,"max_hp_loss":0,"event_name":"The Cleric","floor":14,"gold_loss":50},{"damage_healed":0,"gold_gain":0,"cards_transformed":["Strike_G","Defend_G"],"player_choice":"Became Test Subject","damage_taken":0,"max_hp_gain":0,"max_hp_loss":0,"event_name":"Drug Dealer","floor":20,"gold_loss":0,"cards_obtained":["Night Terror","Burst"]},{"damage_healed":0,"gold_gain":0,"player_choice":"Upgraded","damage_taken":0,"max_hp_gain":0,"max_hp_loss":0,"event_name":"Upgrade Shrine","floor":36,"gold_loss":0,"cards_upgraded":["Footwork"]}],"is_beta":false,"boss_relics":[{"not_picked":["HoveringKite","Runic Dome"],"picked":"Fusion Hammer"},{"not_picked":["SacredBark","Coffee Dripper"],"picked":"Astrolabe"}],"items_purged_floors":[12,28,37],"is_endless":false,"potions_floor_spawned":[6,13,16,22,30,33,39,40,42,44],"ascension_level":3}}