{"host":"4p8f8v7tnj1cel6f","time":1607756908,"event":{"mods":["BaseMod","Colored Map","DeckTracker","Keyboard Shortcuts","Minty Spire (QoL Compilation)","Quick Restart","StSLib","SuperFastMode"],"gold_per_floor":[113,188,188,188,207,207,234,251,303,6,6,20,38,54,54,157,157,170,143,143,153,153,153],"floor_reached":22,"playtime":771,"items_purged":[],"score":226,"play_id":"4e683184-854d-431d-8a13-3129c3d06fbf","local_time":"20201212160828","is_ascension_mode":true,"campfire_choices":[{"data":"Neutralize","floor":6,"key":"SMITH"},{"floor":15,"key":"REST"}],"circlet_count":0,"master_deck":["Strike_G","Strike_G","Strike_G","Strike_G","Defend_G","Defend_G","Defend_G","Defend_G","Defend_G","Survivor","Neutralize+1","Backflip","Noxious Fumes","Dash","Tactician","Terror","Escape Plan","After Image","Acrobatics","Calculated Gamble","Reflex"],"relics":["Ring of the Snake","Boot","Art of War","Tough Bandages","SacredBark"],"acts_visited":["Exordium","TheCity"],"potions_floor_usage":[16,16,19,22],"damage_taken":[{"damage":2,"enemies":"2 Louse","floor":1,"turns":3},{"damage":0,"enemies":"Small Slimes","floor":5,"turns":4},{"damage":38,"enemies":"Gremlin Nob","floor":7,"turns":5},{"damage":2,"enemies":"Jaw Worm","floor":8,"turns":5},{"damage":12,"enemies":"Lots of Slimes","floor":12,"turns":5},{"damage":1,"enemies":"Red Slaver","floor":13,"turns":4},{"damage":0,"enemies":"Large Slime","floor":14,"turns":7},{"damage":7,"enemies":"Hexaghost","floor":16,"turns":12},{"damage":6,"enemies":"Spheric Guardian","floor":18,"turns":8},{"damage":3,"enemies":"2 Thieves","floor":19,"turns":5},{"damage":21,"enemies":"Sentry and Sphere","floor":21,"turns":11},{"damage":32,"enemies":"Masked Bandits","floor":22,"turns":3}],"seed_played":"-2398866045025064557","potions_obtained":[{"floor":1,"key":"SkillPotion"},{"floor":8,"key":"Dexterity Potion"},{"floor":12,"key":"CunningPotion"},{"floor":16,"key":"Block Potion"}],"is_trial":false,"path_per_floor":["M","?","?","?","M","R","E","M","T","$","$","M","M","M","R","B",null,"M","M","?","M","?"],"character_chosen":"THE_SILENT","items_purchased":["Tough Bandages"],"campfire_rested":1,"item_purchase_floors":[10],"current_hp_per_floor":[68,57,57,57,57,57,19,17,17,17,17,5,4,4,25,18,70,64,61,48,27,0,0],"gold":153,"neow_bonus":"THREE_CARDS","is_daily":false,"chose_seed":false,"campfire_upgraded":1,"win_rate":0.0,"timestamp":1607756908,"path_taken":["M","?","?","?","?","R","E","?","T","?","$","M","M","M","R","BOSS","M","M","?","M","?"],"items_purchased_type":["Relic"],"build_version":"2020-11-30","purchased_purges":0,"victory":false,"max_hp_per_floor":[70,70,70,70,70,70,70,70,70,70,70,70,70,70,70,70,70,70,70,75,75,75,75],"card_choices":[{"not_picked":["Leg Sweep","Quick Slash"],"picked":"Backflip","floor":0},{"not_picked":["Slice","Deflect"],"picked":"Noxious Fumes","floor":1},{"not_picked":["Quick Slash","Backflip","Deflect"],"picked":"SKIP","floor":5},{"not_picked":["Leg Sweep","Riddle With Holes"],"picked":"Tactician","floor":7},{"not_picked":["Well Laid Plans","Leg Sweep"],"picked":"Terror","floor":8},{"not_picked":["All Out Attack","Sucker Punch","Tactician"],"picked":"SKIP","floor":12},{"not_picked":["Sucker Punch","Finisher","Slice"],"picked":"SKIP","floor":13},{"not_picked":["Finisher","Heel Hook"],"picked":"Escape Plan","floor":14},{"not_picked":["Die Die Die","Wraith Form v2"],"picked":"After Image","floor":16},{"not_picked":["Choke","Well Laid Plans"],"picked":"Acrobatics","floor":18},{"not_picked":["Catalyst","Masterful Stab"],"picked":"Calculated Gamble","floor":19},{"not_picked":["Outmaneuver","Prepared+1"],"picked":"Reflex","floor":21}],"player_experience":171863,"relics_obtained":[{"floor":7,"key":"Boot"},{"floor":9,"key":"Art of War"}],"event_choices":[{"damage_healed":0,"gold_gain":75,"player_choice":"Gather Gold","damage_taken":11,"max_hp_gain":0,"max_hp_loss":0,"event_name":"World of Goop","floor":2,"gold_loss":0},{"damage_healed":0,"gold_gain":0,"player_choice":"Ignored","damage_taken":0,"max_hp_gain":0,"max_hp_loss":0,"event_name":"Liars Game","floor":3,"gold_loss":0},{"damage_healed":0,"gold_gain":0,"cards_transformed":["Strike_G"],"player_choice":"Change","damage_taken":0,"max_hp_gain":0,"max_hp_loss":0,"event_name":"Living Wall","floor":4,"gold_loss":0,"cards_obtained":["Dash"]},{"damage_healed":0,"gold_gain":0,"player_choice":"Shed Blood","damage_taken":18,"max_hp_gain":5,"max_hp_loss":0,"event_name":"Forgotten Altar","floor":20,"gold_loss":0},{"damage_healed":0,"gold_gain":0,"player_choice":"Fought Bandits","damage_taken":0,"max_hp_gain":0,"max_hp_loss":0,"event_name":"Masked Bandits","floor":22,"gold_loss":0}],"is_beta":false,"boss_relics":[{"not_picked":["Busted Crown","Ectoplasm"],"picked":"SacredBark"}],"items_purged_floors":[],"is_endless":false,"potions_floor_spawned":[1,8,12,13,16],"killed_by":"Masked Bandits","ascension_level":4}}