{"host":"usrgk25etjl0nf5i","time":1607816369,"event":{"mods":["2.2 Compatiblity","BaseMod","Downfall","Hermit","Hubris","Minty Spire (QoL Compilation)","StSLib","SuperFastMode","The Disciple","The Hierophant"],"gold_per_floor":[99,99,125,142,67,85,85,104,119,152,137,156,171,181,195,195,195],"floor_reached":16,"playtime":991,"items_purged":[],"score":116,"play_id":"eba3d1ab-01b4-453c-a0ed-ea7041478376","local_time":"20201212153929","is_ascension_mode":false,"campfire_choices":[{"floor":1,"key":"RECALL"},{"data":"champ:PerfectForm","floor":5,"key":"SMITH"}],"circlet_count":0,"master_deck":["champ:Strike","champ:Strike","champ:Strike","champ:Strike","champ:Defend","champ:Defend","champ:Defend","champ:Defend","champ:Execute","champ:Taunt","champ:PerfectForm+1","champ:BringItOn","champ:BerserkerStyle","champ:EndlessRage","champ:AdrenalArmor","champ:CheapShot","champ:IronFortress","champ:HeartStrike","champ:BladeFlurry","champ:StanceDance","champ:DefensiveStyle"],"relics":["champ:ChampionCrown","StrikeDummy","Sundial","downfall:HeartBlessingRed","Bottled Tornado","Kunai"],"acts_visited":["Exordium"],"potions_floor_usage":[14,16,16],"damage_taken":[{"damage":30,"enemies":"Gremlin Nob","floor":3,"turns":4},{"damage":6,"enemies":"Cultist","floor":4,"turns":3},{"damage":0,"enemies":"2 Louse","floor":6,"turns":2},{"damage":2,"enemies":"Jaw Worm","floor":8,"turns":3},{"damage":12,"enemies":"Red Slaver","floor":9,"turns":4},{"damage":26,"enemies":"Lagavulin","floor":10,"turns":7},{"damage":12,"enemies":"downfall:FleeingMerchant","floor":11,"turns":4},{"damage":14,"enemies":"Blue Slaver","floor":12,"turns":3},{"damage":27,"enemies":"Lots of Slimes","floor":13,"turns":5},{"damage":24,"enemies":"Exordium Thugs","floor":14,"turns":5},{"damage":5,"enemies":"Large Slime","floor":15,"turns":5},{"damage":34,"enemies":"downfall:Ironclad","floor":16,"turns":5}],"seed_played":"-4522266247968967098","potions_obtained":[{"floor":3,"key":"champ:TechniquePotion"},{"floor":9,"key":"FearPotion"},{"floor":10,"key":"FearPotion"},{"floor":15,"key":"Strength Potion"}],"is_trial":false,"path_per_floor":["R","T","E","M","R","M","T","M","M","E","$","M","M","M","M","B"],"character_chosen":"THE_CHAMP","items_purchased":[],"campfire_rested":0,"item_purchase_floors":[],"current_hp_per_floor":[99,99,69,68,68,68,68,68,63,51,54,47,38,21,21,0,0],"gold":195,"neow_bonus":"TEN_PERCENT_HP_BONUS","is_daily":false,"chose_seed":false,"campfire_upgraded":1,"win_rate":0.0,"timestamp":1607816369,"path_taken":["R","?","E","M","R","M","T","M","M","E","$","M","?","M","M","BOSS"],"items_purchased_type":[],"build_version":"2020-11-30","purchased_purges":0,"victory":false,"max_hp_per_floor":[99,99,99,99,99,99,99,99,99,99,99,99,99,99,99,99,99],"card_choices":[{"not_picked":["champ:BerserkersShout","champ:Backstep"],"picked":"champ:PerfectForm","floor":3},{"not_picked":["champ:Circumvent","champ:FocusedGladiator"],"picked":"champ:BringItOn","floor":4},{"not_picked":["champ:Lariat","champ:Encircle"],"picked":"champ:BerserkerStyle","floor":6},{"not_picked":["champ:BerserkersShout","champ:Backstep"],"picked":"champ:EndlessRage","floor":8},{"not_picked":["champ:FanOfKnives","champ:Backstep"],"picked":"champ:AdrenalArmor","floor":9},{"not_picked":["champ:TornadoPunch","champ:StanceDance"],"picked":"champ:CheapShot","floor":10},{"not_picked":["champ:Haymaker","champ:FocusedDefense"],"picked":"champ:IronFortress","floor":11},{"not_picked":["champ:FightOn","champ:FanOfKnives"],"picked":"champ:HeartStrike","floor":12},{"not_picked":["champ:FocusedGladiator","champ:BerserkersShout"],"picked":"champ:BladeFlurry","floor":13},{"not_picked":["champ:FlashCut","champ:FanOfKnives"],"picked":"champ:StanceDance","floor":14},{"not_picked":["champ:EnragedBash","champ:BerserkersShout"],"picked":"champ:DefensiveStyle","floor":15}],"player_experience":635351,"relics_obtained":[{"floor":2,"key":"StrikeDummy"},{"floor":3,"key":"Sundial"},{"floor":7,"key":"Bottled Tornado"},{"floor":10,"key":"Kunai"}],"event_choices":[],"is_beta":false,"boss_relics":[],"items_purged_floors":[],"is_endless":false,"potions_floor_spawned":[3,9,10,15],"killed_by":"downfall:Ironclad","ascension_level":0}}