{"host":"xcuflocadasoaqda","time":1607811627,"event":{"mods":["BaseMod","Filter the Spire","Minty Spire (QoL Compilation)","Relic Stats"],"gold_per_floor":[114,128,143,143,153,153,185,185,185,215,215,250,267,280,280,357,357,367,103,121,121,148,178,178,198,198,223,233,233,266,284,284,360,360,380,393,393,293,309,309,337,357,406,440,469,469,195,210,210,210,210,210,210,79,122,122],"floor_reached":57,"playtime":4986,"items_purged":["Eruption","Weave","Regret"],"score":3713,"play_id":"68f369e7-311d-42b4-b55e-28fbc86e6695","local_time":"20201212162027","is_ascension_mode":true,"campfire_choices":[{"data":"Scrawl","floor":6,"key":"SMITH"},{"data":"Worship","floor":8,"key":"SMITH"},{"data":"TalkToTheHand","floor":15,"key":"SMITH"},{"floor":24,"key":"REST"},{"data":"Vault","floor":29,"key":"SMITH"},{"data":"Tantrum","floor":32,"key":"SMITH"},{"data":"Vault","floor":40,"key":"SMITH"},{"floor":46,"key":"RECALL"},{"data":"TalkToTheHand","floor":49,"key":"SMITH"},{"data":"Meditate","floor":53,"key":"SMITH"}],"circlet_count":0,"master_deck":["AscendersBane","Vigilance+1","Protect+1","Scrawl+1","WindmillStrike+1","Worship+1","Tantrum+1","Establishment+1","ClearTheMind+1","Protect+1","SashWhip+1","Halt+1","TalkToTheHand+1","EmptyBody+1","Vault+1","CurseOfTheBell","FlurryOfBlows+1","TalkToTheHand+1","LessonLearned+1","WaveOfTheHand+1","WheelKick+1","FlurryOfBlows","Vault+1","EmptyMind+1","Dark Shackles+1","Meditate+1","Vault+1","TalkToTheHand+1","Vault","MentalFortress+1","TalkToTheHand+1"],"relics":["Pandora\u0027s Box","Tiny Chest","Kunai","Singing Bowl","Ancient Tea Set","PreservedInsect","Calling Bell","Potion Belt","Mummified Hand","CaptainsWheel","DollysMirror","Enchiridion","Lantern","Lizard Tail","Bird Faced Urn","Shuriken","Toy Ornithopter","Cursed Key","Bag of Marbles","CeramicFish","Orrery","Art of War"],"acts_visited":["Exordium","TheCity","TheBeyond","TheEnding"],"potions_floor_usage":[7,16,20,27,33,55,56,56,56],"damage_taken":[{"damage":7,"enemies":"2 Louse","floor":1,"turns":3},{"damage":0,"enemies":"Cultist","floor":2,"turns":2},{"damage":4,"enemies":"Jaw Worm","floor":3,"turns":2},{"damage":18,"enemies":"Lots of Slimes","floor":5,"turns":3},{"damage":0,"enemies":"Gremlin Nob","floor":7,"turns":2},{"damage":0,"enemies":"Lagavulin","floor":10,"turns":5},{"damage":12,"enemies":"Gremlin Nob","floor":12,"turns":3},{"damage":1,"enemies":"2 Fungi Beasts","floor":13,"turns":3},{"damage":10,"enemies":"3 Louse","floor":14,"turns":4},{"damage":0,"enemies":"Slime Boss","floor":16,"turns":4},{"damage":6,"enemies":"Chosen","floor":18,"turns":5},{"damage":0,"enemies":"Shell Parasite","floor":20,"turns":3},{"damage":2,"enemies":"Book of Stabbing","floor":23,"turns":4},{"damage":8,"enemies":"Shelled Parasite and Fungi","floor":25,"turns":4},{"damage":8,"enemies":"Slavers","floor":27,"turns":4},{"damage":0,"enemies":"Snake Plant","floor":28,"turns":4},{"damage":4,"enemies":"Book of Stabbing","floor":30,"turns":8},{"damage":0,"enemies":"Sentry and Sphere","floor":31,"turns":9},{"damage":39,"enemies":"Automaton","floor":33,"turns":10},{"damage":0,"enemies":"3 Shapes","floor":35,"turns":6},{"damage":0,"enemies":"3 Darklings","floor":36,"turns":4},{"damage":0,"enemies":"Maw","floor":39,"turns":8},{"damage":0,"enemies":"Nemesis","floor":41,"turns":9},{"damage":0,"enemies":"4 Shapes","floor":42,"turns":5},{"damage":9,"enemies":"Giant Head","floor":44,"turns":8},{"damage":0,"enemies":"3 Darklings","floor":45,"turns":4},{"damage":0,"enemies":"Spire Growth","floor":48,"turns":6},{"damage":14,"enemies":"Time Eater","floor":50,"turns":12},{"damage":25,"enemies":"Awakened One","floor":51,"turns":10},{"damage":53,"enemies":"Shield and Spear","floor":55,"turns":8},{"damage":14,"enemies":"The Heart","floor":56,"turns":13}],"seed_played":"5840473238886360894","potions_obtained":[{"floor":2,"key":"Fire Potion"},{"floor":3,"key":"LiquidBronze"},{"floor":10,"key":"AttackPotion"},{"floor":12,"key":"CultistPotion"},{"floor":16,"key":"DistilledChaos"},{"floor":18,"key":"BlessingOfTheForge"},{"floor":23,"key":"AttackPotion"},{"floor":27,"key":"SteroidPotion"},{"floor":31,"key":"Weak Potion"},{"floor":36,"key":"AttackPotion"},{"floor":41,"key":"PowerPotion"}],"is_trial":false,"path_per_floor":["M","M","M","?","M","R","E","R","T","E","?","E","M","M","R","B",null,"M","$","M","?","T","E","R","M","T","E","M","R","E","M","R","B",null,"M","M","?","$","M","R","E","M","T","E","M","R","$","M","R","B","B",null,"R","$","E","B",null],"character_chosen":"WATCHER","items_purchased":["FlurryOfBlows","DollysMirror","Orrery","MentalFortress","Weak Potion"],"campfire_rested":1,"item_purchase_floors":[19,19,47,54,54],"current_hp_per_floor":[54,54,50,50,32,32,32,32,32,34,34,22,21,13,13,13,57,53,53,55,34,34,32,54,46,46,42,46,46,48,54,54,24,66,72,76,76,76,82,82,84,86,86,79,83,83,89,95,95,82,61,87,87,87,45,54],"gold":122,"neow_bonus":"BOSS_RELIC","is_daily":false,"chose_seed":false,"campfire_upgraded":8,"win_rate":0.0,"timestamp":1607811627,"path_taken":["M","M","M","?","?","R","E","R","T","E","?","E","M","M","R","BOSS","M","$","M","?","?","E","R","M","T","E","M","R","E","M","R","BOSS","M","?","?","$","M","R","E","M","T","E","M","R","$","M","R","BOSS","BOSS","R","$","E","BOSS"],"items_purchased_type":["Card","Relic","Relic","Card","Potion"],"build_version":"2020-11-30","purchased_purges":3,"victory":true,"max_hp_per_floor":[68,68,68,68,68,68,68,68,68,70,70,70,70,72,72,72,72,74,74,76,76,76,76,76,76,76,76,76,76,78,80,80,80,80,82,82,82,82,84,84,84,86,86,88,88,88,94,96,96,96,96,96,96,96,96,96],"relic_stats":{"Singing Bowl":28,"counters":[31,175],"CeramicFish":45,"PreservedInsect":385,"Cursed Key":1,"Lizard Tail":0,"Mummified Hand":[64],"Shuriken":[62],"Bird Faced Urn":[61],"Pandora\u0027s Box":["Protect","PathToVictory","Scrawl","WindmillStrike","Worship","Tantrum","Establishment","Weave"],"Tiny Chest":1,"Art of War":[3],"Kunai":[82],"obtain_stats":[{"Potion Belt":17,"Lantern":22,"Singing Bowl":9,"CeramicFish":44,"Enchiridion":21,"PreservedInsect":12,"Ancient Tea Set":10,"Cursed Key":34,"Calling Bell":17,"CaptainsWheel":17,"Lizard Tail":23,"Mummified Hand":17,"DollysMirror":19,"Shuriken":27,"Bird Faced Urn":26,"Orrery":47,"Pandora\u0027s Box":0,"Tiny Chest":4,"Bag of Marbles":41,"Art of War":55,"Kunai":7,"PureWater":0,"Toy Ornithopter":30},{"Potion Belt":10,"Lantern":12,"Singing Bowl":5,"CeramicFish":25,"Enchiridion":12,"PreservedInsect":7,"Ancient Tea Set":6,"Cursed Key":19,"Calling Bell":10,"CaptainsWheel":10,"Lizard Tail":13,"Mummified Hand":10,"DollysMirror":11,"Shuriken":15,"Bird Faced Urn":14,"Orrery":26,"Pandora\u0027s Box":0,"Tiny Chest":3,"Bag of Marbles":23,"Art of War":30,"Kunai":5,"PureWater":0,"Toy Ornithopter":17},{"Potion Belt":31,"Lantern":39,"Singing Bowl":12,"CeramicFish":122,"Enchiridion":39,"PreservedInsect":20,"Ancient Tea Set":17,"Cursed Key":82,"Calling Bell":31,"CaptainsWheel":31,"Lizard Tail":43,"Mummified Hand":31,"DollysMirror":36,"Shuriken":51,"Bird Faced Urn":47,"Orrery":126,"Pandora\u0027s Box":0,"Tiny Chest":7,"Bag of Marbles":109,"Art of War":162,"Kunai":12,"PureWater":0,"Toy Ornithopter":63}],"Toy Ornithopter":25},"card_choices":[{"not_picked":["WindmillStrike","Evaluate"],"picked":"ClearTheMind","floor":1},{"not_picked":["WindmillStrike","PathToVictory"],"picked":"Protect","floor":2},{"not_picked":["Evaluate","ReachHeaven"],"picked":"SashWhip","floor":3},{"not_picked":["CrushJoints","FlyingSleeves"],"picked":"Halt","floor":5},{"not_picked":["WaveOfTheHand","DevaForm","BattleHymn"],"picked":"SKIP","floor":7},{"not_picked":["Weave","ForeignInfluence","WreathOfFlame"],"picked":"Singing Bowl","floor":10},{"not_picked":["PathToVictory","ConjureBlade"],"picked":"TalkToTheHand","floor":12},{"not_picked":["Fasting2","Prostrate"],"picked":"EmptyBody","floor":13},{"not_picked":["CrushJoints","Study","Evaluate"],"picked":"Singing Bowl","floor":14},{"not_picked":["Judgement","Alpha"],"picked":"Vault","floor":16},{"not_picked":["Sanctity","Vengeance","WaveOfTheHand"],"picked":"Singing Bowl","floor":18},{"not_picked":["Crescendo","Collect","PathToVictory"],"picked":"Singing Bowl","floor":20},{"not_picked":["TalkToTheHand","SignatureMove"],"picked":"LessonLearned","floor":23},{"not_picked":["FollowUp","DeceiveReality"],"picked":"WaveOfTheHand","floor":25},{"not_picked":["Brilliance","Protect"],"picked":"WheelKick+1","floor":27},{"not_picked":["DeceiveReality+1","Collect"],"picked":"FlurryOfBlows","floor":28},{"not_picked":["Worship","Consecrate+1","Protect"],"picked":"Singing Bowl","floor":30},{"not_picked":["BowlingBash","ReachHeaven","CarveReality"],"picked":"Singing Bowl","floor":31},{"not_picked":["DeusExMachina","Judgement"],"picked":"Vault","floor":33},{"not_picked":["ClearTheMind+1","FlurryOfBlows","SashWhip"],"picked":"Singing Bowl","floor":35},{"not_picked":["FollowUp","Wallop"],"picked":"EmptyMind","floor":36},{"not_picked":["Purity","Dramatic Entrance"],"picked":"Dark Shackles","floor":37},{"not_picked":["Evaluate+1","CrushJoints","FollowUp"],"picked":"Singing Bowl","floor":39},{"not_picked":["SandsOfTime","WreathOfFlame"],"picked":"Meditate","floor":41},{"not_picked":["Study","Swivel+1","Prostrate"],"picked":"Singing Bowl","floor":42},{"not_picked":["WheelKick","Halt+1","SandsOfTime"],"picked":"Singing Bowl","floor":44},{"not_picked":["Vengeance","ThirdEye+1"],"picked":"Vault","floor":45},{"not_picked":["Consecrate+1","FlyingSleeves"],"picked":"TalkToTheHand","floor":47},{"not_picked":["ForeignInfluence","Crescendo","SashWhip"],"picked":"Singing Bowl","floor":47},{"not_picked":["Halt","Study","FollowUp+1"],"picked":"Singing Bowl","floor":47},{"not_picked":["FearNoEvil","Nirvana"],"picked":"Vault","floor":47},{"not_picked":["CutThroughFate+1","FearNoEvil+1","Conclude"],"picked":"Singing Bowl","floor":47},{"not_picked":["FollowUp","Wireheading","Protect"],"picked":"Singing Bowl","floor":48},{"not_picked":["Crescendo","DevaForm"],"picked":"TalkToTheHand+1","floor":55}],"player_experience":1710870,"relics_obtained":[{"floor":4,"key":"Tiny Chest"},{"floor":7,"key":"Kunai"},{"floor":9,"key":"Singing Bowl"},{"floor":10,"key":"Ancient Tea Set"},{"floor":12,"key":"PreservedInsect"},{"floor":17,"key":"Potion Belt"},{"floor":17,"key":"Mummified Hand"},{"floor":17,"key":"CaptainsWheel"},{"floor":21,"key":"Enchiridion"},{"floor":22,"key":"Lantern"},{"floor":23,"key":"Lizard Tail"},{"floor":26,"key":"Bird Faced Urn"},{"floor":27,"key":"Shuriken"},{"floor":30,"key":"Toy Ornithopter"},{"floor":41,"key":"Bag of Marbles"},{"floor":44,"key":"CeramicFish"},{"floor":55,"key":"Art of War"}],"event_choices":[{"damage_healed":0,"gold_gain":0,"player_choice":"Relic","damage_taken":0,"max_hp_gain":0,"max_hp_loss":0,"event_name":"Wheel of Change","floor":4,"gold_loss":0},{"cards_removed":["PathToVictory"],"damage_healed":0,"gold_gain":0,"player_choice":"Forget","damage_taken":0,"max_hp_gain":0,"max_hp_loss":0,"event_name":"Living Wall","floor":11,"gold_loss":0},{"damage_healed":0,"gold_gain":0,"player_choice":"Obtained Book","damage_taken":21,"max_hp_gain":0,"max_hp_loss":0,"event_name":"Cursed Tome","floor":21,"gold_loss":0},{"damage_healed":0,"gold_gain":0,"player_choice":"Memory 1","damage_taken":0,"max_hp_gain":0,"max_hp_loss":0,"event_name":"SensoryStone","floor":37,"gold_loss":0}],"is_beta":false,"boss_relics":[{"not_picked":["Busted Crown","Ectoplasm"],"picked":"Calling Bell"},{"not_picked":["Sozu","Velvet Choker"],"picked":"Cursed Key"}],"items_purged_floors":[19,38,47],"is_endless":false,"potions_floor_spawned":[2,3,10,12,16,18,23,27,31,36,41,45],"ascension_level":20}}