{"host":"jlz4is0nf6zo9oab","time":1607776824,"event":{"mods":["AchievementEnabler","BaseMod","Colored Map","Colored Powertips","Highlight Path","Minty Spire (QoL Compilation)","StSLib"],"gold_per_floor":[112,112,128,138,153,153,187,206,281,300,300,274,274,285,285,390,390,406,406,406,64,78,78,78],"floor_reached":23,"playtime":621,"items_purged":["Strike_R"],"score":324,"play_id":"6c14432b-afd7-431b-906d-57fa7a18d621","local_time":"20201212134024","is_ascension_mode":true,"campfire_choices":[{"data":"Pummel","floor":6,"key":"SMITH"},{"floor":11,"key":"REST"},{"floor":13,"key":"REST"},{"data":"Whirlwind","floor":15,"key":"SMITH"}],"circlet_count":0,"master_deck":["AscendersBane","Strike_R","Strike_R","Strike_R","Strike_R","Defend_R","Defend_R","Defend_R","Defend_R","Bash","Spot Weakness","Rampage","Pummel+1","Whirlwind+1","Cleave","Immolate","CurseOfTheBell","Metallicize"],"relics":["Burning Blood","Toxic Egg 2","Sundial","Calling Bell","Blue Candle","CeramicFish","Turnip","Membership Card","Pear"],"acts_visited":["Exordium","TheCity"],"potions_floor_usage":[3,4,5,7,16,16,18,22],"damage_taken":[{"damage":1,"enemies":"Cultist","floor":1,"turns":3},{"damage":7,"enemies":"Jaw Worm","floor":3,"turns":4},{"damage":8,"enemies":"Small Slimes","floor":4,"turns":4},{"damage":12,"enemies":"Looter","floor":5,"turns":3},{"damage":37,"enemies":"Gremlin Nob","floor":7,"turns":5},{"damage":36,"enemies":"Gremlin Gang","floor":8,"turns":5},{"damage":14,"enemies":"Large Slime","floor":10,"turns":4},{"damage":17,"enemies":"Looter","floor":14,"turns":3},{"damage":31,"enemies":"Slime Boss","floor":16,"turns":5},{"damage":12,"enemies":"3 Byrds","floor":18,"turns":3},{"damage":24,"enemies":"Shell Parasite","floor":22,"turns":5},{"damage":81,"enemies":"Book of Stabbing","floor":23,"turns":5}],"seed_played":"1424219261148492317","potions_obtained":[{"floor":0,"key":"Block Potion"},{"floor":0,"key":"BloodPotion"},{"floor":3,"key":"ColorlessPotion"},{"floor":4,"key":"SkillPotion"},{"floor":10,"key":"FearPotion"},{"floor":14,"key":"FearPotion"},{"floor":16,"key":"LiquidMemories"},{"floor":18,"key":"DistilledChaos"}],"is_trial":false,"path_per_floor":["M","$","M","M","M","R","E","M","T","M","R","?","R","M","R","B",null,"M","?","?","$","M","E"],"character_chosen":"IRONCLAD","items_purchased":["Membership Card","Pear","Metallicize"],"campfire_rested":2,"item_purchase_floors":[21,21,21],"current_hp_per_floor":[77,77,76,74,68,68,53,23,23,15,39,39,63,52,52,27,67,61,46,85,95,77,0,0],"gold":78,"neow_bonus":"THREE_SMALL_POTIONS","is_daily":false,"chose_seed":false,"campfire_upgraded":2,"win_rate":0.0,"timestamp":1607776824,"path_taken":["M","?","M","M","M","R","E","M","T","M","R","?","R","M","R","BOSS","M","?","?","$","?","E"],"items_purchased_type":["Relic","Relic","Card"],"build_version":"2020-11-30","purchased_purges":1,"victory":false,"max_hp_per_floor":[80,80,80,80,80,80,80,80,80,80,80,80,80,80,80,80,80,80,85,85,95,95,95,95],"card_choices":[{"not_picked":["Twin Strike","Intimidate"],"picked":"Spot Weakness","floor":1},{"not_picked":["Warcry","Hemokinesis"],"picked":"Rampage","floor":3},{"not_picked":["Clash","Twin Strike"],"picked":"Pummel","floor":4},{"not_picked":["Bloodletting","Anger","Thunderclap"],"picked":"SKIP","floor":5},{"not_picked":["Anger","Havoc+1"],"picked":"Inflame","floor":7},{"not_picked":["Twin Strike","Iron Wave"],"picked":"Whirlwind","floor":8},{"not_picked":["Wild Strike","Second Wind+1","Flex+1"],"picked":"SKIP","floor":10},{"not_picked":["Warcry+1","Brutality"],"picked":"Cleave","floor":14},{"not_picked":["Demon Form","Feed"],"picked":"Immolate","floor":16},{"not_picked":["Carnage+1","Twin Strike","Burning Pact+1"],"picked":"SKIP","floor":18},{"not_picked":["Havoc+1","Cleave","Clothesline"],"picked":"SKIP","floor":22}],"player_experience":931332,"relics_obtained":[{"floor":7,"key":"Toxic Egg 2"},{"floor":9,"key":"Sundial"},{"floor":17,"key":"Blue Candle"},{"floor":17,"key":"CeramicFish"},{"floor":17,"key":"Turnip"}],"event_choices":[{"damage_healed":0,"gold_gain":0,"player_choice":"Left Gold","damage_taken":0,"max_hp_gain":0,"max_hp_loss":0,"event_name":"World of Goop","floor":12,"gold_loss":26},{"damage_healed":0,"gold_gain":0,"player_choice":"Shed Blood","damage_taken":20,"max_hp_gain":5,"max_hp_loss":0,"event_name":"Forgotten Altar","floor":19,"gold_loss":0},{"cards_removed":["Inflame"],"damage_healed":39,"gold_gain":0,"player_choice":"Offered Uncommon","damage_taken":0,"max_hp_gain":0,"max_hp_loss":0,"event_name":"Bonfire Elementals","floor":20,"gold_loss":0}],"is_beta":false,"boss_relics":[{"not_picked":["Velvet Choker","Runic Cube"],"picked":"Calling Bell"}],"items_purged_floors":[21],"is_endless":false,"potions_floor_spawned":[3,4,10,14,16,18],"killed_by":"Book of Stabbing","ascension_level":11}}