{"host":"p033swmn9l8hdcoq","time":1607781358,"event":{"mods":["BaseMod","Minty Spire (QoL Compilation)","StSLib","[功能]功能增强和修复MOD"],"gold_per_floor":[118,133,61,61,74,74,108,122,122,122,122,137,53,68,68,172,172,187,36,36,49,10,10,21,40,64,79,106,120,133,133,133,236,236,252,263,263,59,109,109,134,149,174,205,205,55,55,71,71,71,71,71,14,39,39],"floor_reached":56,"playtime":3186,"items_purged":["Strike_G","Strike_G","Strike_G","Strike_G","Neutralize","Infinite Blades","Infinite Blades"],"score":1754,"play_id":"6625e1b4-f421-4789-8f46-75e91372ccb0","local_time":"20201212215558","is_ascension_mode":true,"campfire_choices":[{"data":"Blade Dance","floor":6.0,"key":"SMITH"},{"floor":10.0,"key":"REST"},{"floor":15.0,"key":"REST"},{"data":"Well Laid Plans","floor":23.0,"key":"SMITH"},{"data":"Phantasmal Killer","floor":32.0,"key":"SMITH"},{"data":"Reflex","floor":40.0,"key":"SMITH"},{"floor":45.0,"key":"REST"},{"data":"Acrobatics","floor":47.0,"key":"SMITH"},{"floor":49.0,"key":"RECALL"},{"data":"Acrobatics","floor":52.0,"key":"SMITH"}],"circlet_count":0,"master_deck":["AscendersBane","Defend_G","Defend_G","Survivor","Venomology","Blade Dance+1","Footwork","Well Laid Plans+1","Phantasmal Killer+1","Terror","Reflex+1","Escape Plan","Footwork","Tactician+1","Blade Dance+1","Acrobatics+1","Master of Strategy","Cloak And Dagger","Tactician+1","Escape Plan+1","Cloak And Dagger+1","Accuracy","Acrobatics+1","PiercingWail+1","Blur"],"relics":["Ring of the Snake","Pen Nib","Bag of Marbles","Philosopher\u0027s Stone","Medical Kit","Bag of Preparation","Toy Ornithopter","Oddly Smooth Stone","Empty Cage","Membership Card","The Specimen","Vajra","Smiling Mask","DollysMirror","Potion Belt","Orichalcum"],"acts_visited":["Exordium","TheCity","TheBeyond","TheEnding"],"potions_floor_usage":[55,55,55],"damage_taken":[{"damage":8.0,"enemies":"Jaw Worm","floor":1.0,"turns":7.0},{"damage":0.0,"enemies":"Cultist","floor":2.0,"turns":4.0},{"damage":0.0,"enemies":"2 Louse","floor":5.0,"turns":2.0},{"damage":21.0,"enemies":"3 Sentries","floor":7.0,"turns":13.0},{"damage":4.0,"enemies":"Exordium Thugs","floor":8.0,"turns":4.0},{"damage":5.0,"enemies":"Gremlin Gang","floor":12.0,"turns":5.0},{"damage":7.0,"enemies":"Looter","floor":14.0,"turns":4.0},{"damage":27.0,"enemies":"The Guardian","floor":16.0,"turns":15.0},{"damage":0.0,"enemies":"Chosen","floor":18.0,"turns":3.0},{"damage":14.0,"enemies":"3 Byrds","floor":21.0,"turns":6.0},{"damage":6.0,"enemies":"Cultist and Chosen","floor":24.0,"turns":5.0},{"damage":1.0,"enemies":"Snecko","floor":25.0,"turns":3.0},{"damage":8.0,"enemies":"Snake Plant","floor":27.0,"turns":4.0},{"damage":12.0,"enemies":"Gremlin Leader","floor":28.0,"turns":6.0},{"damage":11.0,"enemies":"Centurion and Healer","floor":29.0,"turns":5.0},{"damage":10.0,"enemies":"Cultist and Chosen","floor":30.0,"turns":4.0},{"damage":19.0,"enemies":"Champ","floor":33.0,"turns":12.0},{"damage":23.0,"enemies":"Orb Walker","floor":35.0,"turns":4.0},{"damage":9.0,"enemies":"3 Shapes","floor":36.0,"turns":5.0},{"damage":0.0,"enemies":"Mind Bloom Boss Battle","floor":39.0,"turns":4.0},{"damage":11.0,"enemies":"Reptomancer","floor":41.0,"turns":6.0},{"damage":1.0,"enemies":"Sphere and 2 Shapes","floor":42.0,"turns":3.0},{"damage":15.0,"enemies":"Nemesis","floor":44.0,"turns":5.0},{"damage":7.0,"enemies":"Writhing Mass","floor":48.0,"turns":3.0},{"damage":43.0,"enemies":"Time Eater","floor":50.0,"turns":8.0},{"damage":0.0,"enemies":"Shield and Spear","floor":54.0,"turns":4.0},{"damage":41,"enemies":"The Heart","floor":55,"turns":6}],"seed_played":"-7362846160701091037","potions_obtained":[{"floor":2.0,"key":"SkillPotion"},{"floor":7.0,"key":"SneckoOil"},{"floor":16.0,"key":"Strength Potion"},{"floor":21.0,"key":"CultistPotion"},{"floor":28.0,"key":"Poison Potion"},{"floor":30.0,"key":"GamblersBrew"},{"floor":33.0,"key":"FearPotion"},{"floor":41.0,"key":"SmokeBomb"},{"floor":42.0,"key":"Swift Potion"}],"is_trial":false,"path_per_floor":["M","M","$","?","M","R","E","M","T","R","?","M","$","M","R","B",null,"M","$","?","M","$","R","M","M","T","M","E","M","M","T","R","B",null,"M","M","?","$","?","R","E","M","T","E","R","$","R","M","R","B",null,"R","$","E","B",null],"character_chosen":"THE_SILENT","items_purchased":["Footwork","Well Laid Plans","Medical Kit","Terror","Membership Card","PowerPotion","Cloak And Dagger","DollysMirror","Potion Belt","Dexterity Potion","Energy Potion"],"campfire_rested":3,"item_purchase_floors":[3,13,19,22,38,38,38,46,46,53,53],"current_hp_per_floor":[37,37,37,37,37,37,16,12,12,33,26,21,21,14,35,8,55,55,55,55,41,41,41,35,34,34,26,14,27,22,22,22,13,56,38,39,34,34,39,39,38,42,42,27,48,48,48,41,41,25,59,59,59,64,38],"gold":39,"neow_bonus":"THREE_RARE_CARDS","is_daily":false,"chose_seed":false,"campfire_upgraded":6,"win_rate":0.0,"timestamp":1607781358,"path_taken":["M","M","$","?","?","R","E","M","T","R","?","M","?","?","R","BOSS","M","$","?","M","?","R","M","M","T","?","E","M","M","?","R","BOSS","M","M","?","$","?","R","E","M","T","E","R","$","R","M","R","BOSS","R","$","E","BOSS"],"items_purchased_type":["Card","Card","Relic","Card","Relic","Potion","Card","Relic","Relic","Potion","Potion"],"build_version":"2020-11-30","purchased_purges":7,"victory":true,"max_hp_per_floor":[70,70,70,70,70,70,70,70,70,70,70,70,70,70,70,70,70,70,70,70,70,70,70,70,70,70,70,70,70,70,70,70,70,70,70,70,70,70,70,70,70,70,70,70,70,70,70,70,70,70,70,70,70,70,70],"card_choices":[{"not_picked":["Wraith Form v2","Die Die Die"],"picked":"Venomology","floor":0.0},{"not_picked":["Underhanded Strike","All Out Attack"],"picked":"Blade Dance","floor":1.0},{"not_picked":["Concentrate","All Out Attack","Leg Sweep"],"picked":"SKIP","floor":2.0},{"not_picked":["Crippling Poison","Sucker Punch","Slice"],"picked":"SKIP","floor":5.0},{"not_picked":["All Out Attack","Unload","Eviscerate"],"picked":"SKIP","floor":7.0},{"not_picked":["Expertise","Dagger Spray"],"picked":"Infinite Blades","floor":8.0},{"not_picked":["Dagger Throw","Heel Hook","Catalyst"],"picked":"SKIP","floor":12.0},{"not_picked":["Setup","Sucker Punch"],"picked":"Infinite Blades","floor":14.0},{"not_picked":["Tools of the Trade","Night Terror"],"picked":"Phantasmal Killer","floor":16.0},{"not_picked":["Bane","Deadly Poison","PiercingWail"],"picked":"SKIP","floor":18.0},{"not_picked":["Underhanded Strike","Leg Sweep","Skewer"],"picked":"SKIP","floor":21.0},{"not_picked":["Bane+1","Poisoned Stab+1","Reflex"],"picked":"SKIP","floor":24.0},{"not_picked":["Bane+1","Poisoned Stab+1"],"picked":"Reflex","floor":24.0},{"not_picked":["Choke","Outmaneuver+1"],"picked":"Escape Plan","floor":25.0},{"not_picked":["Sucker Punch","Riddle With Holes+1","Caltrops+1"],"picked":"SKIP","floor":27.0},{"not_picked":["Prepared","Sucker Punch","Deadly Poison"],"picked":"SKIP","floor":28.0},{"not_picked":["Deflect","Reflex"],"picked":"Footwork","floor":29.0},{"not_picked":["Quick Slash","Footwork"],"picked":"Tactician+1","floor":30.0},{"not_picked":["Setup+1","Masterful Stab"],"picked":"Blade Dance+1","floor":35.0},{"not_picked":["Prepared","Choke+1"],"picked":"Acrobatics","floor":36.0},{"not_picked":["Finesse","Secret Weapon"],"picked":"Master of Strategy","floor":37.0},{"not_picked":["Blade Dance","Caltrops+1"],"picked":"Tactician+1","floor":39.0},{"not_picked":["Riddle With Holes","Quick Slash+1"],"picked":"Escape Plan+1","floor":41.0},{"not_picked":["Underhanded Strike+1","Caltrops"],"picked":"Cloak And Dagger+1","floor":42.0},{"not_picked":["Outmaneuver+1","Cloak And Dagger+1"],"picked":"Accuracy","floor":44.0},{"not_picked":["Flying Knee+1","PiercingWail+1","Deflect+1"],"picked":"SKIP","floor":48.0},{"not_picked":["Flying Knee+1","Deflect+1"],"picked":"PiercingWail+1","floor":48.0},{"not_picked":["Skewer+1","Outmaneuver"],"picked":"Blur","floor":54.0}],"player_experience":52299,"relics_obtained":[{"floor":7.0,"key":"Pen Nib"},{"floor":9.0,"key":"Bag of Marbles"},{"floor":26.0,"key":"Bag of Preparation"},{"floor":28.0,"key":"Toy Ornithopter"},{"floor":31.0,"key":"Oddly Smooth Stone"},{"floor":39.0,"key":"The Specimen"},{"floor":41.0,"key":"Vajra"},{"floor":44.0,"key":"Smiling Mask"},{"floor":54.0,"key":"Orichalcum"}],"event_choices":[{"damage_healed":0.0,"max_hp_gain":0.0,"max_hp_loss":0.0,"gold_gain":0.0,"event_name":"The Woman in Blue","player_choice":"Bought 0 Potions","floor":4.0,"gold_loss":0.0,"damage_taken":0.0},{"cards_removed":["Defend_G"],"damage_healed":0.0,"max_hp_gain":0.0,"max_hp_loss":0.0,"gold_gain":0.0,"event_name":"Golden Wing","player_choice":"Card Removal","floor":11.0,"gold_loss":0.0,"damage_taken":7.0},{"cards_removed":["Defend_G"],"damage_healed":0.0,"max_hp_gain":0.0,"max_hp_loss":0.0,"gold_gain":0.0,"event_name":"Wheel of Change","player_choice":"Card Removal","floor":20.0,"gold_loss":0.0,"damage_taken":0.0},{"damage_healed":0.0,"max_hp_gain":0.0,"max_hp_loss":0.0,"gold_gain":0.0,"event_name":"SensoryStone","player_choice":"Memory 2","floor":37.0,"gold_loss":0.0,"damage_taken":5.0},{"damage_healed":0.0,"max_hp_gain":0.0,"max_hp_loss":0.0,"gold_gain":0.0,"event_name":"MindBloom","player_choice":"Fight","floor":39.0,"gold_loss":0.0,"damage_taken":0.0}],"is_beta":false,"boss_relics":[{"not_picked":["Busted Crown","HoveringKite"],"picked":"Philosopher\u0027s Stone"},{"not_picked":["Coffee Dripper","Snecko Eye"],"picked":"Empty Cage"}],"items_purged_floors":[3,13,19,22,38,46,53],"is_endless":false,"potions_floor_spawned":[2,7,16,21,25,28,30,33,39,41,42],"ascension_level":11}}