{"host":"athd8lg4sftw81ak","time":1607739882,"event":{"mods":["BaseMod","Downfall","Hermit","Marisa????????","Minty Spire (QoL Compilation)","StSLib"],"gold_per_floor":[111,61,76,76,93,122,140,170,170,200,20,34,34,55,55,176,176,195,218,241,19,19,60,60,94,118,118,118],"floor_reached":27,"playtime":1062,"items_purged":["hermit:Strike_Hermit"],"score":302,"play_id":"9f1dd939-6bf4-48f6-8ec8-e3e258007377","local_time":"20201211212442","is_ascension_mode":true,"campfire_choices":[{"floor":15.0,"key":"REST"}],"circlet_count":0,"master_deck":["hermit:Strike_Hermit","hermit:Strike_Hermit","hermit:Defend_Hermit","hermit:Defend_Hermit","hermit:Defend_Hermit","hermit:Defend_Hermit","hermit:Snapshot","hermit:Covet","hermit:Determination","hermit:NoHoldsBarred","expansioncontent:DecasProtection","hermit:Manifest","hermit:Glare","hermit:GhostlyPresence","hermit:Snipe","hermit:Determination","hermit:Cheat","hermit:Desperado","hermit:PistolWhip","hermit:SprayPray","Injury","hermit:Cheat","hermit:FinalCanter","hermit:GhostlyPresence+1","hermit:ShadowCloak","hermit:Adapt","hermit:Dive","hermit:Coalescence"],"relics":["hermit:Momento","Bronze Scales","Vajra","The Courier","Golden Idol","SacredBark","PreservedInsect","hermit:CharredGlove","Singing Bowl","Anchor"],"acts_visited":[],"potions_floor_usage":[18,23,23,27],"damage_taken":[{"damage":1.0,"enemies":"Cultist","floor":1.0,"turns":3.0},{"damage":0.0,"enemies":"Small Slimes","floor":3.0,"turns":3.0},{"damage":0.0,"enemies":"2 Louse","floor":5.0,"turns":2.0},{"damage":22.0,"enemies":"Gremlin Nob","floor":6.0,"turns":4.0},{"damage":0.0,"enemies":"Large Slime","floor":7.0,"turns":5.0},{"damage":9.0,"enemies":"Lagavulin","floor":8.0,"turns":7.0},{"damage":8.0,"enemies":"Blue Slaver","floor":12.0,"turns":4.0},{"damage":0.0,"enemies":"3 Louse","floor":14.0,"turns":3.0},{"damage":34.0,"enemies":"Slime Boss","floor":16.0,"turns":6.0},{"damage":2,"enemies":"3 Byrds","floor":18,"turns":2},{"damage":19,"enemies":"2 Thieves","floor":19,"turns":4},{"damage":17,"enemies":"Snecko","floor":20,"turns":5},{"damage":11,"enemies":"Book of Stabbing","floor":23,"turns":5},{"damage":47,"enemies":"Gremlin Leader","floor":25,"turns":4},{"damage":6,"enemies":"Shelled Parasite and Fungi","floor":27,"turns":4}],"seed_played":"-2242845304843867252","potions_obtained":[{"floor":0.0,"key":"SneckoOil"},{"floor":0.0,"key":"Dexterity Potion"},{"floor":0.0,"key":"sneckomod:MuddlingPotion"},{"floor":1.0,"key":"Fire Potion"},{"floor":7.0,"key":"hermit:BlackBile"},{"floor":8.0,"key":"Explosive Potion"},{"floor":19,"key":"FearPotion"},{"floor":20,"key":"SkillPotion"}],"is_trial":false,"path_per_floor":["M","?","M","?","M","E","M","E","T","?","$","M","?","M","R","B",null,"M","M","M","$","?","E","?","E","T","M"],"character_chosen":"HERMIT","items_purchased":["hermit:Determination","hermit:Cheat","hermit:Desperado","hermit:PistolWhip","PreservedInsect","hermit:Dive"],"campfire_rested":1,"item_purchase_floors":[11,11,11,11,21,21],"current_hp_per_floor":[74,74,74,74,74,52,52,43,43,43,43,35,35,35,57,23,75,73,54,37,37,37,26,51,6,6,0,0],"gold":118,"neow_bonus":"THREE_SMALL_POTIONS","is_daily":false,"chose_seed":false,"campfire_upgraded":0,"win_rate":0.0,"timestamp":1607739882,"path_taken":["M","?","M","?","M","E","?","E","T","?","$","M","?","M","R","BOSS","M","M","M","$","?","E","?","E","T","M"],"items_purchased_type":["Card","Card","Card","Card","Relic","Card"],"build_version":"2020-11-30","purchased_purges":1,"victory":false,"max_hp_per_floor":[75,75,75,75,75,75,75,75,75,75,75,75,75,75,75,75,75,75,75,75,75,75,75,75,77,77,77,77],"card_choices":[{"not_picked":["hermit:Roulette","hermit:HighCaliber"],"picked":"hermit:Determination","floor":1.0},{"not_picked":["hermit:BodyArmor","hermit:Grudge"],"picked":"hermit:NoHoldsBarred","floor":3.0},{"not_picked":["hermit:LowProfile","hermit:TrackingShot"],"picked":"hermit:Manifest","floor":5.0},{"not_picked":["hermit:LoneWolf","hermit:WideOpen"],"picked":"hermit:Glare","floor":6.0},{"not_picked":["hermit:LoneWolf","hermit:TrackingShot"],"picked":"hermit:GhostlyPresence","floor":7.0},{"not_picked":["hermit:LoneWolf","hermit:Quickdraw"],"picked":"hermit:Snipe","floor":8.0},{"not_picked":["hermit:NoHoldsBarred","hermit:HighNoon"],"picked":"hermit:SprayPray","floor":12.0},{"not_picked":["hermit:WideOpen","hermit:Headshot"],"picked":"hermit:Cheat","floor":14.0},{"not_picked":["hermit:BlackWind","hermit:FromBeyond"],"picked":"hermit:FinalCanter","floor":16.0},{"not_picked":["hermit:WideOpen","hermit:Headshot"],"picked":"hermit:GhostlyPresence+1","floor":18},{"not_picked":["hermit:Coalescence","hermit:HoleUp"],"picked":"hermit:ShadowCloak","floor":19},{"not_picked":["hermit:Roulette","hermit:ItchyTrigger"],"picked":"hermit:Adapt","floor":20},{"not_picked":["hermit:LuckOfTheDraw","hermit:Determination+1"],"picked":"hermit:Coalescence","floor":23},{"not_picked":["hermit:WideOpen","hermit:NoHoldsBarred","hermit:OverwhelmingPower"],"picked":"Singing Bowl","floor":25}],"player_experience":527212,"relics_obtained":[{"floor":6.0,"key":"Bronze Scales"},{"floor":8.0,"key":"Vajra"},{"floor":9.0,"key":"The Courier"},{"floor":23,"key":"hermit:CharredGlove"},{"floor":25,"key":"Singing Bowl"},{"floor":26,"key":"Anchor"}],"event_choices":[{"cards_removed":["hermit:Strike_Hermit"],"damage_healed":0.0,"max_hp_gain":0.0,"max_hp_loss":0.0,"gold_gain":0.0,"event_name":"The Cleric","player_choice":"Card Removal","floor":2.0,"gold_loss":50.0,"damage_taken":0.0},{"damage_healed":0.0,"max_hp_gain":0.0,"max_hp_loss":0.0,"gold_gain":0.0,"event_name":"Match and Keep!","player_choice":"1 cards matched","floor":4.0,"gold_loss":0.0,"damage_taken":0.0,"cards_obtained":["expansioncontent:DecasProtection"]},{"damage_healed":0.0,"max_hp_gain":0.0,"max_hp_loss":0.0,"gold_gain":30.0,"event_name":"Dead Adventurer","player_choice":"Searched \u00271\u0027 times","floor":10.0,"gold_loss":0.0,"damage_taken":0.0},{"damage_healed":0.0,"max_hp_gain":0.0,"max_hp_loss":0.0,"gold_gain":0.0,"event_name":"Golden Idol","player_choice":"Take Wound","floor":13.0,"gold_loss":0.0,"damage_taken":0.0,"relics_obtained":["Golden Idol"],"cards_obtained":["Injury"]},{"damage_healed":0,"gold_gain":0,"player_choice":"Ignored","damage_taken":0,"max_hp_gain":0,"max_hp_loss":0,"event_name":"Vampires","floor":22,"gold_loss":0},{"damage_healed":25,"gold_gain":0,"player_choice":"Heal","damage_taken":0,"max_hp_gain":0,"max_hp_loss":0,"event_name":"The Library","floor":24,"gold_loss":0}],"is_beta":false,"boss_relics":[{"not_picked":["Runic Pyramid","hermit:DentedPlate"],"picked":"SacredBark"}],"items_purged_floors":[21],"is_endless":false,"potions_floor_spawned":[1,3,7,8,19,20],"killed_by":"Shelled Parasite and Fungi","ascension_level":3}}