{"host":"oeh4wb93hhtrshvk","time":1607816899,"event":{"mods":["2.2 Compatiblity","AchievementEnabler","Act Like it!","Aspiration","BaseMod","Better Skull","Better Third Choice","Block Reminder","Card Filter","Colored Powertips","Conspire","Curses Come First","Defuse TimeMaze Blight","Displayed Cursed Tome","Downfall","Energized Spire","GifTheSpireLib","Hermit","Hubris","Infinite Spire","Marisa????????","Minty Spire (QoL Compilation)","Pale of the Ancients","Quick Restart","Rare Cards Sparkle","Relic Filter","Replay The Spire","Shop Mod","Spicy Shops","StSLib","The Blue Laboratory","The Cursed","The Disciple","Transform Curses","Wandering Minibosses","vexMod"],"gold_per_floor":[116,129,183,3,3,36,48,123,123,34,34,46,46,75,75,175,175,193,205,46,46,66,66,66,80,80,80,80],"floor_reached":27,"playtime":2864,"items_purged":[],"score":198,"play_id":"9ce23974-7fd1-4f89-836a-56d7ed18fe0f","local_time":"20201213004819","daily_mods":["Heirloom","DeadlyEvents"],"is_ascension_mode":false,"campfire_choices":[{"data":"hubris:Fate","floor":11,"key":"SMITH"},{"data":"hermit:FromBeyond","floor":13,"key":"SMITH"}],"circlet_count":0,"master_deck":["hermit:Defend_Hermit","hermit:Defend_Hermit","hermit:Defend_Hermit","hermit:Defend_Hermit","hermit:Snapshot","hermit:Covet","hermit:GoldenBullet","hermit:Brawl","SwitchThreat","hubris:Fate+1","hermit:FromBeyond+1","hermit:GoldenBullet","hermit:FinalCanter","hermit:Glare+1","hermit:Roughhouse","hermit:EyeOfTheStorm+1","Mayhem+1","Slimebound:Tackle+1","Slimebound:Tackle+1","Slimebound:Tackle+1","RitualDagger","hermit:TakeAim+1"],"relics":["hermit:Momento","vexMod:HeadHunter","Membership Card","vexMod:BarristanHead","infinitespire:CheckeredPen","Replay:Rubber Ducky","SlaversCollar","Replay:Arrowhead","vexMod:PaidLearning","Quantum Egg"],"acts_visited":["Exordium","TheCity"],"potions_floor_usage":[14,27],"damage_taken":[{"damage":0,"enemies":"2 Louse","floor":1,"turns":2},{"damage":0,"enemies":"Small Slimes","floor":2,"turns":5},{"damage":24,"enemies":"Gremlin Nob","floor":6,"turns":5},{"damage":8,"enemies":"Jaw Worm","floor":7,"turns":3},{"damage":19,"enemies":"2 Fungi Beasts","floor":10,"turns":6},{"damage":1,"enemies":"3 Louse","floor":12,"turns":2},{"damage":0,"enemies":"Lagavulin","floor":14,"turns":4},{"damage":0,"enemies":"Slime Boss","floor":16,"turns":3},{"damage":0,"enemies":"Spheric Guardian","floor":18,"turns":3},{"damage":13,"enemies":"Shell Parasite","floor":19,"turns":3},{"damage":13,"enemies":"Snecko","floor":22,"turns":4},{"damage":11,"enemies":"Centurion and Healer","floor":25,"turns":3},{"damage":43,"enemies":"Gremlin Leader","floor":27,"turns":5}],"seed_played":"-3334560869943747907","potions_obtained":[{"floor":1,"key":"blueLaboratory:Moonshine"},{"floor":7,"key":"hermit:BlackBile"},{"floor":12,"key":"FearPotion"},{"floor":18,"key":"blueLaboratory:EnragingPotion"}],"is_trial":true,"path_per_floor":["M","M","?","$","?","E","M","?","T","M","R","M","R","E","R","B",null,"M","M","$","?","M","?","?","M","T","E"],"character_chosen":"HERMIT","items_purchased":["Membership Card","hermit:Brawl","Replay:Arrowhead","Mayhem","vexMod:PaidLearning"],"campfire_rested":0,"item_purchase_floors":[4,4,20,20,20],"current_hp_per_floor":[75,75,75,75,75,51,58,47,47,28,28,27,27,27,49,49,75,75,62,62,62,49,57,51,40,40,0,0],"gold":80,"neow_bonus":"","is_daily":false,"chose_seed":false,"campfire_upgraded":2,"win_rate":0.0,"timestamp":1607816899,"path_taken":["M","M","?","$","?","E","?","?","T","?","R","M","R","?","R","BOSS","M","M","$","?","M","?","?","?","T","E"],"items_purchased_type":["Relic","Card","Relic","Card","Relic"],"build_version":"2020-11-30","purchased_purges":0,"victory":false,"max_hp_per_floor":[75,75,75,75,75,75,75,75,75,75,75,75,75,75,75,75,75,75,75,75,75,75,75,75,75,75,75,75],"card_choices":[{"not_picked":["hermit:LowProfile","hermit:BodyArmor"],"picked":"hermit:GoldenBullet","floor":1},{"not_picked":["hermit:SprayPray","hermit:TrackingShot","hermit:Coalescence"],"picked":"SKIP","floor":2},{"not_picked":["infinitespire:SealOfDarkness+","ReplayTheSpireMod:Echoes of Time"],"picked":"hubris:Fate","floor":5},{"not_picked":["hermit:Purgatory","hermit:EternalForm"],"picked":"hermit:FromBeyond","floor":6},{"not_picked":["hermit:Virtue","hermit:Showdown"],"picked":"hermit:GoldenBullet","floor":6},{"not_picked":["hermit:Manifest","hermit:Ricochet","hermit:Shortfuse"],"picked":"SKIP","floor":7},{"not_picked":["hermit:TrackingShot","hermit:WideOpen","hermit:LowProfile"],"picked":"SKIP","floor":10},{"not_picked":["hermit:Ricochet","hermit:Snipe","hermit:BigShot"],"picked":"SKIP","floor":12},{"not_picked":["hermit:BlackWind","hermit:Adapt"],"picked":"hermit:FinalCanter","floor":14},{"not_picked":["hermit:Dive","hermit:Coalescence"],"picked":"hermit:Glare","floor":14},{"not_picked":["hermit:Purgatory","hermit:Reprieve"],"picked":"hermit:Roughhouse","floor":16},{"not_picked":["hermit:Snipe+1","hermit:LowProfile","hermit:Desperado"],"picked":"SKIP","floor":18},{"not_picked":["hermit:Vantage","hermit:HoleUp"],"picked":"hermit:EyeOfTheStorm","floor":19},{"not_picked":["hermit:Manifest","hermit:Ricochet","hermit:BodyArmor"],"picked":"SKIP","floor":22},{"not_picked":["hermit:SprayPray","hermit:Midnight"],"picked":"hermit:TakeAim+1","floor":25}],"player_experience":624841,"relics_obtained":[{"floor":6,"key":"vexMod:BarristanHead"},{"floor":9,"key":"infinitespire:CheckeredPen"},{"floor":14,"key":"Replay:Rubber Ducky"},{"floor":26,"key":"Quantum Egg"}],"event_choices":[{"damage_healed":0,"gold_gain":54,"player_choice":"Gained Gold","damage_taken":0,"max_hp_gain":0,"max_hp_loss":0,"event_name":"Golden Wing","floor":3,"gold_loss":0},{"damage_healed":0,"gold_gain":75,"player_choice":"Gold","damage_taken":11,"max_hp_gain":0,"max_hp_loss":0,"event_name":"betterThird:BetterGoop","floor":8,"gold_loss":0},{"damage_healed":0,"gold_gain":0,"player_choice":"Dagger","damage_taken":6,"max_hp_gain":0,"max_hp_loss":0,"event_name":"betterThird:BetterNest","floor":24,"gold_loss":0,"cards_obtained":["RitualDagger"]}],"is_beta":false,"boss_relics":[{"not_picked":["Philosopher\u0027s Stone","hubris:BlackHole"],"picked":"SlaversCollar"}],"items_purged_floors":[],"is_endless":false,"potions_floor_spawned":[1,7,12,18,25],"killed_by":"Gremlin Leader","ascension_level":0}}