{"host":"vr9me2kif8p2xyyc","time":1607753746,"event":{"mods":["2.2 Compatiblity","A Magickal Journey","AchievementEnabler","Act Like it!","Ascension Reborn","Aspiration","Astrologer","Bard","Bartender","BaseMod","Beaked The Cultist","Best Route Mod","Better Match","Better Note","Better Skull","Better Third Choice","BetterRewards","Block Reminder","Booster Modes","CapriCore","Challenge The Spire","ChefMod","Clawfect","Colored Map","Colored Powertips","Conjunction","Conspire","Downfall","Elementarium","Energized Spire","Friendly Minions","GifTheSpireLib","Glutton Mod","Halation","Hallownest","Hermit","Hubris","Jorbs\u0027s Wanderer Trilogy","Mad Scientist","Marisa????????","Minty Spire (QoL Compilation)","Pale of the Ancients","Permanent Neow","Potionbrewer","Puzzle Mod","QueenMod","Quick Restart","Random Character Button","Rare Cards Sparkle","Relic Stats","Remilia??????","Replay The Spire","Reworked Bosses","Robot Space Explorer","SCP261 Mod","SIMod","Shop Mod","Slumbering Mod","Spikes Relics","StSLib","Stuff the Spire","SuperFastMode","Td1madao Mod","The Alterego","The Animator","The Blackbeard","The Bladedancer","The Blue Laboratory","The Bug Knight","The Clintock","The Construct","The Cursed","The Death Knight","The Disciple","The Dragon Tamer","The Druid","The Elementalist","The Exalted","The Extravagant","The Fake Hero","The Florist","The Forsaken","The Gatherer","The Hayseed","The Hierophant","The Immortal","The Judge","The Jungle","The Kombatant","The Mystic","The Necromancer","The Poker Player","The Problem Sleuth","The Runesmith","The Sage","The Servant 0.9.4","The Spell Scribe","The Valiant","TheArtist","TheBandit","TheFirefly","TheLocksmith","TheVacant","TheWitcher","Wandering Minibosses","Yohane!","thorton"],"gold_per_floor":[115,115,115,136,61,61,84,118,168,18,31,31,3,3,3,123,123,148,173,395,214,14,90,90,138,138,162,162,265,265,415,415,564,564,578,630,651,284,284,356,392,149,149,177,177,205,205,279,279,331,331],"floor_reached":50,"playtime":4251,"items_purged":["Injury","Writhe","Regret","astrologer:Strike"],"score":742,"play_id":"b261bad9-7c36-4586-8290-ac6d330cd95e","local_time":"20201212001546","is_ascension_mode":true,"campfire_choices":[{"data":"Metamorphosis","floor":6.0,"key":"SMITH"},{"floor":12.0,"key":"REST"},{"data":"astrologer:Shine","floor":15.0,"key":"SMITH"},{"data":"astrologer:Trine","floor":24.0,"key":"SMITH"},{"floor":28.0,"key":"REST"},{"floor":30.0,"key":"REST"},{"floor":32.0,"key":"DIG"},{"floor":45.0,"key":"REST"},{"floor":49.0,"key":"REST"}],"circlet_count":0,"master_deck":["astrologer:Strike","astrologer:Strike","astrologer:Strike","astrologer:Defend","astrologer:Defend","astrologer:Defend","astrologer:Defend","astrologer:NorthStar","astrologer:TheFool+1","Metamorphosis+1","astrologer:Stardust","astrologer:Stardust","astrologer:Glimpse+1","astrologer:SpaceDust","astrologer:Shine+1","astrologer:CosmicExpanse","astrologer:Trine+1","astrologer:NeutronStar","conspire:SpireCoStock","conspire:SpireCoStock","conspire:SpireCoStock","conspire:SpireCoStock","astrologer:SpaceDust+1","astrologer:NeutronStar+1","astrologer:Starfield+1","astrologer:TheEmpress+1","astrologer:TheEmperor","astrologer:TheEmperor+1","Bandage Up","astrologer:TheEmpress+1","astrologer:Shine","expansioncontent:SuperHexaguard","astrologer:CosmicExpanse+1","astrologer:Novile+1","StuffTheSpire:BrainWave","astrologer:SpaceDust+1"],"relics":["astrologer:SkyMirror","MerchantsRug","halation:PinkSoulGem","Golden Idol","Replay:WaspNest","Toy Ornithopter","sagemod:The_Guidebook_Guide","StuffTheSpire:RedRose","SlaversCollar","Bromod:ArcaneMomentum","ReplayTheSpireMod:Shallot","Gremlin Horn","thethorton:CrushedCigarette","SpikesRelics:DaevaFist","halation:EternalFortune","Guide Book","Frozen Egg 2"],"acts_visited":[],"potions_floor_usage":[],"damage_taken":[{"damage":0.0,"enemies":"Small Slimes","floor":1.0,"turns":3.0},{"damage":10.0,"enemies":"2 Louse","floor":4.0,"turns":3.0},{"damage":2.0,"enemies":"conspire:RoseBush","floor":7.0,"turns":3.0},{"damage":28.0,"enemies":"HollowMod:MossKnight","floor":8.0,"turns":5.0},{"damage":8.0,"enemies":"2 Fungi Beasts","floor":11.0,"turns":4.0},{"damage":20.0,"enemies":"Hexaghost","floor":16.0,"turns":6.0},{"damage":6.0,"enemies":"Hallownest:Flukemon_and_Top","floor":18.0,"turns":5.0},{"damage":26.0,"enemies":"Hallownest:3_Youths","floor":19.0,"turns":5.0},{"damage":9.0,"enemies":"Hallownest:Nosk","floor":23.0,"turns":13.0},{"damage":9.0,"enemies":"Hallownest:Warrior_and_Youth","floor":25.0,"turns":7.0},{"damage":0.0,"enemies":"Hallownest:3_Mistakes","floor":27.0,"turns":1.0},{"damage":20.0,"enemies":"Hallownest:2_Flukemon","floor":29.0,"turns":9.0},{"damage":39.0,"enemies":"Hallownest:BossMantisLord","floor":33.0,"turns":7.0},{"damage":16.0,"enemies":"3 Shapes","floor":35.0,"turns":4.0},{"damage":30.0,"enemies":"Orb Walker","floor":36.0,"turns":5.0},{"damage":0.0,"enemies":"Jaw Worm Horde","floor":37.0,"turns":1.0},{"damage":5.0,"enemies":"Reptomancer","floor":40.0,"turns":5.0},{"damage":17.0,"enemies":"Maw","floor":41.0,"turns":6.0},{"damage":18.0,"enemies":"3 Darklings","floor":44.0,"turns":5.0},{"damage":13.0,"enemies":"Sphere and 2 Shapes","floor":46.0,"turns":3.0},{"damage":4.0,"enemies":"4 Shapes","floor":48.0,"turns":5.0},{"damage":57,"enemies":"bossMod:newShapes","floor":50,"turns":7}],"seed_played":"6770066738588662222","potions_obtained":[{"floor":7.0,"key":"Dexterity Potion"},{"floor":16.0,"key":"Guardian:BlockOnCardUsePotion"},{"floor":19.0,"key":"DistilledChaos"},{"floor":25.0,"key":"Fire Potion"},{"floor":27.0,"key":"blueLaboratory:RememoryPotion"},{"floor":29.0,"key":"Languid Potion"},{"floor":36.0,"key":"blueLaboratory:SavagePotion"},{"floor":44.0,"key":"TheSimpletonMod:KindlingPotion"},{"floor":46.0,"key":"potionbrewer:NoxiousPotion"}],"is_trial":false,"path_per_floor":["M","?","?","M","$","R","M","E","T","$","M","R","$","?","R","B",null,"M","M","?","$","?","E","R","M","T","M","R","M","R","?","R_BF","B",null,"M","M","M","$","?","E","M","$","T","M","R","M","?","M","R","B"],"character_chosen":"ASTROLOGER","items_purchased":["MerchantsRug","Metamorphosis","sagemod:The_Guidebook_Guide","ReplayTheSpireMod:CursedCoin","astrologer:CosmicExpanse","astrologer:NeutronStar","SpikesRelics:DaevaFist","Bandage Up","expansioncontent:SuperHexaguard","Guide Book"],"campfire_rested":5,"item_purchase_floors":[0,0,10,13,13,21,38,38,42,42],"current_hp_per_floor":[70,70,70,60,60,60,58,30,30,30,22,43,43,43,43,23,70,64,48,48,48,48,39,39,30,30,30,51,36,57,57,57,18,70,54,29,29,29,32,36,23,23,23,13,34,30,30,31,50,0,0],"gold":331,"neow_bonus":"","is_daily":false,"chose_seed":false,"campfire_upgraded":3,"win_rate":0.0,"timestamp":1607753746,"path_taken":["M","?","?","M","$","R","M","E","T","?","M","R","$","?","R","BOSS","M","M","?","$","?","E","R","?","T","M","R","?","R","?","R_BF","BOSS","M","M","M","$","?","E","M","$","T","M","R","M","?","M","R","BOSS"],"items_purchased_type":["Relic","Card","Relic","Relic","Card","Card","Relic","Card","Card","Relic"],"build_version":"2020-11-30","purchased_purges":4,"victory":false,"max_hp_per_floor":[70,70,70,70,70,70,70,70,70,70,70,70,70,70,70,70,70,70,70,70,70,70,70,70,70,70,70,70,70,70,70,70,70,70,70,70,70,70,73,73,73,73,73,73,73,73,66,66,66,66,66],"relic_stats":{"Gremlin Horn":[16,16],"counters":[65,383],"Golden Idol":131,"obtain_stats":[{"hermit:ClaspedLocket":34,"conspire:RoyalGoblet":34,"Gremlin Horn":32,"CeramicFish":10,"potionbrewer:AlchemistFlask":19,"Conjunction:SoulLantern":46,"Whetstone":40,"Old Coin":38,"Strawberry":42,"Honey Jar":17,"halation:KoshaPiece":26,"MerchantsRug":30,"Sneakers":0,"Happy Flower":23,"wanderingMiniBosses:ThiefScarf":46,"aspiration:Nostalgia":0,"ReplayTheSpireMod:CursedCoin":13,"Bromod:ArcaneConsequence":10,"SlaversCollar":17,"aspiration:EmptySkull":9,"ReplayTheSpireMod:Shallot":26,"thethorton:CrushedCigarette":34,"hermit:Momento":0,"Abe\u0027s Treasure":17,"NlothsMask":21,"SnailShell":47,"halation:TrafficLight":0,"BrokenLever":43,"halation:WeightlessCrab":50,"sagemod:Blowpipe":6,"sagemod:The_Guidebook_Guide":48,"Winged Necklace":46,"theForsaken:Kindling":25,"MiniBlackHole":14,"elementalistmod:YellowCirclet":4,"astrologer:SkyMirror":0,"StuffTheSpire:RedRose":14,"Golden Idol":3,"Guide Book":42,"Replay:WaspNest":8,"theSlumbering:SlimeShield":28,"hubris:Towel":7,"Frozen Egg 2":43,"Bromod:ArcaneMomentum":48,"halation:EternalFortune":39,"Snack Pack":9,"SpikesRelics:DaevaFist":38,"Runesmith:AutoHammer":50,"halation:PinkSoulGem":3,"Toy Ornithopter":9,"Huge Egg":26,"ReplayTheSpireMod:ShopPack":28},{"hermit:ClaspedLocket":16,"conspire:RoyalGoblet":33,"Gremlin Horn":55,"CeramicFish":5,"potionbrewer:AlchemistFlask":27,"Conjunction:SoulLantern":41,"Whetstone":60,"Old Coin":36,"Strawberry":39,"Honey Jar":26,"halation:KoshaPiece":30,"MerchantsRug":14,"Sneakers":0,"Happy Flower":29,"wanderingMiniBosses:ThiefScarf":41,"aspiration:Nostalgia":0,"ReplayTheSpireMod:CursedCoin":48,"Bromod:ArcaneConsequence":22,"SlaversCollar":49,"aspiration:EmptySkull":5,"ReplayTheSpireMod:Shallot":53,"thethorton:CrushedCigarette":56,"hermit:Momento":0,"Abe\u0027s Treasure":9,"NlothsMask":27,"SnailShell":41,"halation:TrafficLight":18,"BrokenLever":39,"halation:WeightlessCrab":42,"sagemod:Blowpipe":21,"sagemod:The_Guidebook_Guide":41,"Winged Necklace":41,"theForsaken:Kindling":30,"MiniBlackHole":8,"elementalistmod:YellowCirclet":20,"astrologer:SkyMirror":0,"StuffTheSpire:RedRose":48,"Golden Idol":44,"Guide Book":61,"Replay:WaspNest":47,"theSlumbering:SlimeShield":14,"hubris:Towel":21,"Frozen Egg 2":61,"Bromod:ArcaneMomentum":41,"halation:EternalFortune":59,"Snack Pack":21,"SpikesRelics:DaevaFist":59,"Runesmith:AutoHammer":42,"halation:PinkSoulGem":2,"Toy Ornithopter":47,"Huge Egg":12,"ReplayTheSpireMod:ShopPack":30},{"hermit:ClaspedLocket":98,"conspire:RoyalGoblet":194,"Gremlin Horn":335,"CeramicFish":16,"potionbrewer:AlchemistFlask":145,"Conjunction:SoulLantern":257,"Whetstone":357,"Old Coin":213,"Strawberry":240,"Honey Jar":143,"halation:KoshaPiece":166,"MerchantsRug":72,"Sneakers":0,"Happy Flower":158,"wanderingMiniBosses:ThiefScarf":257,"aspiration:Nostalgia":0,"ReplayTheSpireMod:CursedCoin":289,"Bromod:ArcaneConsequence":124,"SlaversCollar":295,"aspiration:EmptySkull":16,"ReplayTheSpireMod:Shallot":325,"thethorton:CrushedCigarette":342,"hermit:Momento":0,"Abe\u0027s Treasure":38,"NlothsMask":145,"SnailShell":257,"halation:TrafficLight":109,"BrokenLever":240,"halation:WeightlessCrab":263,"sagemod:Blowpipe":117,"sagemod:The_Guidebook_Guide":257,"Winged Necklace":257,"theForsaken:Kindling":166,"MiniBlackHole":27,"elementalistmod:YellowCirclet":113,"astrologer:SkyMirror":0,"StuffTheSpire:RedRose":289,"Golden Idol":274,"Guide Book":363,"Replay:WaspNest":285,"theSlumbering:SlimeShield":72,"hubris:Towel":117,"Frozen Egg 2":363,"Bromod:ArcaneMomentum":257,"halation:EternalFortune":352,"Snack Pack":117,"SpikesRelics:DaevaFist":352,"Runesmith:AutoHammer":263,"halation:PinkSoulGem":7,"Toy Ornithopter":285,"Huge Egg":57,"ReplayTheSpireMod:ShopPack":166}],"Toy Ornithopter":35},"card_choices":[{"not_picked":["astrologer:Observe","astrologer:SpaceDust"],"picked":"astrologer:Stardust","floor":1.0},{"not_picked":["astrologer:TheHangedMan","astrologer:Observe"],"picked":"astrologer:Stardust","floor":4.0},{"not_picked":["astrologer:Prestidigitation","astrologer:Conjunction"],"picked":"astrologer:Glimpse","floor":7.0},{"not_picked":["astrologer:Stardust","astrologer:Moonlight"],"picked":"astrologer:SpaceDust","floor":8.0},{"not_picked":["astrologer:SolarFlare","astrologer:FrozenStar"],"picked":"astrologer:Shine","floor":11.0},{"not_picked":["astrologer:Wish","astrologer:Fate"],"picked":"astrologer:Trine","floor":16.0},{"not_picked":["astrologer:Stardust","astrologer:Radiance","astrologer:Eclipse"],"picked":"SKIP","floor":18.0},{"not_picked":["astrologer:SolarFlare+1","astrologer:TheHangedMan","astrologer:FrozenStar"],"picked":"SKIP","floor":19.0},{"not_picked":["astrologer:Strength","astrologer:TheTower"],"picked":"astrologer:SpaceDust+1","floor":23.0},{"not_picked":["astrologer:SpaceDust","astrologer:Still+1","astrologer:Quincunx+1"],"picked":"SKIP","floor":25.0},{"not_picked":["astrologer:Prismatic+1","astrologer:CometStrike","astrologer:TheHighPriestess"],"picked":"SKIP","floor":27.0},{"not_picked":["astrologer:Sunrise","astrologer:Temperance"],"picked":"astrologer:NeutronStar","floor":29.0},{"not_picked":["astrologer:HeatDeath","astrologer:Premonition"],"picked":"astrologer:Starfield","floor":33.0},{"not_picked":["astrologer:Novile","astrologer:MeteorShower+1"],"picked":"astrologer:TheEmpress+1","floor":35.0},{"not_picked":["astrologer:Opposition","astrologer:ReadTheStars"],"picked":"astrologer:TheEmperor","floor":36.0},{"not_picked":["astrologer:CometStrike+1","astrologer:Eclipse+1"],"picked":"astrologer:TheEmperor+1","floor":37.0},{"not_picked":["astrologer:SolarFlare","astrologer:Still+1"],"picked":"astrologer:TheEmpress+1","floor":40.0},{"not_picked":["astrologer:TheTower+1","astrologer:StarOfCourage"],"picked":"astrologer:Shine","floor":41.0},{"not_picked":["astrologer:Radiance","astrologer:Observe+1"],"picked":"astrologer:CosmicExpanse+1","floor":44.0},{"not_picked":["astrologer:Still+1","astrologer:Death"],"picked":"astrologer:Novile+1","floor":46.0},{"not_picked":["astrologer:Opposition","astrologer:MeteorShower+1"],"picked":"astrologer:SpaceDust+1","floor":48.0}],"player_experience":1169156,"relics_obtained":[{"floor":8.0,"key":"Replay:WaspNest"},{"floor":9.0,"key":"Toy Ornithopter"},{"floor":23.0,"key":"Bromod:ArcaneMomentum"},{"floor":26.0,"key":"ReplayTheSpireMod:Shallot"},{"floor":32.0,"key":"Gremlin Horn"},{"floor":40.0,"key":"Whetstone"},{"floor":43.0,"key":"Frozen Egg 2"}],"event_choices":[{"damage_healed":0.0,"max_hp_gain":0.0,"max_hp_loss":0.0,"gold_gain":0.0,"event_name":"Golden Idol","player_choice":"Take Wound","floor":3.0,"gold_loss":0.0,"damage_taken":0.0,"relics_obtained":["Golden Idol"],"cards_obtained":["Injury"]},{"damage_healed":0.0,"max_hp_gain":0.0,"max_hp_loss":0.0,"gold_gain":0.0,"event_name":"conspire:Investor","player_choice":"Invest 4","floor":22.0,"gold_loss":0.0,"damage_taken":0.0}],"is_beta":false,"boss_relics":[{"not_picked":["halation:MonkeysPaw","Velvet Choker"],"picked":"SlaversCollar"},{"not_picked":["Fusion Hammer","potionbrewer:BhaskarasWheel"],"picked":"thethorton:CrushedCigarette"}],"items_purged_floors":[5,13,21,38],"is_endless":false,"potions_floor_spawned":[7,16,19,25,27,29,36,37,44,46],"killed_by":"bossMod:newShapes","ascension_level":0}}