{"host":"jm9833yuloeli2yd","time":1607796455,"event":{"mods":["AchievementEnabler","BaseMod","Better Altar","Better Match","Better Note","Better Sensory Stone","Better Skull","Better Vampires","Colored Map","Colored Powertips","DeckTracker","Minty Spire (QoL Compilation)","Permanent Neow","Quick Restart","StSLib","SuperFastMode"],"gold_per_floor":[118,129,148,167,242,242,26,56,56,91,91,106,106,118,118,195,195,213,69,86,96,96,129,129,129,129],"floor_reached":25,"playtime":750,"items_purged":["Strike_B","Pain"],"score":466,"play_id":"7d5ff711-2b2f-4ff6-b22b-1224c9a2264d","local_time":"20201212130735","is_ascension_mode":true,"campfire_choices":[{"data":"Go for the Eyes","floor":6.0,"key":"SMITH"},{"floor":15,"key":"REST"},{"floor":24,"key":"REST"}],"circlet_count":0,"master_deck":["AscendersBane","Strike_B","Strike_B","Strike_B","Defend_B","Defend_B","Defend_B","Defend_B","Zap","Dualcast","Ball Lightning","Go for the Eyes+1","Ball Lightning","Cold Snap","Genetic Algorithm","Beam Cell","Echo Form","Rip and Tear","Self Repair","Ball Lightning","Seek","Sunder","Defragment","Hologram","Steam","RitualDagger","Genetic Algorithm+1"],"relics":["Cracked Core","Membership Card","Pen Nib","MealTicket","Bottled Tornado","WarpedTongs","Nuclear Battery","Lantern"],"acts_visited":["Exordium","TheCity"],"potions_floor_usage":[10,16,23,25],"damage_taken":[{"damage":3.0,"enemies":"2 Louse","floor":1.0,"turns":2.0},{"damage":4.0,"enemies":"Small Slimes","floor":2.0,"turns":3.0},{"damage":0.0,"enemies":"Cultist","floor":3.0,"turns":3.0},{"damage":0.0,"enemies":"Large Slime","floor":4.0,"turns":4.0},{"damage":23.0,"enemies":"Lagavulin","floor":8.0,"turns":6.0},{"damage":15,"enemies":"3 Sentries","floor":10,"turns":6},{"damage":5,"enemies":"Looter","floor":12,"turns":3},{"damage":0,"enemies":"Blue Slaver","floor":14,"turns":2},{"damage":11,"enemies":"Slime Boss","floor":16,"turns":7},{"damage":37,"enemies":"3 Byrds","floor":18,"turns":4},{"damage":0,"enemies":"Chosen","floor":20,"turns":5},{"damage":12,"enemies":"Snake Plant","floor":21,"turns":4},{"damage":43,"enemies":"Gremlin Leader","floor":23,"turns":5},{"damage":41,"enemies":"Slavers","floor":25,"turns":3}],"seed_played":"7801591695461936804","potions_obtained":[{"floor":1.0,"key":"BlessingOfTheForge"},{"floor":4.0,"key":"FearPotion"},{"floor":14,"key":"Swift Potion"},{"floor":16,"key":"SpeedPotion"}],"is_trial":false,"path_per_floor":["M","M","M","M","?","R","$","E","T","E","?","M","?","M","R","B",null,"M","$","M","M","?","E","R","E"],"character_chosen":"DEFECT","items_purchased":["Membership Card","Beam Cell","Defragment","FocusPotion","Hologram"],"campfire_rested":2,"item_purchase_floors":[7,7,19,19,19],"current_hp_per_floor":[61,57,57,57,46,46,46,23,23,8,8,3,3,3,24,20,58,21,36,50,52,46,10,31,0,0],"gold":129,"neow_bonus":"THREE_CARDS","is_daily":false,"chose_seed":false,"campfire_upgraded":1,"win_rate":0.0,"timestamp":1607796455,"path_taken":["M","M","M","M","?","R","$","E","T","E","?","M","?","?","R","BOSS","M","$","M","M","?","E","R","E"],"items_purchased_type":["Relic","Card","Card","Potion","Card"],"build_version":"2020-11-30","purchased_purges":2,"victory":false,"max_hp_per_floor":[71,71,71,71,71,71,71,71,71,71,71,71,71,71,71,71,71,71,71,71,71,71,71,71,71,71],"card_choices":[{"not_picked":["Turbo","Streamline"],"picked":"Ball Lightning","floor":0.0},{"not_picked":["Aggregate","Beam Cell"],"picked":"Go for the Eyes","floor":1.0},{"not_picked":["Sweeping Beam","Steam"],"picked":"Ball Lightning","floor":2.0},{"not_picked":["Gash","Reprogram"],"picked":"Cold Snap","floor":3.0},{"not_picked":["Steam","Ball Lightning"],"picked":"Genetic Algorithm","floor":4.0},{"not_picked":["Compile Driver","Coolheaded"],"picked":"Echo Form","floor":8.0},{"not_picked":["Barrage","Sweeping Beam"],"picked":"Rip and Tear","floor":10},{"not_picked":["Coolheaded","Rip and Tear"],"picked":"Self Repair","floor":12},{"not_picked":["Recycle","Go for the Eyes"],"picked":"Ball Lightning","floor":14},{"not_picked":["All For One","Machine Learning"],"picked":"Seek","floor":16},{"not_picked":["Beam Cell","Sunder","Tempest"],"picked":"SKIP","floor":18},{"not_picked":["Beam Cell","Tempest"],"picked":"Sunder","floor":18},{"not_picked":["Darkness","Streamline","Doom and Gloom+1"],"picked":"SKIP","floor":20},{"not_picked":["Streamline","Ball Lightning"],"picked":"Steam","floor":21},{"not_picked":["Stack","Ball Lightning+1"],"picked":"Genetic Algorithm+1","floor":23}],"player_experience":1028090,"relics_obtained":[{"floor":8.0,"key":"Pen Nib"},{"floor":9.0,"key":"MealTicket"},{"floor":10,"key":"Bottled Tornado"},{"floor":23,"key":"Lantern"}],"event_choices":[{"damage_healed":0.0,"max_hp_gain":0.0,"max_hp_loss":0.0,"gold_gain":75.0,"event_name":"World of Goop","player_choice":"Gather Gold","floor":5.0,"gold_loss":0.0,"damage_taken":11.0},{"damage_healed":0,"gold_gain":0,"player_choice":"Ignored","damage_taken":0,"max_hp_gain":0,"max_hp_loss":0,"event_name":"Shining Light","floor":11,"gold_loss":0},{"damage_healed":0,"gold_gain":0,"player_choice":"Rummage","damage_taken":0,"relics_obtained":["WarpedTongs"],"max_hp_gain":0,"max_hp_loss":0,"event_name":"Accursed Blacksmith","floor":13,"gold_loss":0,"cards_obtained":["Pain"]},{"damage_healed":0,"gold_gain":0,"player_choice":"Joined the Cult","damage_taken":6,"max_hp_gain":0,"max_hp_loss":0,"event_name":"Nest","floor":22,"gold_loss":0,"cards_obtained":["RitualDagger"]}],"is_beta":false,"boss_relics":[{"not_picked":["Velvet Choker","FrozenCore"],"picked":"Nuclear Battery"}],"items_purged_floors":[7,19],"is_endless":false,"potions_floor_spawned":[1,4,14,16,20],"killed_by":"Slavers","ascension_level":20}}