{"host":"kstmajdnxm8lto3o","time":1607754335,"event":{"mods":["Aspiration","BaseMod","Better Third Choice","BetterRewards","CCEM","Conspire","Downfall","Gremlin Skip","Highlight Path","Hubris","Minty Spire (QoL Compilation)","Replay The Spire","Shop Mod","Spicy Shops","StSLib"],"gold_per_floor":[118,118,132,132,152,196,196,196,196,221,221,255,255,276,276,397,397,418,432,432,445,464,500,500,525,525,25,25,25],"floor_reached":28,"playtime":2883,"items_purged":[],"score":263,"play_id":"7c6b2c47-3be4-4311-b2e7-484da9f74579","local_time":"20201212012535","is_ascension_mode":true,"campfire_choices":[{"floor":8,"key":"REST"},{"data":"Noxious Fumes","floor":11,"key":"SMITH"},{"data":"Neutralize","floor":13,"key":"SMITH"},{"floor":15,"key":"REST"},{"floor":24,"key":"REST"}],"circlet_count":0,"master_deck":["Strike_G","Strike_G","Strike_G+1","Strike_G","Strike_G","Defend_G","Defend_G","Defend_G+1","Defend_G","Survivor","Neutralize+1","Backflip","Noxious Fumes+1","Bane","Dagger Spray","Tactician","Ball Lightning","Glass Knife","Malaise","Underhanded Strike+1","Acrobatics","Poisoned Stab+1","PiercingWail","Burst","Noxious Fumes+1"],"relics":["Ring of the Snake","TungstenRod","Golden Idol","Gremlin Food","hubris:DisguiseKit","Vajra","hubris:Backtick","Replay:Arrowhead","hubris:TinFlute","Bag of Marbles","aspiration:HummingbirdHeart","Letter Opener"],"acts_visited":["Exordium","TheCity"],"potions_floor_usage":[12,22,23,28,28],"damage_taken":[{"damage":0,"enemies":"2 Louse","floor":1,"turns":2},{"damage":0,"enemies":"conspire:RoseBush","floor":3,"turns":3},{"damage":0,"enemies":"Cultist","floor":5,"turns":4},{"damage":17,"enemies":"3 Sentries","floor":6,"turns":9},{"damage":0,"enemies":"Lots of Slimes","floor":10,"turns":3},{"damage":19,"enemies":"Gremlin Nob","floor":12,"turns":5},{"damage":7,"enemies":"Exordium Wildlife","floor":14,"turns":3},{"damage":21,"enemies":"Fading Forest","floor":16,"turns":11},{"damage":11,"enemies":"Spheric Guardian","floor":18,"turns":5},{"damage":3,"enemies":"conspire:FuzzyDice","floor":19,"turns":6},{"damage":9,"enemies":"Centurion and Healer","floor":21,"turns":5},{"damage":16,"enemies":"conspire:HollyBat","floor":22,"turns":8},{"damage":7,"enemies":"Replay:Snechameleon","floor":23,"turns":7},{"damage":30,"enemies":"Sentry and Sphere","floor":25,"turns":6},{"damage":12,"enemies":"Chosen and Byrds","floor":28,"turns":6}],"seed_played":"2090002048696830692","potions_obtained":[{"floor":6,"key":"AttackPotion"},{"floor":12,"key":"SkillPotion"},{"floor":14,"key":"Dexterity Potion"},{"floor":21,"key":"SkillPotion"},{"floor":22,"key":"AttackPotion"}],"is_trial":false,"path_per_floor":["M","?","M","?","M","E","?","R","T","M","R","E","R","M","R","B",null,"M","M","?","M","M","E","R","M","T","$","M"],"character_chosen":"THE_SILENT","items_purchased":["aspiration:HummingbirdHeart","Letter Opener"],"campfire_rested":3,"item_purchase_floors":[27,27],"current_hp_per_floor":[63,49,49,43,43,26,26,44,44,44,44,25,25,18,36,25,63,52,49,49,40,24,17,35,5,5,5,0,0],"gold":25,"neow_bonus":"ONE_RARE_RELIC","is_daily":false,"chose_seed":false,"campfire_upgraded":2,"win_rate":0.0,"timestamp":1607754335,"path_taken":["M","?","M","?","M","E","?","R","T","M","R","E","R","?","R","BOSS","M","?","?","?","M","E","R","M","T","?","M"],"items_purchased_type":["Relic","Relic"],"build_version":"2020-11-30","purchased_purges":0,"victory":false,"max_hp_per_floor":[63,63,63,63,63,63,63,63,63,63,63,63,63,63,63,63,63,63,63,63,63,63,63,63,63,63,63,63,63],"card_choices":[{"not_picked":["Quick Slash","hubris:Counter"],"picked":"Backflip","floor":1},{"not_picked":["Blade Dance","Backstab"],"picked":"Noxious Fumes","floor":3},{"not_picked":["Prepared","Underhanded Strike"],"picked":"Bane","floor":5},{"not_picked":["Toxin Wave","Heel Hook"],"picked":"Dagger Spray","floor":6},{"not_picked":["Dash","Skewer","Cold Snap"],"picked":"Tactician","floor":10},{"not_picked":["Hidden Blade","Heel Hook","Slice"],"picked":"Ball Lightning","floor":12},{"not_picked":["Dagger Throw","Dagger Spray","Cold Snap"],"picked":"Glass Knife","floor":14},{"not_picked":["Atom Bomb","Replay:Bag of Tricks","hubris:DoWhile"],"picked":"Malaise","floor":16},{"not_picked":["Hidden Blade","Concentrate","BasicCrystalCard"],"picked":"Underhanded Strike+1","floor":18},{"not_picked":["Well Laid Plans","Backflip","Recycle"],"picked":"Acrobatics","floor":19},{"not_picked":["Outmaneuver","Hidden Blade","Compile Driver"],"picked":"Poisoned Stab","floor":21},{"not_picked":["Blade Dance+1","Cloak And Dagger","Turbo"],"picked":"PiercingWail","floor":22},{"not_picked":["PiercingWail","Crippling Poison","Scrape"],"picked":"Burst","floor":23},{"not_picked":["Prepared","Backflip","Panic Button"],"picked":"Noxious Fumes+1","floor":25}],"player_experience":429815,"relics_obtained":[{"floor":6,"key":"Gremlin Food"},{"floor":9,"key":"hubris:DisguiseKit"},{"floor":12,"key":"Vajra"},{"floor":23,"key":"hubris:TinFlute"},{"floor":26,"key":"Bag of Marbles"}],"event_choices":[{"damage_healed":0,"gold_gain":0,"player_choice":"Take Damage","damage_taken":15,"relics_obtained":["Golden Idol"],"max_hp_gain":0,"max_hp_loss":0,"event_name":"Golden Idol","floor":2,"gold_loss":0},{"cards_removed":["Defend_G"],"damage_healed":0,"gold_gain":0,"player_choice":"Card Removal","damage_taken":7,"max_hp_gain":0,"max_hp_loss":0,"event_name":"Golden Wing","floor":4,"gold_loss":0},{"damage_healed":0,"gold_gain":0,"player_choice":"0 cards matched","damage_taken":0,"max_hp_gain":0,"max_hp_loss":0,"event_name":"Match and Keep!","floor":7,"gold_loss":0,"cards_obtained":[]},{"damage_healed":0,"gold_gain":0,"player_choice":"Ignored","damage_taken":0,"max_hp_gain":0,"max_hp_loss":0,"event_name":"N\u0027loth","floor":20,"gold_loss":0}],"is_beta":false,"boss_relics":[{"not_picked":["Replay:Bronze Core","Kintsugi"],"picked":"hubris:Backtick"}],"items_purged_floors":[],"is_endless":false,"potions_floor_spawned":[6,12,14,21,22,25],"killed_by":"Chosen and Byrds","ascension_level":1}}