{"host":"jksa5rawk3m4gilz","time":1607792069,"event":{"mods":["BaseMod","Colored Map","Highlight Path","Minty Spire (QoL Compilation)","Quick Restart"],"gold_per_floor":[119,136,147,2,2,31,31,31,31,64,75,75,109,119,119,221,221,236,236,161,161,161,161,187,187,239,268,142,168,186,205,205,300,300,313,331,100,100,142,142,142],"floor_reached":40,"playtime":2011,"items_purged":["Shame"],"score":819,"play_id":"9c731075-3e65-4789-9829-7fce861f08d9","local_time":"20201212175429","is_ascension_mode":true,"campfire_choices":[{"floor":7,"key":"REST"},{"data":"Apotheosis","floor":12,"key":"SMITH"},{"data":"Eruption","floor":15,"key":"SMITH"},{"floor":23,"key":"RECALL"},{"floor":25,"key":"REST"},{"floor":32,"key":"REST"}],"circlet_count":0,"master_deck":["AscendersBane","Strike_P","Strike_P","Strike_P","Strike_P","Defend_P","Eruption+1","Vigilance","Decay","Apotheosis+1","JustLucky","Wallop","Nirvana","ThirdEye","SpiritShield","JustLucky","Judgement","Necronomicurse","Ghostly","Ghostly","Ghostly+1","Ghostly","Ghostly","ForeignInfluence","DevaForm","Crescendo+1","Wish","ThirdEye+1","LessonLearned+1","LikeWater+1","Fasting2+1","Fasting2","Writhe"],"relics":["PureWater","ClockworkSouvenir","Du-Vu Doll","CloakClasp","Blood Vial","Orichalcum","Fusion Hammer","HornCleat","Necronomicon","Anchor","Ancient Tea Set","The Courier","Vajra","Regal Pillow","Astrolabe","Calipers"],"acts_visited":["Exordium","TheCity","TheBeyond"],"potions_floor_usage":[13,16,40],"damage_taken":[{"damage":2,"enemies":"2 Louse","floor":1,"turns":4},{"damage":0,"enemies":"Cultist","floor":2,"turns":2},{"damage":0,"enemies":"Jaw Worm","floor":3,"turns":2},{"damage":26,"enemies":"Gremlin Nob","floor":6,"turns":5},{"damage":10,"enemies":"3 Sentries","floor":10,"turns":5},{"damage":0,"enemies":"Looter","floor":11,"turns":4},{"damage":31,"enemies":"Gremlin Nob","floor":13,"turns":3},{"damage":0,"enemies":"Blue Slaver","floor":14,"turns":4},{"damage":21,"enemies":"Hexaghost","floor":16,"turns":12},{"damage":0,"enemies":"Spheric Guardian","floor":18,"turns":2},{"damage":0,"enemies":"Gremlin Leader","floor":24,"turns":5},{"damage":1,"enemies":"Book of Stabbing","floor":27,"turns":6},{"damage":0,"enemies":"Slavers","floor":29,"turns":4},{"damage":0,"enemies":"Shell Parasite","floor":30,"turns":3},{"damage":0,"enemies":"Chosen and Byrds","floor":31,"turns":6},{"damage":7,"enemies":"Automaton","floor":33,"turns":10},{"damage":0,"enemies":"3 Darklings","floor":35,"turns":6},{"damage":6,"enemies":"3 Shapes","floor":36,"turns":4},{"damage":0,"enemies":"Spire Growth","floor":39,"turns":6},{"damage":51,"enemies":"Giant Head","floor":40,"turns":7}],"seed_played":"4312790859763725145","potions_obtained":[{"floor":5,"key":"Ambrosia"},{"floor":5,"key":"Strength Potion"},{"floor":13,"key":"GamblersBrew"},{"floor":16,"key":"PowerPotion"},{"floor":39,"key":"Strength Potion"}],"is_trial":false,"path_per_floor":["M","M","M","$","?","E","R","$","T","E","M","R","E","M","R","B",null,"M","?","$","?","?","R","E","R","T","E","$","E","M","M","R","B",null,"M","M","$","?","M","E"],"character_chosen":"WATCHER","items_purchased":["ClockworkSouvenir","Vajra","Calipers"],"campfire_rested":3,"item_purchase_floors":[4,28,37],"current_hp_per_floor":[63,63,63,63,63,37,58,58,58,48,50,50,21,23,23,4,55,57,57,57,41,36,36,36,36,36,35,35,36,36,36,36,29,34,36,30,30,36,36,0,0],"gold":142,"neow_bonus":"RANDOM_COLORLESS_2","is_daily":false,"chose_seed":false,"campfire_upgraded":2,"win_rate":0.0,"timestamp":1607792069,"path_taken":["M","M","M","$","?","E","R","$","T","E","M","R","E","M","R","BOSS","M","?","$","?","?","R","E","R","T","E","?","E","?","M","R","BOSS","M","?","$","?","M","E"],"items_purchased_type":["Relic","Relic","Relic"],"build_version":"2020-11-30","purchased_purges":1,"victory":false,"max_hp_per_floor":[72,72,72,72,72,72,72,72,72,72,72,72,72,72,72,72,72,72,72,72,72,36,36,36,36,36,36,36,36,36,36,36,36,36,36,36,36,36,36,36,36],"card_choices":[{"not_picked":["Sadistic Nature","Chrysalis"],"picked":"Apotheosis","floor":0},{"not_picked":["Sanctity","SashWhip"],"picked":"JustLucky","floor":1},{"not_picked":["Evaluate","FollowUp"],"picked":"Wallop","floor":2},{"not_picked":["FollowUp","FlurryOfBlows","Protect"],"picked":"SKIP","floor":3},{"not_picked":["JustLucky","Halt"],"picked":"Nirvana","floor":6},{"not_picked":["Prostrate","SashWhip"],"picked":"ThirdEye","floor":10},{"not_picked":["PathToVictory","LessonLearned","Pray"],"picked":"SKIP","floor":11},{"not_picked":["FollowUp","WreathOfFlame"],"picked":"SpiritShield","floor":13},{"not_picked":["Halt","BowlingBash"],"picked":"JustLucky","floor":14},{"not_picked":["Alpha","Scrawl"],"picked":"Judgement","floor":16},{"not_picked":["Protect","FollowUp","CrushJoints"],"picked":"SKIP","floor":18},{"not_picked":["Evaluate+1","CrushJoints+1"],"picked":"ForeignInfluence","floor":24},{"not_picked":["TalkToTheHand+1","ThirdEye"],"picked":"DevaForm","floor":27},{"not_picked":["Evaluate","MentalFortress"],"picked":"Crescendo+1","floor":29},{"not_picked":["FollowUp","Conclude","Consecrate"],"picked":"SKIP","floor":30},{"not_picked":["Weave","ThirdEye+1","EmptyMind"],"picked":"SKIP","floor":31},{"not_picked":["Brilliance","Vault"],"picked":"Wish","floor":33},{"not_picked":["EmptyFist+1","CutThroughFate"],"picked":"Fasting2+1","floor":35},{"not_picked":["FearNoEvil","CutThroughFate"],"picked":"Fasting2","floor":36},{"not_picked":["InnerPeace","ClearTheMind+1","Wallop"],"picked":"SKIP","floor":39}],"player_experience":2027970,"relics_obtained":[{"floor":6,"key":"Du-Vu Doll"},{"floor":9,"key":"CloakClasp"},{"floor":10,"key":"Blood Vial"},{"floor":13,"key":"Orichalcum"},{"floor":21,"key":"Necronomicon"},{"floor":24,"key":"Anchor"},{"floor":26,"key":"Ancient Tea Set"},{"floor":27,"key":"The Courier"},{"floor":29,"key":"Regal Pillow"}],"event_choices":[{"damage_healed":0,"gold_gain":0,"player_choice":"Got Potions","damage_taken":0,"max_hp_gain":0,"max_hp_loss":0,"event_name":"Lab","floor":5,"gold_loss":0},{"damage_healed":0,"gold_gain":0,"player_choice":"Stole Relic","damage_taken":0,"relics_obtained":["HornCleat"],"max_hp_gain":0,"max_hp_loss":0,"event_name":"Addict","floor":19,"gold_loss":0,"cards_obtained":["Shame"]},{"damage_healed":0,"gold_gain":0,"player_choice":"Obtained Book","damage_taken":16,"max_hp_gain":0,"max_hp_loss":0,"event_name":"Cursed Tome","floor":21,"gold_loss":0},{"damage_healed":0,"gold_gain":0,"player_choice":"Became a Ghost","damage_taken":0,"max_hp_gain":0,"max_hp_loss":36,"event_name":"Ghosts","floor":22,"gold_loss":0,"cards_obtained":["Ghostly","Ghostly","Ghostly","Ghostly","Ghostly"]},{"damage_healed":9,"gold_gain":0,"player_choice":"Writhe","damage_taken":0,"max_hp_gain":0,"max_hp_loss":0,"event_name":"Winding Halls","floor":38,"gold_loss":0,"cards_obtained":["Writhe"]}],"is_beta":false,"boss_relics":[{"not_picked":["Sozu","Coffee Dripper"],"picked":"Fusion Hammer"},{"not_picked":["HolyWater","Tiny House"],"picked":"Astrolabe"}],"items_purged_floors":[20],"is_endless":false,"potions_floor_spawned":[6,11,13,16,18,27,29,39],"killed_by":"Giant Head","ascension_level":11}}