{"host":"3pyrf848gr42tovh","time":1607788502,"event":{"mods":["Aspiration","BaseMod","Better Altar","Better Match","Better Note","Better Sensory Stone","Better Skull","Better Third Choice","BetterRewards","Colored Map","Conspire","Displayed Cursed Tome","Hubris","Infinite Spire","Marisa????????","Minty Spire (QoL Compilation)","Quick Restart","Relic Sorter","Relic Stats","Remilia??????","Replay The Spire","StSLib","Td1madao Mod","The Administrix","The Animator","The Cursed","The Hierophant","The Jungle","The Necromancer","The Servant 0.9.4","vexMod"],"gold_per_floor":[114,114,135,135,160,203,228,228,228,228,228,248,248,283,283,283,283],"floor_reached":16,"playtime":924,"items_purged":[],"score":110,"play_id":"f35fc5c1-bf8c-4f69-9f5d-cc8b95658b70","local_time":"20201212175502","is_ascension_mode":false,"campfire_choices":[{"floor":8,"key":"REST"},{"floor":10,"key":"REST"},{"floor":15,"key":"REST"}],"circlet_count":0,"master_deck":["Strike_G","Strike_G","Strike_G","Strike_G","Strike_G","Defend_G","Defend_G","Defend_G","Defend_G","Survivor","Neutralize","Master of Strategy","Atom Bomb","Finisher","Injury","Dagger Spray","Crippling Poison","Dash"],"relics":["Ring of the Snake","Golden Idol","Replay:Baseball","hubris:AstralHammer","hubris:Towel","hubris:OldNail"],"acts_visited":["Exordium"],"potions_floor_usage":[14],"damage_taken":[{"damage":0,"enemies":"Small Slimes","floor":1,"turns":3},{"damage":0,"enemies":"conspire:RoseBush","floor":3,"turns":3},{"damage":8,"enemies":"Jaw Worm","floor":5,"turns":2},{"damage":28,"enemies":"Replay:BlueRogue","floor":6,"turns":9},{"damage":18,"enemies":"conspire:2 RoseBushes","floor":7,"turns":6},{"damage":0,"enemies":"Lots of Slimes","floor":12,"turns":1},{"damage":21,"enemies":"Lagavulin","floor":14,"turns":5},{"damage":18,"enemies":"The Guardian","floor":16,"turns":8}],"seed_played":"-8123956831216525124","potions_obtained":[{"floor":3,"key":"Death Potion"},{"floor":12,"key":"SkillPotion"}],"is_trial":false,"path_per_floor":["M","?","M","?","M","E","M","R","T","R","T","M","?","E","R","B"],"character_chosen":"THE_SILENT","items_purchased":["Master of Strategy"],"campfire_rested":3,"item_purchase_floors":[0],"current_hp_per_floor":[62,62,62,62,54,26,8,29,29,50,50,50,50,29,50,32,32],"gold":283,"neow_bonus":"","is_daily":false,"chose_seed":false,"campfire_upgraded":0,"win_rate":0.0,"timestamp":1607788502,"path_taken":["M","?","M","?","M","E","M","R","T","R","?","?","?","E","R","BOSS"],"items_purchased_type":["Card"],"build_version":"2020-11-30","purchased_purges":0,"victory":false,"max_hp_per_floor":[70,70,70,70,70,70,70,70,70,70,70,70,70,70,70,70,70],"relic_stats":{"counters":[27,134],"Golden Idol":34,"obtain_stats":[{"conspire:Dentures":23,"Golden Idol":2,"vexMod:BerryBomb":14,"Painkiller Herb":17,"infinitespire:Lucky Rock":3,"hubris:Towel":13,"hubris:Zylophone":21,"Replay:Baseball":6,"infinitespire:ShieldingShard":9,"hubris:AstralHammer":9,"Garlic":6,"ReplayTheSpireMod:Lightbulb":12,"hubris:OldNail":14,"Ring of the Snake":0},{"conspire:Dentures":13,"Golden Idol":20,"vexMod:BerryBomb":7,"Painkiller Herb":8,"infinitespire:Lucky Rock":2,"hubris:Towel":25,"hubris:Zylophone":11,"Replay:Baseball":23,"infinitespire:ShieldingShard":5,"hubris:AstralHammer":24,"Garlic":4,"ReplayTheSpireMod:Lightbulb":6,"hubris:OldNail":26,"Ring of the Snake":0},{"conspire:Dentures":80,"Golden Idol":100,"vexMod:BerryBomb":40,"Painkiller Herb":50,"infinitespire:Lucky Rock":11,"hubris:Towel":121,"hubris:Zylophone":72,"Replay:Baseball":114,"infinitespire:ShieldingShard":24,"hubris:AstralHammer":120,"Garlic":21,"ReplayTheSpireMod:Lightbulb":30,"hubris:OldNail":126,"Ring of the Snake":0}],"Ring of the Snake":[54]},"card_choices":[{"not_picked":["Slice","Sucker Punch"],"picked":"Finisher","floor":1},{"not_picked":["Tactician","Backflip","Acrobatics"],"picked":"SKIP","floor":3},{"not_picked":["Deadly Poison","Replay:Poison Smokescreen"],"picked":"Dagger Spray","floor":5},{"not_picked":["Backflip","hubris:Counter","Deflect"],"picked":"SKIP","floor":6},{"not_picked":["Toxin Wave","Outmaneuver"],"picked":"Crippling Poison","floor":7},{"not_picked":["Acrobatics","Dagger Spray"],"picked":"Dash","floor":12},{"not_picked":["Poisoned Stab","Hidden Blade","Bane"],"picked":"SKIP","floor":14}],"player_experience":98572,"relics_obtained":[{"floor":6,"key":"Replay:Baseball"},{"floor":9,"key":"hubris:AstralHammer"},{"floor":14,"key":"hubris:OldNail"}],"event_choices":[{"damage_healed":0,"gold_gain":0,"player_choice":"Take Wound","damage_taken":0,"relics_obtained":["Golden Idol"],"max_hp_gain":0,"max_hp_loss":0,"event_name":"Golden Idol","floor":2,"gold_loss":0,"cards_obtained":["Injury"]},{"damage_healed":0,"gold_gain":1,"player_choice":"1","damage_taken":0,"max_hp_gain":0,"max_hp_loss":0,"event_name":"betterStone:BetterStone","floor":4,"gold_loss":0}],"is_beta":false,"boss_relics":[],"items_purged_floors":[],"is_endless":false,"potions_floor_spawned":[3,12],"killed_by":"The Guardian","ascension_level":0}}