{"host":"19tvufa8xx4wr4o1","time":1607788216,"event":{"mods":["AchievementEnabler","BaseMod","Better Sensory Stone","Better Third Choice","Highlight Path","Minty Spire (QoL Compilation)","Relic Stats","StSLib"],"gold_per_floor":[209,26,37,54,54,80,80,91,116,129,129,164,89,108,108,186,186,196,212,487,238,252,252,272,285,285,285,300,108,108,108,108,185,185,204,220,220,238,258,258,292,292,292,292,303,303,303,320,320,320,320],"floor_reached":50,"playtime":2392,"items_purged":["Strike_G","Regret"],"score":802,"play_id":"79c0c8a2-2fbf-434d-8f8a-906a37d0a484","local_time":"20201212095016","is_ascension_mode":true,"campfire_choices":[{"floor":7.0,"key":"REST"},{"data":"Neutralize","floor":11.0,"key":"SMITH"},{"data":"Noxious Fumes","floor":15.0,"key":"SMITH"},{"floor":23.0,"key":"REST"},{"data":"Noxious Fumes","floor":27,"key":"SMITH"},{"floor":30,"key":"REST"},{"data":"Mayhem","floor":32,"key":"SMITH"},{"floor":40,"key":"REST"},{"floor":42,"key":"REST"},{"data":"Wraith Form v2","floor":44,"key":"SMITH"},{"data":"Catalyst","floor":46,"key":"SMITH"},{"floor":49,"key":"REST"}],"circlet_count":0,"master_deck":["AscendersBane","Strike_G","Strike_G","Strike_G","Strike_G","Defend_G","Defend_G","Defend_G","Defend_G","Defend_G","Survivor","Neutralize+1","Backstab","Noxious Fumes+1","Choke","PiercingWail","Riddle With Holes","Seek+1","After Image","Predator","Noxious Fumes+1","Corpse Explosion","Blur","Caltrops+1","Dodge and Roll","Glass Knife","PiercingWail","Mayhem+1","Bandage Up","Wraith Form v2+1","Caltrops","Bane+1","Catalyst+1","Storm of Steel"],"relics":["Ring of the Snake","Orichalcum","Snake Skull","Nunchaku","Cursed Key","Art of War","Runic Pyramid","Blood Vial","Lantern"],"acts_visited":["Exordium","TheCity","TheBeyond"],"potions_floor_usage":[28,33,50,50],"damage_taken":[{"damage":3.0,"enemies":"Cultist","floor":1.0,"turns":5.0},{"damage":3.0,"enemies":"Small Slimes","floor":3.0,"turns":3.0},{"damage":0.0,"enemies":"Jaw Worm","floor":4.0,"turns":3.0},{"damage":21.0,"enemies":"Gremlin Nob","floor":6.0,"turns":5.0},{"damage":0.0,"enemies":"Gremlin Gang","floor":8.0,"turns":2.0},{"damage":0.0,"enemies":"3 Louse","floor":10.0,"turns":2.0},{"damage":15.0,"enemies":"3 Sentries","floor":12.0,"turns":7.0},{"damage":11.0,"enemies":"Lots of Slimes","floor":14.0,"turns":5.0},{"damage":6.0,"enemies":"Hexaghost","floor":16.0,"turns":9.0},{"damage":11.0,"enemies":"2 Thieves","floor":18.0,"turns":3.0},{"damage":6.0,"enemies":"3 Byrds","floor":19.0,"turns":2.0},{"damage":12.0,"enemies":"Centurion and Healer","floor":22.0,"turns":6.0},{"damage":0.0,"enemies":"3 Cultists","floor":24.0,"turns":3.0},{"damage":0.0,"enemies":"Snake Plant","floor":25.0,"turns":5.0},{"damage":11,"enemies":"Shelled Parasite and Fungi","floor":28,"turns":7},{"damage":32,"enemies":"Champ","floor":33,"turns":11},{"damage":6,"enemies":"3 Shapes","floor":35,"turns":3},{"damage":21,"enemies":"3 Darklings","floor":36,"turns":4},{"damage":17,"enemies":"Transient","floor":38,"turns":5},{"damage":10,"enemies":"4 Shapes","floor":39,"turns":4},{"damage":14,"enemies":"Reptomancer","floor":41,"turns":7},{"damage":0,"enemies":"Maw","floor":45,"turns":8},{"damage":22,"enemies":"Spire Growth","floor":48,"turns":5},{"damage":70,"enemies":"Donu and Deca","floor":50,"turns":4}],"seed_played":"862548301593553146","potions_obtained":[{"floor":3.0,"key":"Explosive Potion"},{"floor":10.0,"key":"DuplicationPotion"},{"floor":16.0,"key":"BlessingOfTheForge"},{"floor":18.0,"key":"Swift Potion"},{"floor":22.0,"key":"BlessingOfTheForge"},{"floor":28,"key":"Poison Potion"},{"floor":36,"key":"Block Potion"},{"floor":38,"key":"Energy Potion"},{"floor":41,"key":"AttackPotion"}],"is_trial":false,"path_per_floor":["M","$","M","M","?","E","R","M","T","M","R","E","$","M","R","B",null,"M","M","?","$","M","R","M","M","T","R","M","$","R","?","R","B",null,"M","M","?","M","M","R","E","R","T","R","M","R","?","M","R","B"],"character_chosen":"THE_SILENT","items_purchased":["Noxious Fumes","Choke","PiercingWail","Art of War","Glass Knife","PiercingWail"],"campfire_rested":6,"item_purchase_floors":[2,2,2,21,29,29],"current_hp_per_floor":[60,60,57,57,55,34,55,55,55,55,55,40,40,29,29,23,58,47,41,41,41,29,50,50,50,50,50,39,39,60,60,60,32,61,59,42,42,31,27,48,40,61,61,61,67,67,60,44,65,0,0],"gold":320,"neow_bonus":"HUNDRED_GOLD","is_daily":false,"chose_seed":false,"campfire_upgraded":6,"win_rate":0.0,"timestamp":1607788216,"path_taken":["M","$","M","?","?","E","R","M","T","M","R","E","?","M","R","BOSS","M","?","?","$","M","R","M","M","T","R","?","?","R","?","R","BOSS","M","M","?","M","M","R","E","R","T","R","?","R","?","?","R","BOSS"],"items_purchased_type":["Card","Card","Card","Relic","Card","Card"],"build_version":"2020-11-30","purchased_purges":2,"victory":false,"max_hp_per_floor":[70,70,70,70,70,70,70,70,70,70,70,70,70,70,70,70,70,70,70,70,70,70,70,70,70,70,70,70,70,70,70,70,70,70,70,70,70,70,70,70,70,70,70,70,70,70,70,70,70,70,70],"relic_stats":{"Blood Vial":12,"Nunchaku":[15],"counters":[24,118],"Snake Skull":[113],"Art of War":[8],"Orichalcum":[96],"Cursed Key":0,"obtain_stats":[{"Blood Vial":37,"Nunchaku":12,"Lantern":41,"Snake Skull":9,"Art of War":21,"Orichalcum":6,"Cursed Key":17,"Ring of the Snake":0,"Runic Pyramid":34},{"Blood Vial":18,"Nunchaku":7,"Lantern":21,"Snake Skull":5,"Art of War":11,"Orichalcum":4,"Cursed Key":9,"Ring of the Snake":0,"Runic Pyramid":16},{"Blood Vial":85,"Nunchaku":27,"Lantern":101,"Snake Skull":18,"Art of War":46,"Orichalcum":16,"Cursed Key":41,"Ring of the Snake":0,"Runic Pyramid":78}],"Ring of the Snake":[48]},"card_choices":[{"not_picked":["Quick Slash","Escape Plan"],"picked":"Backstab","floor":1.0},{"not_picked":["Tactician","Dodge and Roll"],"picked":"Riddle With Holes","floor":3.0},{"not_picked":["Underhanded Strike","Flying Knee","Prepared"],"picked":"SKIP","floor":4.0},{"not_picked":["Cloak And Dagger","Storm of Steel"],"picked":"After Image","floor":6.0},{"not_picked":["Quick Slash","Noxious Fumes"],"picked":"Predator","floor":8.0},{"not_picked":["Deadly Poison","Distraction","Deflect"],"picked":"SKIP","floor":10.0},{"not_picked":["Distraction","Dagger Spray"],"picked":"Noxious Fumes","floor":12.0},{"not_picked":["Prepared","Flying Knee","Underhanded Strike"],"picked":"SKIP","floor":14.0},{"not_picked":["Bullet Time","Malaise"],"picked":"Corpse Explosion","floor":16.0},{"not_picked":["Poisoned Stab+1","Backstab"],"picked":"Blur","floor":18.0},{"not_picked":["Noxious Fumes","Poisoned Stab+1"],"picked":"Caltrops+1","floor":19.0},{"not_picked":["Terror","Acrobatics+1","Underhanded Strike"],"picked":"SKIP","floor":22.0},{"not_picked":["Eviscerate","Sucker Punch"],"picked":"Dodge and Roll","floor":24.0},{"not_picked":["Acrobatics","Distraction","Prepared"],"picked":"SKIP","floor":25.0},{"not_picked":["Bouncing Flask","Finisher","Dagger Throw"],"picked":"SKIP","floor":28},{"not_picked":["Discovery","Panacea"],"picked":"Mayhem","floor":31},{"not_picked":["Transmutation","PanicButton"],"picked":"Bandage Up","floor":31},{"not_picked":["Tools of the Trade","Bullet Time"],"picked":"Wraith Form v2","floor":33},{"not_picked":["Skewer","Quick Slash"],"picked":"Caltrops","floor":35},{"not_picked":["Underhanded Strike","Accuracy","Dagger Spray"],"picked":"SKIP","floor":36},{"not_picked":["Bane","Tactician","Endless Agony"],"picked":"SKIP","floor":38},{"not_picked":["Dagger Throw","Bane","Blade Dance"],"picked":"SKIP","floor":39},{"not_picked":["Tactician+1","Deflect"],"picked":"Bane+1","floor":41},{"not_picked":["Dodge and Roll","Calculated Gamble"],"picked":"Catalyst","floor":45},{"not_picked":["Slice+1","Dagger Throw+1"],"picked":"Storm of Steel","floor":48}],"player_experience":481842,"relics_obtained":[{"floor":6.0,"key":"Orichalcum"},{"floor":9.0,"key":"Snake Skull"},{"floor":12.0,"key":"Nunchaku"},{"floor":41,"key":"Lantern"}],"event_choices":[{"damage_healed":0.0,"max_hp_gain":0.0,"max_hp_loss":0.0,"gold_gain":0.0,"event_name":"betterThird:BetterScrap","player_choice":"Card ","floor":5.0,"gold_loss":0.0,"damage_taken":2.0,"cards_obtained":["Seek"]},{"damage_healed":0.0,"max_hp_gain":0.0,"max_hp_loss":0.0,"gold_gain":275.0,"event_name":"Golden Shrine","player_choice":"Desecrate","floor":20.0,"gold_loss":0.0,"damage_taken":0.0,"cards_obtained":["Regret"]},{"damage_healed":0,"gold_gain":2,"player_choice":"1","damage_taken":0,"max_hp_gain":0,"max_hp_loss":0,"event_name":"betterStone:BetterStone","floor":31,"gold_loss":0},{"damage_healed":0,"gold_gain":0,"player_choice":"Gave Potion","damage_taken":0,"relics_obtained":["Blood Vial"],"max_hp_gain":0,"max_hp_loss":0,"event_name":"WeMeetAgain","floor":37,"gold_loss":0},{"damage_healed":0,"gold_gain":0,"player_choice":"Damaged","damage_taken":7,"max_hp_gain":0,"max_hp_loss":0,"event_name":"Wheel of Change","floor":47,"gold_loss":0}],"is_beta":false,"boss_relics":[{"not_picked":["Calling Bell","WristBlade"],"picked":"Cursed Key"},{"not_picked":["Runic Dome","SlaversCollar"],"picked":"Runic Pyramid"}],"items_purged_floors":[13,21],"is_endless":false,"potions_floor_spawned":[3,10,16,18,19,22,28,36,38,41],"killed_by":"Donu and Deca","ascension_level":13}}