{"host":"cavdxv3q5sroy46w","time":1607805723,"event":{"mods":["AchievementEnabler","BaseMod","Block Reminder","Colored Map","Colored Powertips","Hermit","Minty Spire (QoL Compilation)","Quick Restart","Relic Stats","Replay The Spire","Shop Mod","StSLib","SuperFastMode","The Bug Knight"],"gold_per_floor":[115,134,2,77,77,102,102,102,102,114,114,139,159,178,178,282,282,302,302,282,293,306,306,14,44,44,63,63,63,76,93,93,193,193,208,10,10,25,25,25,52,52,52,70,84,95,118,132,132,132],"floor_reached":51,"playtime":2218,"items_purged":["Exhume+1"],"score":884,"play_id":"186fed17-084b-4039-809a-02ac51ddf9a5","local_time":"20201212154203","is_ascension_mode":false,"campfire_choices":[{"data":"Body Slam","floor":7.0,"key":"SMITH"},{"data":"Body Slam","floor":11.0,"key":"SMITH"},{"data":"Battle Trance","floor":15.0,"key":"SMITH"},{"data":"Exhume","floor":23.0,"key":"SMITH"},{"floor":28.0,"key":"REST"},{"floor":32.0,"key":"DIG"},{"data":"Barricade","floor":40.0,"key":"SMITH"},{"data":"Survivor","floor":42.0,"key":"SMITH"},{"floor":49,"key":"REST"}],"circlet_count":0,"master_deck":["Strike_R+1","Strike_R+1","Strike_R+1","Strike_R+1","Strike_R+1","Defend_R+1","Defend_R+1","Defend_R+1","Defend_R+1","Body Slam+1","Armaments","Deep Breath+1","Survivor+1","Neutralize","Body Slam+1","Battle Trance+1","Feel No Pain+1","Ghostly Armor+1","Flex+1","Barricade+1","Impervious+1","Madness+1","Madness+1","Parasite","Shrug It Off+1"],"relics":["Burning Blood","NeowsBlessing","Replay:Baseball","Garlic","Vajra","Electric Blood","Ancient Tea Set","Replay:Bottled Eggs","Toxic Egg 2","StrikeDummy","Busted Crown","ReplayFunnel","Shuriken","Snack Pack","Replay:Rubber Ducky"],"acts_visited":["Exordium","TheCity","TheBeyond"],"potions_floor_usage":[45,45,50,50],"damage_taken":[{"damage":0.0,"enemies":"Jaw Worm","floor":1.0,"turns":1.0},{"damage":0.0,"enemies":"2 Louse","floor":2.0,"turns":1.0},{"damage":0.0,"enemies":"Lagavulin","floor":6.0,"turns":1.0},{"damage":0.0,"enemies":"Small Slimes","floor":10.0,"turns":4.0},{"damage":18.0,"enemies":"HollowMod:MossKnight","floor":12.0,"turns":11.0},{"damage":0.0,"enemies":"Lots of Slimes","floor":13.0,"turns":4.0},{"damage":6.0,"enemies":"Large Slime","floor":14.0,"turns":7.0},{"damage":0.0,"enemies":"The Guardian","floor":16.0,"turns":9.0},{"damage":7.0,"enemies":"3 Byrds","floor":18.0,"turns":7.0},{"damage":6.0,"enemies":"Chosen","floor":21.0,"turns":4.0},{"damage":4.0,"enemies":"Snake Plant","floor":22.0,"turns":4.0},{"damage":24.0,"enemies":"Slavers","floor":25.0,"turns":5.0},{"damage":25.0,"enemies":"Snecko","floor":27.0,"turns":4.0},{"damage":9.0,"enemies":"Centurion and Healer","floor":30.0,"turns":4.0},{"damage":8.0,"enemies":"Snake Plant","floor":31.0,"turns":4.0},{"damage":32.0,"enemies":"Champ","floor":33.0,"turns":10.0},{"damage":18.0,"enemies":"3 Darklings","floor":35.0,"turns":8.0},{"damage":12.0,"enemies":"Orb Walker","floor":38.0,"turns":3.0},{"damage":7.0,"enemies":"HollowMod:StalkingDevout","floor":41.0,"turns":6.0},{"damage":9.0,"enemies":"Writhing Mass","floor":44.0,"turns":4.0},{"damage":9,"enemies":"Spire Growth","floor":45,"turns":16},{"damage":6,"enemies":"Sphere and 2 Shapes","floor":46,"turns":8},{"damage":7,"enemies":"Jaw Worm Horde","floor":48,"turns":4},{"damage":27,"enemies":"Awakened One","floor":50,"turns":31}],"seed_played":"8621067361233379831","potions_obtained":[{"floor":1.0,"key":"Reflective Coating"},{"floor":12.0,"key":"LifebloodPotion"},{"floor":13.0,"key":"PowerPotion"},{"floor":20.0,"key":"Dexterity Potion"},{"floor":21.0,"key":"AttackPotion"},{"floor":27.0,"key":"Adrenaline Potion"},{"floor":33.0,"key":"SpeedPotion"},{"floor":41.0,"key":"Dexterity Potion"},{"floor":44.0,"key":"Milkshake"},{"floor":48,"key":"Explosive Potion"}],"is_trial":false,"path_per_floor":["M","M","$","?","?","E","R","?","T","M","R","E","M","M","R","B",null,"M","?","?","M","M","R","$","E","T","M","R","?","M","M","R_BF","B",null,"M","$","?","M","?","R","E","R","T","M","M","M","T","M","R","B",null],"character_chosen":"IRONCLAD","items_purchased":["Armaments","Deep Breath","Ancient Tea Set","DuplicationPotion","ReplayFunnel","Explosive Potion"],"campfire_rested":2,"item_purchase_floors":[3,3,24,24,36,36],"current_hp_per_floor":[80,80,80,69,69,75,75,75,75,80,80,68,74,74,74,80,80,79,79,79,79,80,80,80,62,62,43,67,67,64,62,62,36,80,68,68,68,62,52,52,51,51,51,50,49,53,53,54,78,69],"gold":132,"neow_bonus":"THREE_ENEMY_KILL","is_daily":false,"chose_seed":false,"campfire_upgraded":6,"win_rate":0.0,"timestamp":1607805723,"path_taken":["M","M","$","?","?","E","R","?","T","M","R","E","M","M","R","BOSS","M","?","?","?","M","R","?","E","T","M","R","?","M","M","R_BF","BOSS","M","$","?","?","?","R","E","R","T","M","M","M","?","M","R","BOSS"],"items_purchased_type":["Card","Card","Relic","Potion","Relic","Potion"],"build_version":"2020-11-30","purchased_purges":1,"victory":true,"max_hp_per_floor":[80,80,80,80,80,80,80,80,80,80,80,80,80,80,80,80,80,80,80,80,80,80,80,80,80,80,80,80,80,80,80,80,80,80,80,80,80,80,80,80,80,80,80,80,80,80,80,80,80,80],"relic_stats":{"Busted Crown":14,"counters":[24,160],"Shuriken":[11],"obtain_stats":[{"ReplayFunnel":36,"NeowsBlessing":0,"Vajra":12,"Ancient Tea Set":24,"Burning Blood":0,"Replay:Rubber Ducky":47,"Replay:Baseball":6,"Busted Crown":34,"Shuriken":41,"Garlic":9,"Snack Pack":43,"Replay:Bottled Eggs":25,"Toxic Egg 2":26,"Electric Blood":17,"StrikeDummy":32},{"ReplayFunnel":17,"NeowsBlessing":0,"Vajra":5,"Ancient Tea Set":11,"Burning Blood":0,"Replay:Rubber Ducky":22,"Replay:Baseball":3,"Busted Crown":16,"Shuriken":19,"Garlic":3,"Snack Pack":19,"Replay:Bottled Eggs":12,"Toxic Egg 2":12,"Electric Blood":8,"StrikeDummy":15},{"ReplayFunnel":88,"NeowsBlessing":0,"Vajra":18,"Ancient Tea Set":53,"Burning Blood":0,"Replay:Rubber Ducky":125,"Replay:Baseball":3,"Busted Crown":80,"Shuriken":97,"Garlic":3,"Snack Pack":97,"Replay:Bottled Eggs":58,"Toxic Egg 2":58,"Electric Blood":38,"StrikeDummy":70}],"Burning Blood":130},"card_choices":[{"not_picked":["Seeing Red","Clash"],"picked":"Body Slam","floor":1.0},{"not_picked":["Warcry","Clothesline","ReplayTheSpireMod:Muscle Training"],"picked":"SKIP","floor":2.0},{"not_picked":["True Grit","Pommel Strike","Clothesline"],"picked":"SKIP","floor":6.0},{"not_picked":["Corruption","True Grit"],"picked":"Body Slam","floor":10.0},{"not_picked":["Demon Form","Dropkick","Pummel"],"picked":"SKIP","floor":12.0},{"not_picked":["Warcry","Rupture","Life Link"],"picked":"SKIP","floor":13.0},{"not_picked":["True Grit","Replay:Undeath\u0027s Touch"],"picked":"Battle Trance","floor":14.0},{"not_picked":["Limit Break","Brutality"],"picked":"Exhume","floor":16.0},{"not_picked":["Replay:Undeath\u0027s Touch","Searing Blow"],"picked":"Feel No Pain+1","floor":18.0},{"not_picked":["Thunderclap","Rage","Blood for Blood"],"picked":"SKIP","floor":21.0},{"not_picked":["Thunderclap+1","Headbutt","Armaments"],"picked":"SKIP","floor":22.0},{"not_picked":["Disarm","Dual Wield"],"picked":"Ghostly Armor+1","floor":25.0},{"not_picked":["Fire Breathing","Cleave","Armaments+1"],"picked":"SKIP","floor":27.0},{"not_picked":["Fire Breathing","Clothesline","Clash"],"picked":"SKIP","floor":30.0},{"not_picked":["Run Through","Clash+1"],"picked":"Flex+1","floor":31.0},{"not_picked":["Corruption","Fiend Fire"],"picked":"Barricade","floor":33.0},{"not_picked":["Replay:Undeath\u0027s Touch+1"],"picked":"SKIP","floor":35.0},{"not_picked":["Sword Boomerang"],"picked":"SKIP","floor":38.0},{"not_picked":["Dark Embrace+1"],"picked":"SKIP","floor":41.0},{"not_picked":["Replay:Undeath\u0027s Touch+1"],"picked":"SKIP","floor":44.0},{"not_picked":[],"picked":"Shrug It Off+1","floor":45},{"not_picked":["Infernal Blade+1"],"picked":"SKIP","floor":46},{"not_picked":["Clash+1"],"picked":"SKIP","floor":48}],"player_experience":254749,"relics_obtained":[{"floor":6.0,"key":"Replay:Baseball"},{"floor":9.0,"key":"Garlic"},{"floor":12.0,"key":"Vajra"},{"floor":25.0,"key":"Replay:Bottled Eggs"},{"floor":26.0,"key":"Toxic Egg 2"},{"floor":32.0,"key":"StrikeDummy"},{"floor":41.0,"key":"Shuriken"},{"floor":43.0,"key":"Snack Pack"},{"floor":47,"key":"Replay:Rubber Ducky"}],"event_choices":[{"damage_healed":0.0,"max_hp_gain":0.0,"max_hp_loss":0.0,"gold_gain":75.0,"event_name":"World of Goop","player_choice":"Gather Gold","floor":4.0,"gold_loss":0.0,"damage_taken":11.0},{"damage_healed":0.0,"max_hp_gain":0.0,"max_hp_loss":0.0,"gold_gain":0.0,"event_name":"Back to Basics","player_choice":"Simplicity","floor":19.0,"gold_loss":0.0,"damage_taken":0.0,"cards_upgraded":["Strike_R","Strike_R","Strike_R","Strike_R","Strike_R","Defend_R","Defend_R","Defend_R","Defend_R"]},{"damage_healed":0.0,"max_hp_gain":0.0,"max_hp_loss":0.0,"gold_gain":0.0,"event_name":"The Woman in Blue","player_choice":"Bought 1 Potion","floor":20.0,"gold_loss":0.0,"damage_taken":0.0},{"damage_healed":0.0,"max_hp_gain":0.0,"max_hp_loss":0.0,"gold_gain":0.0,"event_name":"Ghosts","player_choice":"Ignored","floor":29.0,"gold_loss":0.0,"damage_taken":0.0},{"damage_healed":0.0,"max_hp_gain":0.0,"max_hp_loss":0.0,"gold_gain":0.0,"event_name":"Match and Keep!","player_choice":"1 cards matched","floor":37.0,"gold_loss":0.0,"damage_taken":0.0,"cards_obtained":["Impervious"]},{"damage_healed":0.0,"max_hp_gain":0.0,"max_hp_loss":0.0,"gold_gain":0.0,"event_name":"Winding Halls","player_choice":"Embrace Madness","floor":39.0,"gold_loss":0.0,"damage_taken":10.0,"cards_obtained":["Madness","Madness"]}],"is_beta":false,"boss_relics":[{"not_picked":["ChewingGum","SacredBark"],"picked":"Electric Blood"},{"not_picked":["Kintsugi","Mark of Pain"],"picked":"Busted Crown"}],"items_purged_floors":[24],"is_endless":false,"potions_floor_spawned":[1,12,13,14,21,22,27,33,41,44,48],"ascension_level":0}}