{"host":"9tzam4717zt8ei1o","time":1607758960,"event":{"mods":["BaseMod","Colored Map","Keyboard Shortcuts","Minty Spire (QoL Compilation)","Quick Restart","StSLib","SuperFastMode"],"gold_per_floor":[368,368,368,94,113,113,126,126,126,126,50,77,92,92,92,220,220,238,258,183,183,183],"floor_reached":21,"playtime":701,"items_purged":["Strike_G"],"score":167,"play_id":"14b0693a-afec-497a-93d1-40d511f2b088","local_time":"20201212164240","is_ascension_mode":false,"campfire_choices":[{"data":"Dodge and Roll","floor":6,"key":"SMITH"},{"data":"Neutralize","floor":8,"key":"SMITH"},{"data":"Grand Finale","floor":10,"key":"SMITH"},{"floor":15,"key":"REST"}],"circlet_count":0,"master_deck":["Strike_G","Strike_G","Strike_G","Defend_G","Defend_G","Defend_G","Defend_G","Defend_G","Survivor","Neutralize+1","Dodge and Roll+1","Grand Finale+1","Escape Plan","Well Laid Plans","Adrenaline","Dagger Throw+1","Backstab"],"relics":["Ring of the Snake","Golden Idol","Potion Belt","Pear","Regal Pillow","WristBlade"],"acts_visited":["Exordium","TheCity"],"potions_floor_usage":[16,18],"damage_taken":[{"damage":5,"enemies":"Small Slimes","floor":1,"turns":4},{"damage":5,"enemies":"Jaw Worm","floor":5,"turns":9},{"damage":0,"enemies":"2 Louse","floor":7,"turns":4},{"damage":3,"enemies":"Large Slime","floor":13,"turns":5},{"damage":23,"enemies":"Slime Boss","floor":16,"turns":11},{"damage":2,"enemies":"Shell Parasite","floor":18,"turns":8},{"damage":36,"enemies":"Spheric Guardian","floor":19,"turns":9},{"damage":35,"enemies":"Centurion and Healer","floor":21,"turns":13}],"seed_played":"-260122527226059596","potions_obtained":[{"floor":5,"key":"Energy Potion"},{"floor":13,"key":"GamblersBrew"},{"floor":16,"key":"Swift Potion"},{"floor":19,"key":"Weak Potion"}],"is_trial":false,"path_per_floor":["M","?","?","$","M","R","M","R","T","R","$","T","M","$","R","B",null,"M","M","?","M"],"character_chosen":"THE_SILENT","items_purchased":["Grand Finale","Escape Plan","Well Laid Plans"],"campfire_rested":1,"item_purchase_floors":[4,4,11],"current_hp_per_floor":[58,43,36,36,31,31,31,31,41,41,41,41,38,38,73,50,73,71,35,35,0,0],"gold":183,"neow_bonus":"TWO_FIFTY_GOLD","is_daily":false,"chose_seed":false,"campfire_upgraded":3,"win_rate":0.0,"timestamp":1607758960,"path_taken":["M","?","?","$","M","R","M","R","T","R","$","?","M","$","R","BOSS","M","M","?","M"],"items_purchased_type":["Card","Card","Card"],"build_version":"2020-11-30","purchased_purges":1,"victory":false,"max_hp_per_floor":[63,63,63,63,63,63,63,63,73,73,73,73,73,73,73,73,73,73,73,73,73,73],"card_choices":[{"not_picked":["Flying Knee","Dash"],"picked":"Dodge and Roll","floor":1},{"not_picked":["Crippling Poison","Deadly Poison","Poisoned Stab"],"picked":"SKIP","floor":5},{"not_picked":["Predator","Flying Knee","Deadly Poison"],"picked":"SKIP","floor":7},{"not_picked":["Infinite Blades","Flechettes","Crippling Poison"],"picked":"SKIP","floor":13},{"not_picked":["Wraith Form v2","Doppelganger"],"picked":"Adrenaline","floor":16},{"not_picked":["Distraction","Dodge and Roll+1"],"picked":"Dagger Throw+1","floor":18},{"not_picked":["Poisoned Stab","Choke"],"picked":"Backstab","floor":19}],"player_experience":56189,"relics_obtained":[{"floor":9,"key":"Pear"},{"floor":12,"key":"Regal Pillow"}],"event_choices":[{"damage_healed":0,"gold_gain":0,"player_choice":"Take Damage","damage_taken":15,"relics_obtained":["Golden Idol"],"max_hp_gain":0,"max_hp_loss":0,"event_name":"Golden Idol","floor":2,"gold_loss":0},{"damage_healed":0,"gold_gain":0,"player_choice":"Success","damage_taken":7,"relics_obtained":["Potion Belt"],"max_hp_gain":0,"max_hp_loss":0,"event_name":"Scrap Ooze","floor":3,"gold_loss":0},{"cards_removed":["Strike_G"],"damage_healed":0,"gold_gain":0,"player_choice":"Gave Gold","damage_taken":0,"max_hp_gain":0,"max_hp_loss":0,"event_name":"Beggar","floor":20,"gold_loss":75}],"is_beta":false,"boss_relics":[{"not_picked":["Fusion Hammer","Sozu"],"picked":"WristBlade"}],"items_purged_floors":[4],"is_endless":false,"potions_floor_spawned":[5,13,16,19],"killed_by":"Centurion and Healer","ascension_level":0}}