{"host":"ktoxvvst1mwxww91","time":1607801490,"event":{"mods":["BaseMod","Downfall","Hermit","Minty Spire (QoL Compilation)","StSLib","The Blackbeard","The Hierophant","The Mystic","The Necromancer"],"gold_per_floor":[111,111,130,142,158,186,186,186,212,243,264,300,300,316,316,437,437,423,444,543,543,561,561,389,389,389,389,143,158,158,171,171,171,171],"floor_reached":33,"playtime":1009,"items_purged":["Strike_B","Pain"],"score":257,"play_id":"0f1b89e8-2a1c-4003-b7ae-e242c94d1e25","local_time":"20201212203130","is_ascension_mode":false,"campfire_choices":[{"data":"Machine Learning","floor":7.0,"key":"SMITH"},{"data":"Capacitor","floor":13.0,"key":"SMITH"},{"floor":15.0,"key":"REST"},{"data":"Creative AI","floor":23.0,"key":"SMITH"},{"floor":32.0,"key":"REST"}],"circlet_count":0,"master_deck":["Strike_B","Strike_B","Strike_B","Defend_B","Defend_B","Defend_B","Defend_B","Zap+1","Dualcast","Conserve Battery","Force Field","Reinforced Body","Machine Learning+1","Capacitor+1","Creative AI+1","Ball Lightning","CurseOfTheBell","Go for the Eyes+1","Redo+1","Necronomicurse","FTL","Conserve Battery","Heatsinks","Capacitor+1","Hologram+1","Echo Form"],"relics":["Cracked Core","NeowsBlessing","Ancient Tea Set","Golden Idol","Anchor","Odd Mushroom","DataDisk","Calling Bell","Juzu Bracelet","Mercury Hourglass","Unceasing Top","Necronomicon","Mummified Hand","WarpedTongs","DollysMirror","Kunai"],"acts_visited":["Exordium","TheCity"],"potions_floor_usage":[],"damage_taken":[{"damage":0.0,"enemies":"Small Slimes","floor":1.0,"turns":1.0},{"damage":0.0,"enemies":"Cultist","floor":3.0,"turns":1.0},{"damage":0.0,"enemies":"Jaw Worm","floor":4.0,"turns":1.0},{"damage":8.0,"enemies":"Exordium Wildlife","floor":5.0,"turns":7.0},{"damage":12.0,"enemies":"Lagavulin","floor":6.0,"turns":10.0},{"damage":1.0,"enemies":"The Mushroom Lair","floor":10.0,"turns":5.0},{"damage":1.0,"enemies":"Large Slime","floor":11.0,"turns":6.0},{"damage":8.0,"enemies":"3 Sentries","floor":12.0,"turns":9.0},{"damage":6.0,"enemies":"3 Louse","floor":14.0,"turns":3.0},{"damage":19.0,"enemies":"The Guardian","floor":16.0,"turns":12.0},{"damage":7.0,"enemies":"2 Thieves","floor":18.0,"turns":4.0},{"damage":11.0,"enemies":"Spheric Guardian","floor":19.0,"turns":5.0},{"damage":11.0,"enemies":"Cultist and Chosen","floor":22.0,"turns":6.0},{"damage":14.0,"enemies":"Sentry and Sphere","floor":29.0,"turns":6.0},{"damage":0.0,"enemies":"Snake Plant","floor":31.0,"turns":4.0},{"damage":32,"enemies":"Automaton","floor":33,"turns":6}],"seed_played":"6547419154360013128","potions_obtained":[{"floor":3.0,"key":"FocusPotion"},{"floor":4.0,"key":"sneckomod:MuddlingPotion"},{"floor":5.0,"key":"SkillPotion"},{"floor":11.0,"key":"Block Potion"},{"floor":16.0,"key":"Energy Potion"},{"floor":18.0,"key":"BlessingOfTheForge"},{"floor":22.0,"key":"hexamod:EctoCoolerPotion"}],"is_trial":false,"path_per_floor":["M","?","M","M","M","E","R","?","T","?","M","E","R","M","R","B",null,"M","M","?","?","M","R","$","?","T","?","$","M","T","M","R","B"],"character_chosen":"DEFECT","items_purchased":["Conserve Battery","Heatsinks","DollysMirror"],"campfire_rested":2,"item_purchase_floors":[24,24,28],"current_hp_per_floor":[75,75,75,75,67,55,55,55,55,54,53,45,45,39,59,40,69,62,51,51,35,24,24,24,24,24,24,24,10,10,10,30,0,0],"gold":171,"neow_bonus":"THREE_ENEMY_KILL","is_daily":false,"chose_seed":false,"campfire_upgraded":3,"win_rate":0.0,"timestamp":1607801490,"path_taken":["M","?","?","M","M","E","R","?","T","?","?","E","R","M","R","BOSS","M","M","?","?","M","R","$","?","T","?","$","M","?","M","R","BOSS"],"items_purchased_type":["Card","Card","Relic"],"build_version":"2020-11-30","purchased_purges":2,"victory":false,"max_hp_per_floor":[75,75,75,75,75,75,75,69,69,69,69,69,69,69,69,69,69,69,69,69,69,69,69,69,69,69,69,69,69,69,69,69,69,69],"card_choices":[{"not_picked":["Steam","Fusion"],"picked":"Conserve Battery","floor":1.0},{"not_picked":["Reinforced Body","Barrage"],"picked":"Force Field","floor":3.0},{"not_picked":["Cold Snap","Doom and Gloom","Compile Driver"],"picked":"SKIP","floor":4.0},{"not_picked":["Coolheaded","Redo"],"picked":"Reinforced Body","floor":5.0},{"not_picked":["Conserve Battery","Beam Cell"],"picked":"Machine Learning","floor":6.0},{"not_picked":["Conserve Battery","White Noise"],"picked":"Capacitor","floor":10.0},{"not_picked":["Compile Driver","Glacier","Beam Cell"],"picked":"SKIP","floor":11.0},{"not_picked":["Turbo","Steam"],"picked":"Creative AI","floor":12.0},{"not_picked":["Beam Cell","Compile Driver"],"picked":"Ball Lightning","floor":14.0},{"not_picked":["Recycle","Rebound"],"picked":"Go for the Eyes+1","floor":18.0},{"not_picked":["Leap","Skim+1"],"picked":"Redo+1","floor":19.0},{"not_picked":["Turbo+1","Rebound"],"picked":"FTL","floor":22.0},{"not_picked":["Go for the Eyes","Genetic Algorithm+1"],"picked":"Hologram+1","floor":29.0},{"not_picked":["Streamline","Steam"],"picked":"Echo Form","floor":31.0}],"player_experience":1021120,"relics_obtained":[{"floor":6.0,"key":"Ancient Tea Set"},{"floor":9.0,"key":"Anchor"},{"floor":10.0,"key":"Odd Mushroom"},{"floor":12.0,"key":"DataDisk"},{"floor":17.0,"key":"Juzu Bracelet"},{"floor":17.0,"key":"Mercury Hourglass"},{"floor":17.0,"key":"Unceasing Top"},{"floor":21.0,"key":"Necronomicon"},{"floor":26.0,"key":"Mummified Hand"},{"floor":30.0,"key":"Kunai"}],"event_choices":[{"damage_healed":0.0,"max_hp_gain":0.0,"max_hp_loss":0.0,"gold_gain":0.0,"event_name":"Upgrade Shrine","player_choice":"Upgraded","floor":2.0,"gold_loss":0.0,"damage_taken":0.0,"cards_upgraded":["Zap"]},{"damage_healed":0.0,"max_hp_gain":0.0,"max_hp_loss":6.0,"gold_gain":0.0,"event_name":"Golden Idol","player_choice":"Lose Max HP","floor":8.0,"gold_loss":0.0,"damage_taken":0.0,"relics_obtained":["Golden Idol"]},{"damage_healed":0.0,"max_hp_gain":0.0,"max_hp_loss":0.0,"gold_gain":0.0,"event_name":"Mushrooms","player_choice":"Fought Mushrooms","floor":10.0,"gold_loss":0.0,"damage_taken":0.0},{"damage_healed":0.0,"max_hp_gain":0.0,"max_hp_loss":0.0,"gold_gain":99.0,"event_name":"Nest","player_choice":"Stole From Cult","floor":20.0,"gold_loss":0.0,"damage_taken":0.0},{"damage_healed":0.0,"max_hp_gain":0.0,"max_hp_loss":0.0,"gold_gain":0.0,"event_name":"Cursed Tome","player_choice":"Obtained Book","floor":21.0,"gold_loss":0.0,"damage_taken":16.0},{"damage_healed":0.0,"max_hp_gain":0.0,"max_hp_loss":0.0,"gold_gain":0.0,"event_name":"Vampires","player_choice":"Ignored","floor":25.0,"gold_loss":0.0,"damage_taken":0.0},{"damage_healed":0.0,"max_hp_gain":0.0,"max_hp_loss":0.0,"gold_gain":0.0,"event_name":"Accursed Blacksmith","player_choice":"Rummage","floor":27.0,"gold_loss":0.0,"damage_taken":0.0,"relics_obtained":["WarpedTongs"],"cards_obtained":["Pain"]}],"is_beta":false,"boss_relics":[{"not_picked":["Black Star","Ectoplasm"],"picked":"Calling Bell"}],"items_purged_floors":[24,28],"is_endless":false,"potions_floor_spawned":[3,4,5,11,16,18,22],"killed_by":"Automaton","ascension_level":0}}