{"host":"f6tqpspb2ou2a4h5","time":1607751833,"event":{"mods":["2.2 Compatiblity","Ascension Unlocker","BaseMod","Colored Map","DeckTracker","Hermit","Highlight Path","KOR Keyword Fix","Keyboard Shortcuts","Minty Spire (QoL Compilation)","Permanent Neow","Quick Restart","Random Character Button","StSLib","SuperFastMode","The Poker Player","everything is the same but u backflip on backflip"],"gold_per_floor":[114,130,14,14,30,30,62,62,86,100,113,113,13,13,13,13,13],"floor_reached":16,"playtime":493,"items_purged":["Strike_G","Decay"],"score":195,"play_id":"acfd7d1c-6af7-4e84-a8fc-96b0beea2ce8","local_time":"20201212144353","is_ascension_mode":true,"campfire_choices":[{"data":"Well Laid Plans","floor":6,"key":"SMITH"},{"data":"Crippling Poison","floor":8,"key":"SMITH"},{"floor":12,"key":"REST"},{"floor":15,"key":"REST"}],"circlet_count":0,"master_deck":["AscendersBane","Strike_G","Strike_G","Strike_G","Defend_G","Defend_G","Defend_G","Defend_G","Survivor","Neutralize","Bouncing Flask","Crippling Poison+1","Well Laid Plans+1","Blur","Outmaneuver","Eviscerate"],"relics":["Cursed Key","Bag of Marbles","Toy Ornithopter"],"acts_visited":["Exordium"],"potions_floor_usage":[16],"damage_taken":[{"damage":3,"enemies":"Cultist","floor":1,"turns":5},{"damage":2,"enemies":"Jaw Worm","floor":2,"turns":4},{"damage":4,"enemies":"Small Slimes","floor":5,"turns":4},{"damage":8,"enemies":"Lagavulin","floor":7,"turns":7},{"damage":5,"enemies":"Looter","floor":10,"turns":4},{"damage":32,"enemies":"Large Slime","floor":11,"turns":9},{"damage":42,"enemies":"Slime Boss","floor":16,"turns":7}],"seed_played":"-1253391352844502729","potions_obtained":[{"floor":2,"key":"BlessingOfTheForge"},{"floor":7,"key":"SmokeBomb"}],"is_trial":false,"path_per_floor":["M","M","$","?","M","R","E","R","T","M","M","R","$","?","R","B"],"character_chosen":"THE_SILENT","items_purchased":["Well Laid Plans"],"campfire_rested":2,"item_purchase_floors":[3],"current_hp_per_floor":[56,54,54,54,50,50,42,42,42,37,5,24,24,17,36,0,0],"gold":13,"neow_bonus":"BOSS_RELIC","is_daily":false,"chose_seed":false,"campfire_upgraded":2,"win_rate":0.0,"timestamp":1607751833,"path_taken":["M","M","?","?","?","R","E","R","T","M","M","R","$","?","R","BOSS"],"items_purchased_type":["Card"],"build_version":"2020-11-30","purchased_purges":2,"victory":false,"max_hp_per_floor":[66,66,66,66,66,66,66,66,66,66,66,66,66,66,66,66,66],"card_choices":[{"not_picked":["Dodge and Roll","Caltrops"],"picked":"Bouncing Flask","floor":1},{"not_picked":["PiercingWail","Acrobatics"],"picked":"Crippling Poison","floor":2},{"not_picked":["Flying Knee","Sucker Punch"],"picked":"Blur","floor":5},{"not_picked":["Terror","Choke","Dodge and Roll"],"picked":"SKIP","floor":7},{"not_picked":["Well Laid Plans","Sucker Punch"],"picked":"Outmaneuver","floor":10},{"not_picked":["All Out Attack","Quick Slash"],"picked":"Eviscerate","floor":11}],"player_experience":13273,"relics_obtained":[{"floor":7,"key":"Bag of Marbles"},{"floor":9,"key":"Toy Ornithopter"}],"event_choices":[{"cards_removed":["Strike_G"],"damage_healed":0,"gold_gain":0,"player_choice":"Offered Basic","damage_taken":0,"max_hp_gain":0,"max_hp_loss":0,"event_name":"Bonfire Elementals","floor":4,"gold_loss":0},{"cards_removed":["Defend_G"],"damage_healed":0,"gold_gain":0,"player_choice":"Card Removal","damage_taken":7,"max_hp_gain":0,"max_hp_loss":0,"event_name":"Golden Wing","floor":14,"gold_loss":0}],"is_beta":false,"boss_relics":[],"items_purged_floors":[3,13],"is_endless":false,"potions_floor_spawned":[2,7],"killed_by":"Slime Boss","ascension_level":19}}