{"host":"e2ju6k0wppswbhbd","time":1607795840,"event":{"mods":["BaseMod","Minty Spire (QoL Compilation)","Rare Cards Sparkle","StSLib"],"gold_per_floor":[115,115,134,151,101,101,115,148,175,175,27,54,67,97,97,197,197,210,227,227,242,262,262,262],"floor_reached":23,"playtime":2660,"items_purged":[],"score":203,"play_id":"7e26733d-8130-49b5-a57e-41fd3326b80a","local_time":"20201212185720","is_ascension_mode":false,"campfire_choices":[{"floor":6,"key":"RECALL"},{"data":"Stack","floor":10,"key":"SMITH"},{"floor":15,"key":"REST"}],"circlet_count":0,"master_deck":["Strike_B","Strike_B","Strike_B","Defend_B","Defend_B","Defend_B","Zap","Dualcast","Ball Lightning","Stack+1","Self Repair","Undo","BootSequence","Compile Driver","Buffer","CurseOfTheBell","Coolheaded+1","Redo+1","RitualDagger","Fusion+1","Leap+1"],"relics":["Cracked Core","Potion Belt","Bag of Preparation","Nunchaku","Regal Pillow","Calling Bell","Bag of Marbles","Toxic Egg 2","Du-Vu Doll"],"acts_visited":["Exordium","TheCity"],"potions_floor_usage":[8,8,14,19,21,22],"damage_taken":[{"damage":5,"enemies":"Small Slimes","floor":1,"turns":3},{"damage":1,"enemies":"Jaw Worm","floor":3,"turns":3},{"damage":0,"enemies":"Cultist","floor":4,"turns":2},{"damage":13,"enemies":"2 Fungi Beasts","floor":7,"turns":4},{"damage":6,"enemies":"3 Sentries","floor":8,"turns":7},{"damage":0,"enemies":"Blue Slaver","floor":13,"turns":4},{"damage":56,"enemies":"Gremlin Nob","floor":14,"turns":6},{"damage":34,"enemies":"The Guardian","floor":16,"turns":15},{"damage":27,"enemies":"Shell Parasite","floor":18,"turns":10},{"damage":23,"enemies":"2 Thieves","floor":19,"turns":5},{"damage":6,"enemies":"Cultist and Chosen","floor":21,"turns":8},{"damage":12,"enemies":"Snake Plant","floor":22,"turns":4},{"damage":35,"enemies":"Gremlin Leader","floor":23,"turns":9}],"seed_played":"-6980037387435120279","potions_obtained":[{"floor":3,"key":"Dexterity Potion"},{"floor":7,"key":"SkillPotion"},{"floor":8,"key":"ColorlessPotion"},{"floor":14,"key":"FocusPotion"},{"floor":19,"key":"ColorlessPotion"},{"floor":21,"key":"Fire Potion"}],"is_trial":false,"path_per_floor":["M","?","M","M","?","R","M","E","T","R","$","T","M","E","R","B",null,"M","M","?","M","M","E"],"character_chosen":"DEFECT","items_purchased":["Bag of Preparation"],"campfire_rested":1,"item_purchase_floors":[11],"current_hp_per_floor":[77,70,69,69,69,69,63,64,64,64,64,64,71,22,61,34,82,62,39,33,34,29,0,0],"gold":262,"neow_bonus":"TEN_PERCENT_HP_BONUS","is_daily":false,"chose_seed":false,"campfire_upgraded":1,"win_rate":0.0,"timestamp":1607795840,"path_taken":["M","?","M","M","?","R","?","E","T","R","$","?","M","E","R","BOSS","M","M","?","M","M","E"],"items_purchased_type":["Relic"],"build_version":"2020-11-30","purchased_purges":0,"victory":false,"max_hp_per_floor":[82,82,82,82,82,82,82,82,82,82,82,82,82,82,82,82,82,82,82,82,82,82,82,82],"card_choices":[{"not_picked":["Go for the Eyes","Gash"],"picked":"Ball Lightning","floor":1},{"not_picked":["Blizzard","Steam Power"],"picked":"Stack","floor":3},{"not_picked":["FTL","Recycle"],"picked":"Self Repair","floor":4},{"not_picked":["Hello World","Turbo","Heatsinks"],"picked":"SKIP","floor":7},{"not_picked":["FTL","Loop"],"picked":"Undo","floor":8},{"not_picked":["Barrage","Beam Cell"],"picked":"BootSequence","floor":13},{"not_picked":["Amplify","Turbo"],"picked":"Compile Driver","floor":14},{"not_picked":["All For One","Creative AI"],"picked":"Buffer","floor":16},{"not_picked":["Conserve Battery+1","Cold Snap+1"],"picked":"Coolheaded+1","floor":18},{"not_picked":["Aggregate+1","Go for the Eyes+1"],"picked":"Redo+1","floor":19},{"not_picked":["Go for the Eyes","Steam+1"],"picked":"Fusion+1","floor":21},{"not_picked":["Beam Cell","Stack+1"],"picked":"Leap+1","floor":22}],"player_experience":2508942,"relics_obtained":[{"floor":8,"key":"Potion Belt"},{"floor":12,"key":"Nunchaku"},{"floor":14,"key":"Regal Pillow"},{"floor":17,"key":"Bag of Marbles"},{"floor":17,"key":"Toxic Egg 2"},{"floor":17,"key":"Du-Vu Doll"}],"event_choices":[{"cards_removed":["Strike_B"],"damage_healed":0,"gold_gain":0,"player_choice":"Card Removal","damage_taken":7,"max_hp_gain":0,"max_hp_loss":0,"event_name":"Golden Wing","floor":2,"gold_loss":0},{"cards_removed":["Defend_B"],"damage_healed":0,"gold_gain":0,"player_choice":"Card Removal","damage_taken":0,"max_hp_gain":0,"max_hp_loss":0,"event_name":"The Cleric","floor":5,"gold_loss":50},{"damage_healed":0,"gold_gain":0,"player_choice":"Joined the Cult","damage_taken":6,"max_hp_gain":0,"max_hp_loss":0,"event_name":"Nest","floor":20,"gold_loss":0,"cards_obtained":["RitualDagger"]}],"is_beta":false,"boss_relics":[{"not_picked":["Pandora\u0027s Box","Ectoplasm"],"picked":"Calling Bell"}],"items_purged_floors":[],"is_endless":false,"potions_floor_spawned":[3,7,8,14,19,21],"killed_by":"Gremlin Leader","ascension_level":0}}