{"host":"ipk67jpu1niyju9z","time":1607738616,"event":{"mods":["Aspiration","Bard","BaseMod","Conspire","Downfall","Energized Spire","Fiend Mod","GifTheSpireLib","Hermit","Hubris","Jorbs\u0027s Wanderer Trilogy","Marked Mod","Minty Spire (QoL Compilation)","Replay The Spire","Shade Mod","Somnambulant","Spikes Relics","StSLib","Stuff the Spire","The Blue Laboratory","The Cursed","The Disciple","The Forsaken","The Hierophant","The Judge","The Mystic","The Runesmith","The Servant 0.9.4","The Spell Scribe","TheArtist"],"gold_per_floor":[110,110,64,64,84,84,84,84,107,134,134,172,172,172,172,190,190],"floor_reached":16,"playtime":1407,"items_purged":[],"score":96,"play_id":"ae1a202b-f913-45b0-bcd0-7018cd54c0b1","local_time":"20201211200336","daily_mods":["SealedDeck","Allstar","Diverse","downfall:Jewelcrafting","downfall:Improvised","Binary"],"is_ascension_mode":false,"campfire_choices":[{"data":"Guardian:ExploitGems","floor":11,"key":"SMITH"}],"circlet_count":0,"master_deck":["Guardian:ExploitGems+1","Guardian:ExploitGems+1","sneckomod:UnknownCommonAttack","sneckomod:UnknownCommonAttack","sneckomod:UnknownCommonAttack","sneckomod:UnknownCommonSkill","sneckomod:UnknownCommonSkill+1","sneckomod:UnknownCommonSkill","sneckomod:UnknownUncommonAttack","sneckomod:UnknownUncommonSkill","sneckomod:UnknownUncommonPower","sneckomod:Unknown","bard:EchoEcho","CarveReality","Heavy Blade","Guardian:MultiBeam","sneckomod:QuickMove","Slimebound:GoopSpray+1","theForsaken:RainingSunlight","mysticmod:MagicWeapon","Sucker Punch","TheCursedMod:RavingStaff","Genetic Algorithm","Guardian:Gem_Red","Guardian:Gem_Purple","Guardian:Gem_Synthetic","Guardian:Gem_Green","Delirium","Guardian:Gem_White","Guardian:Gem_Blue"],"relics":["Burning Blood","Busted Crown","Guardian:PickAxe","Replay:Bandana","Smiling Mask","Ring of Peace","ReplayTheSpireMod:Ring of Collecting"],"acts_visited":["Exordium"],"potions_floor_usage":[],"damage_taken":[{"damage":5,"enemies":"2 Louse","floor":1,"turns":2},{"damage":0,"enemies":"Cultist","floor":5,"turns":2},{"damage":10,"enemies":"Jaw Worm","floor":10,"turns":2},{"damage":25,"enemies":"3 Sentries","floor":12,"turns":4},{"damage":53,"enemies":"Fading Forest","floor":16,"turns":9}],"seed_played":"3807626806919779427","potions_obtained":[{"floor":5,"key":"ColorlessPotion"}],"is_trial":true,"path_per_floor":["M","?","$","?","M","R","$","R","T","M","R","E","?","?","R","B"],"character_chosen":"IRONCLAD","items_purchased":["stsjorbsmod:Prestidigitation"],"campfire_rested":0,"item_purchase_floors":[3],"current_hp_per_floor":[80,80,80,80,80,80,80,80,80,76,76,57,41,41,41,0,0],"gold":190,"neow_bonus":"","is_daily":false,"chose_seed":false,"campfire_upgraded":1,"win_rate":0.0,"timestamp":1607738616,"path_taken":["M","?","?","?","M","R","$","R","T","?","R","E","?","?","R","BOSS"],"items_purchased_type":["Card"],"build_version":"2020-11-30","purchased_purges":0,"victory":false,"max_hp_per_floor":[80,80,80,80,80,80,80,80,80,80,80,80,80,80,80,80,80],"card_choices":[],"player_experience":71473,"relics_obtained":[{"floor":9,"key":"Replay:Bandana"},{"floor":12,"key":"Smiling Mask"},{"floor":14,"key":"Ring of Peace"},{"floor":14,"key":"ReplayTheSpireMod:Ring of Collecting"}],"event_choices":[{"damage_healed":0,"gold_gain":0,"player_choice":"Upgraded","damage_taken":0,"max_hp_gain":0,"max_hp_loss":0,"event_name":"Upgrade Shrine","floor":2,"gold_loss":0,"cards_upgraded":["Guardian:ExploitGems"]},{"cards_removed":["stsjorbsmod:Prestidigitation"],"damage_healed":0,"gold_gain":0,"player_choice":"Took Card","damage_taken":0,"max_hp_gain":0,"max_hp_loss":0,"event_name":"NoteForYourself","floor":4,"gold_loss":0,"cards_obtained":["Genetic Algorithm"]},{"damage_healed":0,"gold_gain":0,"player_choice":"Entered Light","damage_taken":16,"max_hp_gain":0,"max_hp_loss":0,"event_name":"Shining Light","floor":13,"gold_loss":0,"cards_upgraded":["sneckomod:UnknownCommonSkill","Slimebound:GoopSpray"]}],"is_beta":false,"boss_relics":[],"items_purged_floors":[],"is_endless":false,"potions_floor_spawned":[5],"killed_by":"Fading Forest","ascension_level":0}}