{"host":"hfvpa4llnnjpeawn","time":1607801517,"event":{"mods":["2.2 Compatiblity","Act Like it!","BaseMod","Better Skull","Better Third Choice","BetterRewards","CapriCore","Conspire","Downfall","Elementarium","Hermit","Hubris","Koishi","Lobotomy","Mad Scientist","Minty Spire (QoL Compilation)","Replay The Spire","Shade Mod","Somnambulant","StSLib","The Bladedancer","The Factory","The Jungle","Waifu the Spire"],"gold_per_floor":[111,111,125,19,34,34,50,64,134,134,153,170,189,89,89,89,89],"floor_reached":16,"playtime":891,"items_purged":[],"score":96,"play_id":"42d4e3d1-708a-40a4-a24d-998e5d88d250","local_time":"20201212143157","is_ascension_mode":false,"campfire_choices":[{"data":"blademaster:Quickstep","floor":6,"key":"SMITH"},{"floor":15,"key":"REST"}],"circlet_count":0,"master_deck":["blademaster:Strike","blademaster:Strike","blademaster:Strike","blademaster:Strike","blademaster:Defend","blademaster:Defend","blademaster:Defend","blademaster:Defend","blademaster:RagingBlow","blademaster:HighVoltage","blademaster:ThreePointStrike","blademaster:Quickstep+1","blademaster:ParryingStrike","blademaster:Discharge+1","blademaster:Safeguard","blademaster:Flurry","blademaster:Frontflip","blademaster:AwakeningDefend","blademaster:BloodyBlow","blademaster:AncestralHealing","blademaster:EyeOfTheStorm","Ghostly"],"relics":["blademaster:DancersAmulet","Replay:Bottled Flurry"],"acts_visited":["Exordium"],"potions_floor_usage":[11,16],"damage_taken":[{"damage":6,"enemies":"Jaw Worm","floor":1,"turns":3},{"damage":7,"enemies":"2 Louse","floor":3,"turns":3},{"damage":5,"enemies":"Cultist","floor":5,"turns":4},{"damage":13,"enemies":"2 Fungi Beasts","floor":7,"turns":5},{"damage":7,"enemies":"Large Slime","floor":8,"turns":5},{"damage":24,"enemies":"3 Louse","floor":11,"turns":5},{"damage":3,"enemies":"Red Slaver","floor":12,"turns":4},{"damage":5,"enemies":"Looter","floor":13,"turns":4},{"damage":56,"enemies":"Slime Boss","floor":16,"turns":6}],"seed_played":"-5610251250805370365","potions_obtained":[{"floor":8,"key":"Swift Potion"},{"floor":13,"key":"PowerPotion"}],"is_trial":false,"path_per_floor":["M","?","M","$","M","R","M","M","T","?","M","M","M","?","R","B"],"character_chosen":"THE_BLADEMASTER","items_purchased":["blademaster:Discharge+1","blademaster:Safeguard"],"campfire_rested":1,"item_purchase_floors":[4,4],"current_hp_per_floor":[69,74,67,67,62,62,49,42,42,42,18,15,10,10,34,0,0],"gold":89,"neow_bonus":"ONE_RANDOM_RARE_CARD","is_daily":false,"chose_seed":false,"campfire_upgraded":1,"win_rate":0.0,"timestamp":1607801517,"path_taken":["M","?","M","$","M","R","M","M","T","?","?","M","M","?","R","BOSS"],"items_purchased_type":["Card","Card"],"build_version":"2020-11-30","purchased_purges":0,"victory":false,"max_hp_per_floor":[75,80,80,80,80,80,80,80,80,80,80,80,80,80,80,80,80],"card_choices":[{"not_picked":["blademaster:Sunder","blademaster:AspectOfLightning"],"picked":"blademaster:Quickstep","floor":1},{"not_picked":["blademaster:LightningCrash","blademaster:Sharpen"],"picked":"blademaster:ParryingStrike","floor":3},{"not_picked":["blademaster:AwakeningDefend","blademaster:DragonStrike"],"picked":"blademaster:Flurry","floor":5},{"not_picked":["blademaster:AirSlash","blademaster:LightningCrash"],"picked":"blademaster:Frontflip","floor":7},{"not_picked":["blademaster:AspectOfWind","blademaster:ThunderingOpener"],"picked":"blademaster:AwakeningDefend","floor":8},{"not_picked":["blademaster:ChargingUp","blademaster:RollingTyphoon"],"picked":"blademaster:BloodyBlow","floor":11},{"not_picked":["blademaster:AspectOfWind","blademaster:Stability"],"picked":"blademaster:AncestralHealing","floor":12},{"not_picked":["blademaster:Safeguard","blademaster:AspectOfWind"],"picked":"blademaster:EyeOfTheStorm","floor":13}],"player_experience":171639,"relics_obtained":[{"floor":9,"key":"Replay:Bottled Flurry"}],"event_choices":[{"damage_healed":0,"gold_gain":0,"player_choice":"Donut","damage_taken":0,"max_hp_gain":5,"max_hp_loss":0,"event_name":"Big Fish","floor":2,"gold_loss":0},{"damage_healed":0,"gold_gain":0,"player_choice":"Ignored","damage_taken":0,"max_hp_gain":0,"max_hp_loss":0,"event_name":"NoteForYourself","floor":10,"gold_loss":0},{"damage_healed":0,"gold_gain":0,"player_choice":"Argue","damage_taken":0,"max_hp_gain":0,"max_hp_loss":0,"event_name":"conspire:LoneGhost","floor":14,"gold_loss":0}],"is_beta":false,"boss_relics":[],"items_purged_floors":[],"is_endless":false,"potions_floor_spawned":[8,13],"killed_by":"Slime Boss","ascension_level":0}}