{"host":"wshh0nphwn6jv7vj","time":1607796627,"event":{"mods":["BaseMod","Bestiary","Minty Spire (QoL Compilation)"],"gold_per_floor":[118,137,137,137,149,177,177,211,211,211,211,225,244,257,257,331,331,348,76,91,91,7,42,42,67,91,91,91],"floor_reached":27,"playtime":3011,"items_purged":["Pain"],"score":501,"play_id":"84648f34-0f75-4880-ae6b-f909b30b8d08","local_time":"20201212131027","is_ascension_mode":true,"campfire_choices":[{"floor":7,"key":"REST"},{"floor":10,"key":"REST"},{"floor":15,"key":"REST"},{"floor":24,"key":"REST"}],"circlet_count":0,"master_deck":["AscendersBane","Survivor","Neutralize","Dagger Throw","Blade Dance","Distraction","Burst","Bouncing Flask","Crippling Poison","Flying Knee","Slice","Night Terror","Terror","After Image","Envenom","Flechettes","Well Laid Plans","Noxious Fumes","Blur","Catalyst","Deadly Poison","Caltrops","Dodge and Roll","Poisoned Stab+1","Ghostly","Ghostly","Ghostly","Caltrops","PiercingWail","Backflip+1"],"relics":["Ring of the Snake","NeowsBlessing","WarpedTongs","Calipers","CaptainsWheel","Lizard Tail","CultistMask","Pandora\u0027s Box","Orichalcum","Toxic Egg 2","Bronze Scales","Tiny Chest"],"acts_visited":["Exordium","TheCity"],"potions_floor_usage":[6,8,16,18,25,25],"damage_taken":[{"damage":0,"enemies":"Small Slimes","floor":1,"turns":1},{"damage":0,"enemies":"2 Louse","floor":2,"turns":1},{"damage":0,"enemies":"Cultist","floor":5,"turns":1},{"damage":32,"enemies":"Lagavulin","floor":6,"turns":10},{"damage":34,"enemies":"Gremlin Nob","floor":8,"turns":5},{"damage":6,"enemies":"3 Louse","floor":12,"turns":3},{"damage":20,"enemies":"Gremlin Gang","floor":13,"turns":7},{"damage":22,"enemies":"Exordium Wildlife","floor":14,"turns":5},{"damage":9,"enemies":"Hexaghost","floor":16,"turns":9},{"damage":3,"enemies":"Shell Parasite","floor":18,"turns":4},{"damage":1,"enemies":"Spheric Guardian","floor":20,"turns":4},{"damage":27,"enemies":"Slavers","floor":23,"turns":7},{"damage":0,"enemies":"Book of Stabbing","floor":25,"turns":5},{"damage":17,"enemies":"Slavers","floor":27,"turns":2}],"seed_played":"-1099975783015461340","potions_obtained":[{"floor":1,"key":"Block Potion"},{"floor":2,"key":"DistilledChaos"},{"floor":14,"key":"DistilledChaos"},{"floor":16,"key":"Block Potion"},{"floor":20,"key":"Energy Potion"},{"floor":23,"key":"Poison Potion"}],"is_trial":false,"path_per_floor":["M","M","?","?","M","E","R","E","T","R","?","M","M","M","R","B",null,"M","$","M","?","$","E","R","E","T","E"],"character_chosen":"THE_SILENT","items_purchased":["Orichalcum","Dodge and Roll","Caltrops","PiercingWail"],"campfire_rested":4,"item_purchase_floors":[19,19,22,22],"current_hp_per_floor":[59,59,59,59,59,27,46,12,12,31,31,25,5,16,35,26,56,53,53,52,33,33,6,15,15,15,0,0],"gold":91,"neow_bonus":"THREE_ENEMY_KILL","is_daily":false,"chose_seed":false,"campfire_upgraded":0,"win_rate":0.0,"timestamp":1607796627,"path_taken":["M","M","?","?","?","E","R","E","T","R","?","M","?","M","R","BOSS","M","$","M","?","$","E","R","E","T","E"],"items_purchased_type":["Relic","Card","Card","Card"],"build_version":"2020-11-30","purchased_purges":1,"victory":false,"max_hp_per_floor":[66,66,66,66,66,66,66,66,66,66,66,66,66,66,66,66,66,66,66,66,33,33,33,33,33,33,33,33],"card_choices":[{"not_picked":["Poisoned Stab","Leg Sweep"],"picked":"Dagger Throw","floor":1},{"not_picked":["Cloak And Dagger","Calculated Gamble"],"picked":"Blade Dance","floor":2},{"not_picked":["Slice","Bane"],"picked":"Burst","floor":5},{"not_picked":["Setup","Calculated Gamble"],"picked":"Bouncing Flask","floor":6},{"not_picked":["Underhanded Strike","Burst","Quick Slash"],"picked":"SKIP","floor":8},{"not_picked":["Quick Slash","Riddle With Holes"],"picked":"Crippling Poison","floor":12},{"not_picked":["Prepared","Distraction"],"picked":"Flying Knee","floor":13},{"not_picked":["Quick Slash","Cloak And Dagger"],"picked":"Slice","floor":14},{"not_picked":["After Image","Phantasmal Killer"],"picked":"Night Terror","floor":16},{"not_picked":["Infinite Blades","Finisher"],"picked":"Caltrops","floor":18},{"not_picked":["Reflex+1","Cloak And Dagger"],"picked":"Poisoned Stab+1","floor":20},{"not_picked":["Sucker Punch","Flying Knee","Dagger Spray"],"picked":"SKIP","floor":23},{"not_picked":["Flechettes","Sucker Punch"],"picked":"Backflip+1","floor":25}],"player_experience":1391259,"relics_obtained":[{"floor":6,"key":"Calipers"},{"floor":8,"key":"CaptainsWheel"},{"floor":9,"key":"Lizard Tail"},{"floor":23,"key":"Toxic Egg 2"},{"floor":25,"key":"Bronze Scales"},{"floor":26,"key":"Tiny Chest"}],"event_choices":[{"damage_healed":0,"gold_gain":0,"cards_transformed":["Strike_G"],"player_choice":"Change","damage_taken":0,"max_hp_gain":0,"max_hp_loss":0,"event_name":"Living Wall","floor":3,"gold_loss":0,"cards_obtained":["Distraction"]},{"damage_healed":0,"gold_gain":0,"player_choice":"Rummage","damage_taken":0,"relics_obtained":["WarpedTongs"],"max_hp_gain":0,"max_hp_loss":0,"event_name":"Accursed Blacksmith","floor":4,"gold_loss":0,"cards_obtained":["Pain"]},{"damage_healed":0,"gold_gain":0,"player_choice":"Trade","damage_taken":0,"relics_obtained":["CultistMask"],"max_hp_gain":0,"max_hp_loss":0,"event_name":"FaceTrader","floor":11,"gold_loss":0},{"damage_healed":0,"gold_gain":0,"player_choice":"Became a Ghost","damage_taken":0,"max_hp_gain":0,"max_hp_loss":33,"event_name":"Ghosts","floor":21,"gold_loss":0,"cards_obtained":["Ghostly","Ghostly","Ghostly"]}],"is_beta":false,"boss_relics":[{"not_picked":["Tiny House","Runic Pyramid"],"picked":"Pandora\u0027s Box"}],"items_purged_floors":[19],"is_endless":false,"potions_floor_spawned":[1,2,5,14,16,20,23],"killed_by":"Slavers","ascension_level":15}}