{"host":"avjwtc49fhlk6kym","time":1607731478,"event":{"mods":["AchievementEnabler","BaseMod","Better Match","Better Note","Better Third Choice","Colored Map","Colored Powertips","Displayed Cursed Tome","Highlight Path","Minty Spire (QoL Compilation)","Permanent Neow","Quick Restart","StSLib"],"gold_per_floor":[119,136,211,211,222,222,247,247,247,277,288,300,300,310,310,410,410,427,181,196,19,19,19],"floor_reached":22,"playtime":830,"items_purged":["Strike_P"],"score":216,"play_id":"5424ac7e-935e-4575-8ccc-08e83fad0efb","local_time":"20201211190438","is_ascension_mode":true,"campfire_choices":[{"data":"CrushJoints","floor":6.0,"key":"SMITH"},{"floor":8.0,"key":"REST"},{"floor":15.0,"key":"REST"}],"circlet_count":0,"master_deck":["Strike_P","Strike_P","Defend_P","Defend_P","Eruption+1","Vigilance","Establishment","LikeWater","CrushJoints+1","Wallop","CrushJoints","Consecrate","PathToVictory+1","DeceiveReality+1","Devotion","LessonLearned+1","WreathOfFlame+1","Alpha+1","ThirdEye+1","FlurryOfBlows","PathToVictory+1","FlurryOfBlows"],"relics":["PureWater","Tiny Chest","Juzu Bracelet","Darkstone Periapt","Toxic Egg 2","Astrolabe","Anchor","Blood Vial"],"acts_visited":["Exordium","TheCity"],"potions_floor_usage":[22],"damage_taken":[{"damage":0.0,"enemies":"2 Louse","floor":1.0,"turns":2.0},{"damage":0.0,"enemies":"Small Slimes","floor":2.0,"turns":4.0},{"damage":2.0,"enemies":"Jaw Worm","floor":5.0,"turns":5.0},{"damage":12.0,"enemies":"Gremlin Nob","floor":7.0,"turns":3.0},{"damage":18.0,"enemies":"3 Sentries","floor":10.0,"turns":5.0},{"damage":0.0,"enemies":"Blue Slaver","floor":11.0,"turns":3.0},{"damage":4.0,"enemies":"Red Slaver","floor":12.0,"turns":5.0},{"damage":5.0,"enemies":"Exordium Wildlife","floor":14.0,"turns":3.0},{"damage":37,"enemies":"Slime Boss","floor":16,"turns":11},{"damage":42,"enemies":"Spheric Guardian","floor":18,"turns":7},{"damage":15,"enemies":"Chosen","floor":20,"turns":6},{"damage":20,"enemies":"Centurion and Healer","floor":22,"turns":3}],"seed_played":"5245502179435772484","potions_obtained":[{"floor":5.0,"key":"CultistPotion"},{"floor":10.0,"key":"CultistPotion"},{"floor":12.0,"key":"Fire Potion"},{"floor":18,"key":"BottledMiracle"}],"is_trial":false,"path_per_floor":["M","M","?","?","M","R","E","R","T","E","M","M","?","M","R","B",null,"M","$","M","$","M"],"character_chosen":"WATCHER","items_purchased":["Anchor","FlurryOfBlows","Blood Vial","FlurryOfBlows"],"campfire_rested":2,"item_purchase_floors":[19,19,21,21],"current_hp_per_floor":[72,72,61,49,47,47,35,56,56,38,38,34,34,29,50,13,72,30,30,15,15,0,0],"gold":19,"neow_bonus":"ONE_RANDOM_RARE_CARD","is_daily":false,"chose_seed":false,"campfire_upgraded":1,"win_rate":0.0,"timestamp":1607731478,"path_taken":["M","M","?","?","M","R","E","R","T","E","M","M","?","M","R","BOSS","M","$","M","$","M"],"items_purchased_type":["Relic","Card","Relic","Card"],"build_version":"2020-11-30","purchased_purges":1,"victory":false,"max_hp_per_floor":[72,72,72,72,72,72,72,72,72,72,72,72,72,72,72,72,72,72,72,72,72,72,72],"card_choices":[{"not_picked":["CrushJoints","Evaluate"],"picked":"LikeWater","floor":1.0},{"not_picked":["Protect","Halt"],"picked":"CrushJoints","floor":2.0},{"not_picked":["DeceiveReality","Adaptation"],"picked":"Wallop","floor":5.0},{"not_picked":["BowlingBash","Omniscience"],"picked":"CrushJoints","floor":7.0},{"not_picked":["Perseverance+1","Brilliance"],"picked":"Consecrate","floor":10.0},{"not_picked":["Consecrate","Indignation+1","Crescendo+1"],"picked":"SKIP","floor":11.0},{"not_picked":["ThirdEye+1","Consecrate"],"picked":"PathToVictory+1","floor":12.0},{"not_picked":["Crescendo+1","Tantrum"],"picked":"DeceiveReality+1","floor":14.0},{"not_picked":["Vault+1","ConjureBlade+1"],"picked":"Devotion","floor":16},{"not_picked":["WaveOfTheHand+1","Halt+1"],"picked":"ThirdEye+1","floor":18},{"not_picked":["Evaluate+1","MentalFortress"],"picked":"PathToVictory+1","floor":20}],"player_experience":490332,"relics_obtained":[{"floor":7.0,"key":"Juzu Bracelet"},{"floor":9.0,"key":"Darkstone Periapt"},{"floor":10.0,"key":"Toxic Egg 2"}],"event_choices":[{"damage_healed":0.0,"max_hp_gain":0.0,"max_hp_loss":0.0,"gold_gain":75.0,"event_name":"betterThird:BetterGoop","player_choice":"Gold","floor":3.0,"gold_loss":0.0,"damage_taken":11.0},{"damage_healed":0.0,"max_hp_gain":0.0,"max_hp_loss":0.0,"gold_gain":0.0,"event_name":"betterThird:BetterScrap","player_choice":"Relic ","floor":4.0,"gold_loss":0.0,"damage_taken":12.0,"cards_obtained":["Hello World"]},{"damage_healed":0.0,"max_hp_gain":0.0,"max_hp_loss":0.0,"gold_gain":0.0,"event_name":"Living Wall","player_choice":"Grow","floor":13.0,"gold_loss":0.0,"damage_taken":0.0,"cards_upgraded":["Eruption"]}],"is_beta":false,"boss_relics":[{"not_picked":["Runic Dome","Pandora\u0027s Box"],"picked":"Astrolabe"}],"items_purged_floors":[19],"is_endless":false,"potions_floor_spawned":[5,10,12,18],"killed_by":"Centurion and Healer","ascension_level":2}}