{"host":"sct5htsgcw1q318k","time":1607787623,"event":{"mods":["BaseMod","Colored Map","Minty Spire (QoL Compilation)","Permanent Neow"],"gold_per_floor":[112,130,130,130,130,166,166,197,224,261,286,342,132,146,146,237,237,256,306,294,308,332,372,399,399,399],"floor_reached":25,"playtime":2837,"items_purged":[],"score":487,"play_id":"7a5ad6d6-b0ce-4f8a-a620-6778b8f30320","local_time":"20201212094023","is_ascension_mode":true,"campfire_choices":[{"data":"Apotheosis","floor":7.0,"key":"SMITH"},{"data":"Battle Trance","floor":15.0,"key":"SMITH"}],"circlet_count":0,"master_deck":["AscendersBane","Strike_R","Strike_R","Strike_R","Strike_R","Strike_R","Defend_R","Defend_R","Defend_R","Defend_R","Bash","Apotheosis+1","Rage","Clothesline","Shockwave","Battle Trance+1","Anger","Rage","True Grit","Anger","Shrug It Off","Reaper","Warcry","Cleave","Burning Pact"],"relics":["Burning Blood","Golden Idol","Oddly Smooth Stone","Champion Belt","Dream Catcher","MawBank","Darkstone Periapt","Orrery","SlaversCollar","CeramicFish"],"acts_visited":[],"potions_floor_usage":[23,23],"damage_taken":[{"damage":4.0,"enemies":"Small Slimes","floor":1.0,"turns":5.0},{"damage":2.0,"enemies":"2 Louse","floor":2.0,"turns":3.0},{"damage":11.0,"enemies":"Lagavulin","floor":6.0,"turns":7.0},{"damage":20.0,"enemies":"Gremlin Nob","floor":8.0,"turns":5.0},{"damage":0.0,"enemies":"Cultist","floor":10.0,"turns":3.0},{"damage":7.0,"enemies":"Looter","floor":11.0,"turns":3.0},{"damage":11.0,"enemies":"3 Sentries","floor":12.0,"turns":6.0},{"damage":2.0,"enemies":"2 Fungi Beasts","floor":14.0,"turns":4.0},{"damage":0.0,"enemies":"The Guardian","floor":16.0,"turns":9.0},{"damage":0.0,"enemies":"3 Byrds","floor":18.0,"turns":3.0},{"damage":32,"enemies":"2 Thieves","floor":20,"turns":4},{"damage":0,"enemies":"Centurion and Healer","floor":21,"turns":9},{"damage":40,"enemies":"Snake Plant","floor":22,"turns":7},{"damage":33,"enemies":"Slavers","floor":23,"turns":8},{"damage":34,"enemies":"Sentry and Sphere","floor":24,"turns":8},{"damage":26,"enemies":"Snecko","floor":25,"turns":4}],"seed_played":"8309560459565340638","potions_obtained":[{"floor":1.0,"key":"SteroidPotion"},{"floor":2.0,"key":"LiquidBronze"},{"floor":11.0,"key":"AttackPotion"},{"floor":12.0,"key":"Fire Potion"},{"floor":16.0,"key":"Regen Potion"},{"floor":22,"key":"Energy Potion"},{"floor":24,"key":"Explosive Potion"}],"is_trial":false,"path_per_floor":["M","M","?","?","?","E","R","E","T","M","M","E","$","M","R","B",null,"M","?","M","M","M","E","M","M"],"character_chosen":"IRONCLAD","items_purchased":["Rage","Orrery"],"campfire_rested":0,"item_purchase_floors":[13,13],"current_hp_per_floor":[53,57,57,50,74,69,69,55,55,61,60,55,55,59,59,65,72,74,74,58,74,44,47,26,0,0],"gold":399,"neow_bonus":"RANDOM_COLORLESS_2","is_daily":false,"chose_seed":false,"campfire_upgraded":2,"win_rate":0.0,"timestamp":1607787623,"path_taken":["M","M","?","?","?","E","R","E","T","M","M","E","$","M","R","BOSS","M","?","M","M","?","E","M","M"],"items_purchased_type":["Card","Relic"],"build_version":"2020-11-30","purchased_purges":0,"victory":false,"max_hp_per_floor":[80,80,74,74,74,74,74,74,74,74,74,74,74,74,74,74,74,74,74,74,74,74,74,74,74,74],"card_choices":[{"not_picked":["Secret Weapon","The Bomb"],"picked":"Apotheosis","floor":0.0},{"not_picked":["Intimidate","Sever Soul"],"picked":"Rage","floor":1.0},{"not_picked":["Metallicize","Blood for Blood"],"picked":"Clothesline","floor":2.0},{"not_picked":["Flex","Power Through"],"picked":"Shockwave","floor":6.0},{"not_picked":["Corruption","Body Slam"],"picked":"Battle Trance","floor":8.0},{"not_picked":["Havoc","Perfected Strike","Dual Wield"],"picked":"SKIP","floor":10.0},{"not_picked":["Warcry","Pommel Strike"],"picked":"Anger","floor":11.0},{"not_picked":["Sever Soul","Seeing Red","Uppercut"],"picked":"SKIP","floor":12.0},{"not_picked":["Seeing Red","Cleave"],"picked":"True Grit","floor":13.0},{"not_picked":["Iron Wave","Twin Strike"],"picked":"Anger","floor":13.0},{"not_picked":["Clash","Flame Barrier"],"picked":"Shrug It Off","floor":13.0},{"not_picked":["Flame Barrier","Iron Wave","Juggernaut"],"picked":"SKIP","floor":14.0},{"not_picked":["Corruption","Exhume"],"picked":"Reaper","floor":16.0},{"not_picked":["Metallicize","Heavy Blade","Intimidate"],"picked":"SKIP","floor":18.0},{"not_picked":["Pommel Strike+1","Shrug It Off","Clothesline"],"picked":"SKIP","floor":20},{"not_picked":["Armaments","Dark Embrace","Rupture"],"picked":"SKIP","floor":21},{"not_picked":["Sever Soul","Havoc"],"picked":"Warcry","floor":22},{"not_picked":["Body Slam","Twin Strike"],"picked":"Cleave","floor":23},{"not_picked":["Pummel","Dual Wield"],"picked":"Burning Pact","floor":24}],"player_experience":721248,"relics_obtained":[{"floor":6.0,"key":"Champion Belt"},{"floor":8.0,"key":"Dream Catcher"},{"floor":9.0,"key":"MawBank"},{"floor":12.0,"key":"Darkstone Periapt"},{"floor":23,"key":"CeramicFish"}],"event_choices":[{"damage_healed":0.0,"max_hp_gain":0.0,"max_hp_loss":6.0,"gold_gain":0.0,"event_name":"Golden Idol","player_choice":"Lose Max HP","floor":3.0,"gold_loss":0.0,"damage_taken":0.0,"relics_obtained":["Golden Idol"]},{"damage_healed":0.0,"max_hp_gain":0.0,"max_hp_loss":0.0,"gold_gain":0.0,"event_name":"Scrap Ooze","player_choice":"Success","floor":4.0,"gold_loss":0.0,"damage_taken":7.0,"relics_obtained":["Oddly Smooth Stone"]},{"damage_healed":24.0,"max_hp_gain":0.0,"max_hp_loss":0.0,"gold_gain":0.0,"event_name":"Big Fish","player_choice":"Banana","floor":5.0,"gold_loss":0.0,"damage_taken":0.0},{"damage_healed":0,"gold_gain":100,"player_choice":"Bet on Murderer","damage_taken":0,"max_hp_gain":0,"max_hp_loss":0,"event_name":"The Joust","floor":19,"gold_loss":50}],"is_beta":false,"boss_relics":[{"not_picked":["Calling Bell","Snecko Eye"],"picked":"SlaversCollar"}],"items_purged_floors":[],"is_endless":false,"potions_floor_spawned":[1,2,11,12,14,16,22,24],"killed_by":"Snecko","ascension_level":13}}