{"host":"zksvs3x2ysy9npnz","time":1607739425,"event":{"mods":["Aspiration","BaseMod","Beaked The Cultist","BetterRewards","Colored Map","Conspire","Duelist Mod","Halation","Highlight Path","Hubris","Infinite Spire","Jedi Mod","Minty Spire (QoL Compilation)","Permanent Neow","Quick Restart","Relic Stats","Replay The Spire","Retaliation","Shop Mod","StSLib"],"gold_per_floor":[143,143,17,17,17,47,47,276,352,371,371,383,61,81,81,158,158,177,177,192,212,212,212,212,212],"floor_reached":24,"playtime":1226,"items_purged":["theDuelist:Sparks","theDuelist:Sparks"],"score":377,"play_id":"cbb7a936-a4a9-4628-b1df-e28d7e32c005","local_time":"20201212031705","is_ascension_mode":true,"campfire_choices":[{"data":"Enlightenment","floor":7.0,"key":"SMITH"},{"data":"theDuelist:Wildfire","floor":11.0,"key":"SMITH"},{"data":"theDuelist:Sparks","floor":15.0,"key":"PURGE"},{"floor":23.0,"key":"REST"}],"circlet_count":0,"master_deck":["theDuelist:CastleWalls","theDuelist:CastleWalls","theDuelist:CastleWalls","AscendersBane","theDuelist:NaturiaBeast","theDuelist:NaturiaCliff","theDuelist:NaturiaRock","theDuelist:NaturiaTulip","Defend_R","theDuelist:Wildfire+1","theDuelist:ImperialOrder","Enlightenment+1","theDuelist:NaturiaAntjaw","theDuelist:LonefireBlossom","theDuelist:NaturiaRock","Mayhem","theDuelist:NaturiaMarron","theDuelist:NaturiaCherries","theDuelist:NaturiaHorneedle","theDuelist:NaturiaSunflower+1","theDuelist:Nameless:Magic:NaturalDisaster","theDuelist:ConvulsionNature","theDuelist:NaturiaLadybug+1","infinitespire:Starlight"],"relics":["theDuelist:MillenniumPuzzle","theDuelist:CardPoolRelic","theDuelist:CardPoolBasicRelic","theDuelist:BoosterPackPoolRelic","theDuelist:CardPoolAddRelic","theDuelist:CardPoolMinusRelic","theDuelist:CardPoolSaveRelic","theDuelist:CardPoolOptionsRelic","theDuelist:MillenniumPeriapt","theDuelist:MillenniumCoin","Gremlin Horn","Runic Pyramid","theDuelist:NamelessWarRelicA","Sundial"],"acts_visited":["Exordium","TheCity"],"potions_floor_usage":[24],"damage_taken":[{"damage":0.0,"enemies":"Jaw Worm","floor":1.0,"turns":4.0},{"damage":13.0,"enemies":"3 Sentries","floor":6.0,"turns":4.0},{"damage":5.0,"enemies":"Lagavulin","floor":8.0,"turns":7.0},{"damage":0.0,"enemies":"Small Slimes","floor":10.0,"turns":4.0},{"damage":0.0,"enemies":"Cultist","floor":12.0,"turns":3.0},{"damage":6.0,"enemies":"Exordium Thugs","floor":14.0,"turns":4.0},{"damage":29.0,"enemies":"The Guardian","floor":16.0,"turns":9.0},{"damage":1.0,"enemies":"3 Byrds","floor":18.0,"turns":3.0},{"damage":19.0,"enemies":"Shell Parasite","floor":20.0,"turns":4.0},{"damage":40.0,"enemies":"Shelled Parasite and Fungi","floor":21.0,"turns":6.0},{"damage":39,"enemies":"Slavers","floor":24,"turns":2}],"seed_played":"4344050538100081191","potions_obtained":[{"floor":1.0,"key":"theDuelist:FlamingBottle"},{"floor":8.0,"key":"SkillPotion"},{"floor":10.0,"key":"theDuelist:VoidBottle"},{"floor":21.0,"key":"ColorlessPotion"}],"is_trial":false,"path_per_floor":["M","?","$","?","?","E","R","E","T","M","R","M","$","M","R_BF","B",null,"M","?","M","M","AVR","R","E"],"character_chosen":"THE_DUELIST","items_purchased":["Enlightenment","theDuelist:NaturiaAntjaw","Mayhem","theDuelist:NaturiaMarron"],"campfire_rested":1,"item_purchase_floors":[3,3,13,13],"current_hp_per_floor":[63,63,63,63,70,57,57,52,52,52,52,52,52,46,46,17,57,56,60,41,1,1,27,0,0],"gold":212,"neow_bonus":"THREE_RARE_CARDS","is_daily":false,"chose_seed":false,"campfire_upgraded":2,"win_rate":0.0,"timestamp":1607739425,"path_taken":["M","?","$","?","?","E","R","E","T","M","R","?","?","M","R_BF","BOSS","M","?","M","?","AVR","R","E"],"items_purchased_type":["Card","Card","Card","Card"],"build_version":"2020-11-30","purchased_purges":2,"victory":false,"max_hp_per_floor":[70,70,70,70,70,70,70,70,70,70,70,70,70,70,70,70,70,70,87,87,87,87,87,87,87],"relic_stats":{"Gremlin Horn":[5,5],"counters":[11,50],"Sundial":[0],"obtain_stats":[{"Gremlin Horn":9,"theDuelist:MillenniumCoin":8,"theDuelist:NamelessWarRelicA":19,"theDuelist:MillenniumPuzzle":0,"theDuelist:CardPoolSaveRelic":0,"theDuelist:BoosterPackPoolRelic":0,"theDuelist:CardPoolMinusRelic":0,"Sundial":22,"theDuelist:CardPoolBasicRelic":0,"theDuelist:MillenniumPeriapt":6,"theDuelist:CardPoolAddRelic":0,"theDuelist:CardPoolOptionsRelic":0,"theDuelist:CardPoolRelic":0,"Runic Pyramid":17},{"Gremlin Horn":3,"theDuelist:MillenniumCoin":3,"theDuelist:NamelessWarRelicA":8,"theDuelist:MillenniumPuzzle":0,"theDuelist:CardPoolSaveRelic":0,"theDuelist:BoosterPackPoolRelic":0,"theDuelist:CardPoolMinusRelic":0,"Sundial":10,"theDuelist:CardPoolBasicRelic":0,"theDuelist:MillenniumPeriapt":2,"theDuelist:CardPoolAddRelic":0,"theDuelist:CardPoolOptionsRelic":0,"theDuelist:CardPoolRelic":0,"Runic Pyramid":7},{"Gremlin Horn":15,"theDuelist:MillenniumCoin":15,"theDuelist:NamelessWarRelicA":38,"theDuelist:MillenniumPuzzle":0,"theDuelist:CardPoolSaveRelic":0,"theDuelist:BoosterPackPoolRelic":0,"theDuelist:CardPoolMinusRelic":0,"Sundial":48,"theDuelist:CardPoolBasicRelic":0,"theDuelist:MillenniumPeriapt":8,"theDuelist:CardPoolAddRelic":0,"theDuelist:CardPoolOptionsRelic":0,"theDuelist:CardPoolRelic":0,"Runic Pyramid":35}]},"card_choices":[{"not_picked":["theDuelist:ClosedForest","theDuelist:HeartUnderdog"],"picked":"theDuelist:Wildfire","floor":0.0},{"not_picked":["theDuelist:WingedKuriboh","theDuelist:GemElephant","theDuelist:WeepingIdol","theDuelist:BigFire"],"picked":"theDuelist:ImperialOrder","floor":1.0},{"not_picked":["theDuelist:NaturiaHydrangea","theDuelist:FossilDig","theDuelist:NaturiaMantis","theDuelist:NaturiaGuardian"],"picked":"theDuelist:LonefireBlossom","floor":6.0},{"not_picked":["theDuelist:NaturiaGaiastrio","theDuelist:CrystalRose","theDuelist:NaturiaLandoise","theDuelist:Blockman"],"picked":"theDuelist:NaturiaRock","floor":8.0},{"not_picked":["theDuelist:NaturiaExterio","theDuelist:NaturiaCliff","theDuelist:NaturiaButterfly","theDuelist:LuminousMoss","theDuelist:NaturiaLandoise"],"picked":"SKIP","floor":10.0},{"not_picked":["theDuelist:NaturiaExterio","theDuelist:NaturiaCliff","theDuelist:NaturiaButterfly","theDuelist:LuminousMoss","theDuelist:NaturiaLandoise"],"picked":"SKIP","floor":10.0},{"not_picked":["theDuelist:NaturiaEggplant","theDuelist:NaturiaCliff","theDuelist:FuryFire","theDuelist:NaturiaHydrangea","theDuelist:BottomlessTrapHole"],"picked":"SKIP","floor":12.0},{"not_picked":["theDuelist:BottomlessTrapHole","theDuelist:SummoningSwarm","theDuelist:NaturiaParadizo","theDuelist:LairWire"],"picked":"theDuelist:NaturiaCherries","floor":14.0},{"not_picked":["theDuelist:SeismicShockwave","theDuelist:NaturiaVein","theDuelist:HuntingInstinct","theDuelist:ClosedForest"],"picked":"theDuelist:NaturiaHorneedle","floor":16.0},{"not_picked":["theDuelist:NaturiaHydrangea","theDuelist:NaturiaEggplant","theDuelist:NaturiaRagweed","theDuelist:NaturiaBambooShoot"],"picked":"theDuelist:NaturiaSunflower+1","floor":18.0},{"not_picked":["theDuelist:FuryFire","theDuelist:VenomShot","theDuelist:SpacetimeTranscendence","theDuelist:FossilExcavation"],"picked":"theDuelist:ConvulsionNature","floor":20.0},{"not_picked":["theDuelist:NaturiaStrawberry","theDuelist:SeedSacredTree","theDuelist:FuryFire","theDuelist:NaturiaMosquito"],"picked":"theDuelist:NaturiaLadybug+1","floor":21.0}],"player_experience":1170779,"relics_obtained":[{"floor":6.0,"key":"theDuelist:MillenniumPeriapt"},{"floor":8.0,"key":"theDuelist:MillenniumCoin"},{"floor":9.0,"key":"Gremlin Horn"}],"event_choices":[{"damage_healed":0.0,"max_hp_gain":0.0,"max_hp_loss":0.0,"gold_gain":0.0,"event_name":"Egyptian Village","player_choice":"Leave","duelist":true,"floor":4.0,"gold_loss":0.0,"damage_taken":0.0},{"damage_healed":7.0,"max_hp_gain":0.0,"max_hp_loss":0.0,"gold_gain":0.0,"event_name":"Wheel of Change","player_choice":"Full Heal","floor":5.0,"gold_loss":0.0,"damage_taken":0.0},{"total_magic_score":43.0,"gold_gain":0.0,"duelist":true,"damage_taken":13.0,"relics_obtained":["theDuelist:NamelessWarRelicA"],"points":13.0,"war_reward":1.0,"max_hp_gain":17.0,"max_hp_loss":0.0,"spent_points":{"magic":4.0,"greed":0.0,"war":1.0,"power":4.0,"hunger":4.0},"event_name":"Nameless Tomb","hunger_reward":4.0,"floor":19.0,"gold_loss":0.0,"magic_reward":4.0,"cards_obtained":["theDuelist:Nameless:Magic:NaturalDisaster"]}],"is_beta":false,"boss_relics":[{"not_picked":["Replay:Drink Me","Coffee Dripper"],"picked":"Runic Pyramid"}],"items_purged_floors":[13,22],"is_endless":false,"potions_floor_spawned":[1,8,10,12,21],"killed_by":"Slavers","ascension_level":17}}