{"host":"jwbw4f4imxd0v0b0","time":1607747021,"event":{"mods":["BaseMod","Colored Map","Highlight Path","Minty Spire (QoL Compilation)","Relic Stats","StSLib"],"gold_per_floor":[369,369,369,22,36,36,68,87,111,130,164,164,164,195,195,299,299,317,335,385,156,170,170,199,199,222,248,248,266,282,302,302,397,397,416,416,426,426,440,470,470,520,520,532,532,545,545,565,565,565,565,565,88,115,115],"floor_reached":56,"playtime":3783,"items_purged":["Doubt"],"score":1262,"play_id":"143b3cf9-ef8e-4360-844d-e3c8eeeff864","local_time":"20201211222341","is_ascension_mode":false,"campfire_choices":[{"data":"Barrage","floor":6.0,"key":"SMITH"},{"data":"Capacitor","floor":12.0,"key":"SMITH"},{"data":"Machine Learning","floor":15.0,"key":"SMITH"},{"data":"Loop","floor":23.0,"key":"SMITH"},{"data":"Barrage","floor":25.0,"key":"SMITH"},{"data":"Machine Learning","floor":28.0,"key":"SMITH"},{"data":"Compile Driver","floor":32.0,"key":"SMITH"},{"data":"Defragment","floor":41.0,"key":"SMITH"},{"floor":49.0,"key":"RECALL"},{"data":"Zap","floor":52.0,"key":"PURGE"}],"circlet_count":0,"master_deck":["Dualcast","Storm","Coolheaded+1","Barrage+1","Cold Snap","Leap+1","Capacitor+1","Amplify+1","Machine Learning+1","Echo Form","Conserve Battery+1","Machine Learning+1","Glacier+1","Rainbow+1","White Noise+1","Loop+1","Barrage+1","Aggregate+1","Force Field+1","Compile Driver+1","Turbo+1","Darkness+1","Echo Form","Hologram+1","Defragment+1","Coolheaded+1","Storm","Hologram+1"],"relics":["Cracked Core","Toxic Egg 2","Dream Catcher","Art of War","Omamori","Mummified Hand","Pandora\u0027s Box","OrangePellets","Sundial","Bag of Preparation","Bird Faced Urn","Inserter","Toy Ornithopter","Peace Pipe","HornCleat","Ornamental Fan"],"acts_visited":["Exordium","TheCity","TheBeyond","TheEnding"],"potions_floor_usage":[55,55,55],"damage_taken":[{"damage":0.0,"enemies":"Small Slimes","floor":1.0,"turns":3.0},{"damage":3.0,"enemies":"2 Louse","floor":5.0,"turns":2.0},{"damage":23.0,"enemies":"Lagavulin","floor":7.0,"turns":8.0},{"damage":0.0,"enemies":"Jaw Worm","floor":8.0,"turns":3.0},{"damage":0.0,"enemies":"Exordium Wildlife","floor":10.0,"turns":3.0},{"damage":3.0,"enemies":"3 Sentries","floor":11.0,"turns":6.0},{"damage":3.0,"enemies":"Lagavulin","floor":14.0,"turns":8.0},{"damage":11.0,"enemies":"Slime Boss","floor":16.0,"turns":9.0},{"damage":0.0,"enemies":"Chosen","floor":18.0,"turns":3.0},{"damage":10.0,"enemies":"Shell Parasite","floor":19.0,"turns":2.0},{"damage":11.0,"enemies":"Shelled Parasite and Fungi","floor":22.0,"turns":4.0},{"damage":28.0,"enemies":"Gremlin Leader","floor":24.0,"turns":7.0},{"damage":11.0,"enemies":"Slavers","floor":27.0,"turns":5.0},{"damage":0.0,"enemies":"Sentry and Sphere","floor":29.0,"turns":4.0},{"damage":0.0,"enemies":"Cultist and Chosen","floor":30.0,"turns":3.0},{"damage":21.0,"enemies":"Snake Plant","floor":31.0,"turns":2.0},{"damage":0.0,"enemies":"Champ","floor":33.0,"turns":7.0},{"damage":0.0,"enemies":"Orb Walker","floor":35.0,"turns":2.0},{"damage":21.0,"enemies":"3 Shapes","floor":37.0,"turns":3.0},{"damage":8.0,"enemies":"Writhing Mass","floor":39.0,"turns":3.0},{"damage":14.0,"enemies":"Reptomancer","floor":40.0,"turns":3.0},{"damage":17.0,"enemies":"2 Orb Walkers","floor":42.0,"turns":3.0},{"damage":11.0,"enemies":"Sphere and 2 Shapes","floor":44.0,"turns":4.0},{"damage":0.0,"enemies":"3 Darklings","floor":46.0,"turns":3.0},{"damage":0.0,"enemies":"Transient","floor":48.0,"turns":5.0},{"damage":2.0,"enemies":"Donu and Deca","floor":50.0,"turns":4.0},{"damage":32,"enemies":"Shield and Spear","floor":54,"turns":5},{"damage":19,"enemies":"The Heart","floor":55,"turns":5}],"seed_played":"6214224040344248100","potions_obtained":[{"floor":8.0,"key":"LiquidBronze"},{"floor":10.0,"key":"EssenceOfSteel"},{"floor":11.0,"key":"FearPotion"},{"floor":16.0,"key":"Weak Potion"},{"floor":18.0,"key":"GamblersBrew"},{"floor":29.0,"key":"Dexterity Potion"},{"floor":30.0,"key":"Strength Potion"},{"floor":33.0,"key":"SkillPotion"},{"floor":39.0,"key":"SteroidPotion"}],"is_trial":false,"path_per_floor":["M","?","?","$","M","R","E","M","T","M","E","R","?","E","R","B",null,"M","M","?","$","M","R","E","R","T","E","R","M","M","M","R","B",null,"M","?","M","?","M","E","R","?","T","M","?","M","?","M","R","B",null,"R","$","E","B",null],"character_chosen":"DEFECT","items_purchased":["Toxic Egg 2","Coolheaded+1","OrangePellets","Force Field+1","SpeedPotion","FocusPotion","HornCleat","Storm","Hologram+1"],"campfire_rested":0,"item_purchase_floors":[4,4,21,21,53,53,53,53,53],"current_hp_per_floor":[75,75,60,60,57,57,34,34,34,34,31,31,36,33,33,22,80,80,70,70,70,59,59,31,31,31,20,20,36,56,45,45,69,80,80,80,71,71,80,70,70,75,75,69,69,80,90,90,90,90,90,90,90,68,88],"gold":115,"neow_bonus":"TWO_FIFTY_GOLD","is_daily":false,"chose_seed":false,"campfire_upgraded":8,"win_rate":0.0,"timestamp":1607747021,"path_taken":["M","?","?","?","M","R","E","?","T","M","E","R","?","E","R","BOSS","M","M","?","$","M","R","E","R","T","E","R","M","M","M","R","BOSS","M","?","M","?","?","E","R","?","T","M","?","?","?","?","R","BOSS","R","$","E","BOSS"],"items_purchased_type":["Relic","Undefined","Relic","Undefined","Potion","Potion","Relic","Card","Undefined"],"build_version":"2020-11-30","purchased_purges":1,"victory":true,"max_hp_per_floor":[75,75,75,75,75,75,75,75,75,75,75,75,80,80,80,80,80,80,80,80,80,80,80,80,80,80,80,80,80,80,80,80,80,80,80,80,80,80,80,80,80,80,80,80,80,80,90,90,90,90,90,90,90,90,90],"relic_stats":{"Inserter":[17],"counters":[28,119],"Bag of Preparation":[32],"Peace Pipe":1,"OrangePellets":[22],"Dream Catcher":0,"Mummified Hand":[270],"Sundial":[8],"Ornamental Fan":[0],"Bird Faced Urn":[177],"Pandora\u0027s Box":["Conserve Battery","Machine Learning","Glacier","Rainbow","White Noise","Meteor Strike","Undo","Loop"],"Art of War":[17],"obtain_stats":[{"Inserter":34,"Omamori":11,"Bag of Preparation":26,"Peace Pipe":42,"OrangePellets":21,"Dream Catcher":7,"HornCleat":53,"Mummified Hand":14,"Sundial":24,"Ornamental Fan":54,"Bird Faced Urn":27,"Pandora\u0027s Box":17,"Art of War":9,"Toxic Egg 2":4,"Cracked Core":0,"Toy Ornithopter":40},{"Inserter":17,"Omamori":6,"Bag of Preparation":12,"Peace Pipe":22,"OrangePellets":10,"Dream Catcher":3,"HornCleat":26,"Mummified Hand":7,"Sundial":12,"Ornamental Fan":27,"Bird Faced Urn":13,"Pandora\u0027s Box":8,"Art of War":4,"Toxic Egg 2":1,"Cracked Core":0,"Toy Ornithopter":21},{"Inserter":79,"Omamori":25,"Bag of Preparation":58,"Peace Pipe":93,"OrangePellets":47,"Dream Catcher":13,"HornCleat":109,"Mummified Hand":33,"Sundial":58,"Ornamental Fan":114,"Bird Faced Urn":63,"Pandora\u0027s Box":42,"Art of War":16,"Toxic Egg 2":3,"Cracked Core":0,"Toy Ornithopter":90}],"Toy Ornithopter":15},"card_choices":[{"not_picked":["Beam Cell","Hologram"],"picked":"Storm","floor":1.0},{"not_picked":["Cold Snap","Lockon"],"picked":"Barrage","floor":5.0},{"not_picked":["Go for the Eyes","Lockon"],"picked":"Cold Snap","floor":7.0},{"not_picked":["Lockon","Go for the Eyes"],"picked":"Leap+1","floor":8.0},{"not_picked":["Streamline","Cold Snap"],"picked":"Capacitor","floor":10.0},{"not_picked":["Streamline","Redo+1"],"picked":"Amplify+1","floor":11.0},{"not_picked":["Reprogram+1","Coolheaded+1"],"picked":"Machine Learning","floor":14.0},{"not_picked":["Core Surge","Seek+1"],"picked":"Echo Form","floor":16.0},{"not_picked":["Beam Cell","Sunder+1"],"picked":"Barrage","floor":18.0},{"not_picked":["Fusion+1","BootSequence+1"],"picked":"Aggregate+1","floor":19.0},{"not_picked":["Scrape+1","Leap+1"],"picked":"Compile Driver","floor":22.0},{"not_picked":["Self Repair","Cold Snap"],"picked":"Turbo+1","floor":24.0},{"not_picked":["Sunder","Stack+1","Go for the Eyes+1"],"picked":"SKIP","floor":27.0},{"not_picked":["Tempest+1","Conserve Battery+1","Turbo+1"],"picked":"SKIP","floor":29.0},{"not_picked":["Undo+1","Beam Cell"],"picked":"Darkness+1","floor":30.0},{"not_picked":["Genetic Algorithm+1","Go for the Eyes","Steam+1"],"picked":"SKIP","floor":31.0},{"not_picked":["Buffer","Electrodynamics"],"picked":"Echo Form","floor":33.0},{"not_picked":["Stack+1","Ball Lightning"],"picked":"Hologram+1","floor":35.0},{"not_picked":["Steam Power+1","Sunder+1","Core Surge"],"picked":"SKIP","floor":37.0},{"not_picked":["Gash+1","Cold Snap+1"],"picked":"Defragment","floor":39.0},{"not_picked":["Lockon","Go for the Eyes","Barrage+1"],"picked":"SKIP","floor":40.0},{"not_picked":["Ball Lightning","Fusion+1"],"picked":"Coolheaded+1","floor":44.0},{"not_picked":["Cold Snap","BootSequence+1","FTL"],"picked":"SKIP","floor":46.0},{"not_picked":["Cold Snap+1","Turbo+1","Rebound"],"picked":"SKIP","floor":48.0},{"not_picked":["Rainbow+1","Ball Lightning+1","Compile Driver+1"],"picked":"SKIP","floor":54}],"player_experience":914366,"relics_obtained":[{"floor":7.0,"key":"Dream Catcher"},{"floor":9.0,"key":"Art of War"},{"floor":11.0,"key":"Omamori"},{"floor":14.0,"key":"Mummified Hand"},{"floor":24.0,"key":"Sundial"},{"floor":26.0,"key":"Bag of Preparation"},{"floor":27.0,"key":"Bird Faced Urn"},{"floor":40.0,"key":"Toy Ornithopter"},{"floor":42.0,"key":"Peace Pipe"},{"floor":54,"key":"Ornamental Fan"}],"event_choices":[{"damage_healed":0.0,"max_hp_gain":0.0,"max_hp_loss":0.0,"gold_gain":0.0,"event_name":"Liars Game","player_choice":"Ignored","floor":2.0,"gold_loss":0.0,"damage_taken":0.0},{"damage_healed":0.0,"max_hp_gain":0.0,"max_hp_loss":0.0,"gold_gain":0.0,"event_name":"Shining Light","player_choice":"Entered Light","floor":3.0,"gold_loss":0.0,"damage_taken":15.0,"cards_upgraded":["Defend_B","Strike_B"]},{"damage_healed":0.0,"max_hp_gain":5.0,"max_hp_loss":0.0,"gold_gain":0.0,"event_name":"Big Fish","player_choice":"Donut","floor":13.0,"gold_loss":0.0,"damage_taken":0.0},{"damage_healed":0.0,"max_hp_gain":0.0,"max_hp_loss":0.0,"gold_gain":100.0,"event_name":"The Joust","player_choice":"Bet on Murderer","floor":20.0,"gold_loss":50.0,"damage_taken":0.0},{"damage_healed":0.0,"max_hp_gain":0.0,"max_hp_loss":0.0,"gold_gain":0.0,"event_name":"Tomb of Lord Red Mask","player_choice":"Ignored","floor":36.0,"gold_loss":0.0,"damage_taken":0.0},{"cards_removed":["Undo"],"damage_healed":0.0,"max_hp_gain":0.0,"max_hp_loss":0.0,"gold_gain":0.0,"event_name":"Falling","player_choice":"Removed Skill","floor":38.0,"gold_loss":0.0,"damage_taken":0.0},{"damage_healed":0.0,"max_hp_gain":0.0,"max_hp_loss":0.0,"gold_gain":0.0,"event_name":"Mysterious Sphere","player_choice":"Fight","floor":42.0,"gold_loss":0.0,"damage_taken":0.0},{"damage_healed":0.0,"max_hp_gain":0.0,"max_hp_loss":0.0,"gold_gain":0.0,"event_name":"SecretPortal","player_choice":"Ignored","floor":45.0,"gold_loss":0.0,"damage_taken":0.0},{"cards_removed":["Meteor Strike"],"damage_healed":0.0,"max_hp_gain":10.0,"max_hp_loss":0.0,"gold_gain":0.0,"event_name":"Bonfire Elementals","player_choice":"Offered Rare","floor":47.0,"gold_loss":0.0,"damage_taken":0.0}],"is_beta":false,"boss_relics":[{"not_picked":["Velvet Choker","Runic Pyramid"],"picked":"Pandora\u0027s Box"},{"not_picked":["Black Star","Coffee Dripper"],"picked":"Inserter"}],"items_purged_floors":[4],"is_endless":false,"potions_floor_spawned":[8,10,11,16,18,29,30,33,35,39,40],"ascension_level":0}}