{"host":"foq4mrde4mssg7vt","time":1607783278,"event":{"mods":["AchievementEnabler","BaseMod","Colored Map","Colored Powertips","Highlight Path","Minty Spire (QoL Compilation)","Relic Stats","everything is the same but u backflip on backflip"],"gold_per_floor":[119,139,155,155,41,75,90,118,118,118,136,149,181,191,191,191,191],"floor_reached":16,"playtime":447,"items_purged":[],"score":167,"play_id":"5fd94438-feb9-45f0-9def-b0eeb5c1ae76","local_time":"20201212222758","is_ascension_mode":true,"campfire_choices":[{"data":"Uppercut","floor":10,"key":"SMITH"},{"data":"Flame Barrier","floor":15,"key":"SMITH"}],"circlet_count":0,"master_deck":["Strike_R","Strike_R","Strike_R","Strike_R","Strike_R","Defend_R","Defend_R","Defend_R","Defend_R","Bash","Immolate","Headbutt","Combust","Hemokinesis","Flame Barrier+1","Uppercut+1","Inflame","Corruption"],"relics":["Burning Blood","Ancient Tea Set","Kunai","Matryoshka","Ornamental Fan"],"acts_visited":["Exordium"],"potions_floor_usage":[16],"damage_taken":[{"damage":7,"enemies":"Small Slimes","floor":1,"turns":3},{"damage":0,"enemies":"Cultist","floor":2,"turns":2},{"damage":2,"enemies":"Jaw Worm","floor":3,"turns":3},{"damage":18,"enemies":"Gremlin Nob","floor":6,"turns":3},{"damage":13,"enemies":"Blue Slaver","floor":7,"turns":2},{"damage":20,"enemies":"Lagavulin","floor":8,"turns":6},{"damage":0,"enemies":"2 Fungi Beasts","floor":11,"turns":1},{"damage":9,"enemies":"3 Louse","floor":12,"turns":2},{"damage":14,"enemies":"Gremlin Nob","floor":13,"turns":3},{"damage":10,"enemies":"Blue Slaver","floor":14,"turns":4},{"damage":32,"enemies":"The Guardian","floor":16,"turns":8}],"seed_played":"-5107208000926188870","potions_obtained":[{"floor":6,"key":"Explosive Potion"},{"floor":11,"key":"Weak Potion"},{"floor":13,"key":"DistilledChaos"}],"is_trial":false,"path_per_floor":["M","M","M","?","$","E","M","E","T","R","M","M","E","M","R","B"],"character_chosen":"IRONCLAD","items_purchased":["Hemokinesis","Flame Barrier"],"campfire_rested":0,"item_purchase_floors":[5,5],"current_hp_per_floor":[71,72,72,72,72,60,53,39,39,39,45,42,34,30,30,0,0],"gold":191,"neow_bonus":"THREE_RARE_CARDS","is_daily":false,"chose_seed":false,"campfire_upgraded":2,"win_rate":0.0,"timestamp":1607783278,"path_taken":["M","M","M","?","$","E","?","E","T","R","M","M","E","M","R","BOSS"],"items_purchased_type":["Card","Card"],"build_version":"2020-11-30","purchased_purges":0,"victory":false,"max_hp_per_floor":[72,72,72,72,72,72,72,72,72,72,72,72,72,72,72,72,72],"relic_stats":{"counters":[11,37],"Ornamental Fan":[0],"Kunai":[1],"obtain_stats":[{"Matryoshka":9,"Ornamental Fan":13,"Kunai":8,"Ancient Tea Set":6,"Burning Blood":0},{"Matryoshka":6,"Ornamental Fan":9,"Kunai":6,"Ancient Tea Set":4,"Burning Blood":0},{"Matryoshka":19,"Ornamental Fan":25,"Kunai":19,"Ancient Tea Set":11,"Burning Blood":0}],"Burning Blood":51},"card_choices":[{"not_picked":["Brutality","Demon Form"],"picked":"Immolate","floor":0},{"not_picked":["Armaments","Dropkick"],"picked":"Headbutt","floor":1},{"not_picked":["Perfected Strike","Clash","Bloodletting"],"picked":"SKIP","floor":2},{"not_picked":["Warcry","Intimidate"],"picked":"Combust","floor":3},{"not_picked":["Evolve","Seeing Red","Warcry"],"picked":"SKIP","floor":6},{"not_picked":["Havoc","Intimidate"],"picked":"Uppercut","floor":7},{"not_picked":["Wild Strike","Limit Break"],"picked":"Inflame","floor":8},{"not_picked":["Perfected Strike","Body Slam","Flex"],"picked":"SKIP","floor":11},{"not_picked":["Flex","Clash","Clothesline"],"picked":"SKIP","floor":12},{"not_picked":["Heavy Blade","Offering"],"picked":"Corruption","floor":13},{"not_picked":["Heavy Blade","Armaments","Headbutt"],"picked":"SKIP","floor":14}],"player_experience":153904,"relics_obtained":[{"floor":6,"key":"Ancient Tea Set"},{"floor":8,"key":"Kunai"},{"floor":9,"key":"Matryoshka"},{"floor":13,"key":"Ornamental Fan"}],"event_choices":[{"damage_healed":0,"gold_gain":0,"player_choice":"0 cards matched","damage_taken":0,"max_hp_gain":0,"max_hp_loss":0,"event_name":"Match and Keep!","floor":4,"gold_loss":0,"cards_obtained":[]}],"is_beta":false,"boss_relics":[],"items_purged_floors":[],"is_endless":false,"potions_floor_spawned":[6,11,13],"killed_by":"The Guardian","ascension_level":7}}