{"host":"36mulxq349byzoa2","time":1607780288,"event":{"mods":["AchievementEnabler","BaseMod","Better Match","Block Reminder","Colored Map","Colored Powertips","Minty Spire (QoL Compilation)","Rare Cards Sparkle","StSLib","SuperFastMode"],"gold_per_floor":[109,128,7,27,27,27,60,73,99,117,129,29,29,48,48,149,149,165,90,41,41,57,57,57,72,126,126,137,137,153,169,169,265,265,265],"floor_reached":34,"playtime":859,"items_purged":["Defend_R","Strike_R"],"score":356,"play_id":"d2d8bcb7-205c-483c-804e-ef10f6a55457","local_time":"20201212083808","is_ascension_mode":false,"campfire_choices":[{"data":"Spot Weakness","floor":6,"key":"SMITH"},{"data":"Fire Breathing","floor":15,"key":"SMITH"},{"data":"Heavy Blade","floor":23,"key":"SMITH"},{"floor":27,"key":"REST"},{"floor":32,"key":"REST"}],"circlet_count":0,"master_deck":["Bash","Spot Weakness+1","Armaments+1","Thunderclap","Wild Strike","Pommel Strike","Sword Boomerang","Fire Breathing+1","Double Tap","Heavy Blade+1","Feed","Sentinel","Rupture+1","Dual Wield"],"relics":["Burning Blood","Potion Belt","Tiny Chest","Snecko Eye","Frozen Egg 2","Nilry\u0027s Codex","Vajra","Pandora\u0027s Box"],"acts_visited":["Exordium","TheCity","TheBeyond"],"potions_floor_usage":[7,11,16,16,18,22,33],"damage_taken":[{"damage":6,"enemies":"Cultist","floor":1,"turns":3},{"damage":4,"enemies":"2 Louse","floor":2,"turns":3},{"damage":0,"enemies":"Small Slimes","floor":4,"turns":3},{"damage":19,"enemies":"3 Sentries","floor":7,"turns":8},{"damage":11,"enemies":"Red Slaver","floor":8,"turns":4},{"damage":5,"enemies":"Looter","floor":10,"turns":3},{"damage":0,"enemies":"Large Slime","floor":11,"turns":4},{"damage":0,"enemies":"2 Fungi Beasts","floor":14,"turns":2},{"damage":32,"enemies":"The Guardian","floor":16,"turns":8},{"damage":20,"enemies":"Spheric Guardian","floor":18,"turns":4},{"damage":28,"enemies":"3 Byrds","floor":22,"turns":4},{"damage":14,"enemies":"Sentry and Sphere","floor":25,"turns":3},{"damage":5,"enemies":"Chosen and Byrds","floor":28,"turns":4},{"damage":19,"enemies":"Centurion and Healer","floor":30,"turns":3},{"damage":12,"enemies":"Snake Plant","floor":31,"turns":3},{"damage":45,"enemies":"Collector","floor":33,"turns":8}],"seed_played":"-8264438326876268543","potions_obtained":[{"floor":2,"key":"Block Potion"},{"floor":4,"key":"Block Potion"},{"floor":8,"key":"AttackPotion"},{"floor":10,"key":"Ancient Potion"},{"floor":13,"key":"Swift Potion"},{"floor":13,"key":"LiquidMemories"},{"floor":13,"key":"Fruit Juice"},{"floor":18,"key":"BloodPotion"},{"floor":31,"key":"PowerPotion"},{"floor":33,"key":"Strength Potion"}],"is_trial":false,"path_per_floor":["M","M","$","M","?","R","E","M","T","M","M","$","?","M","R","B",null,"M","?","$","T","M","R","?","M","T","R","M","?","M","M","R","B",null],"character_chosen":"IRONCLAD","items_purchased":["Thunderclap","Heavy Blade"],"campfire_rested":2,"item_purchase_floors":[3,20],"current_hp_per_floor":[56,58,58,64,64,64,51,46,46,47,53,53,53,59,59,33,80,66,66,66,66,60,60,44,36,36,60,61,61,48,42,66,27,80,80],"gold":265,"neow_bonus":"REMOVE_TWO","is_daily":false,"chose_seed":false,"campfire_upgraded":3,"win_rate":0.0,"timestamp":1607780288,"path_taken":["M","?","?","M","?","R","E","M","T","M","?","$","?","M","R","BOSS","M","?","$","?","M","R","?","M","T","R","M","?","?","M","R","BOSS"],"items_purchased_type":["Card","Card"],"build_version":"2020-11-30","purchased_purges":2,"victory":false,"max_hp_per_floor":[80,80,80,80,80,80,80,80,80,80,80,80,80,80,80,80,80,80,80,80,80,80,80,80,80,80,80,80,80,80,80,80,80,80,80],"card_choices":[{"not_picked":["Sword Boomerang","Entrench"],"picked":"Spot Weakness","floor":1},{"not_picked":["Intimidate","Havoc"],"picked":"Armaments","floor":2},{"not_picked":["Warcry","Blood for Blood"],"picked":"Wild Strike","floor":4},{"not_picked":["Headbutt","True Grit"],"picked":"Pommel Strike","floor":7},{"not_picked":["Anger","Ghostly Armor"],"picked":"Sword Boomerang","floor":8},{"not_picked":["Offering","Iron Wave","Perfected Strike"],"picked":"SKIP","floor":10},{"not_picked":["Pommel Strike","Combust","Evolve"],"picked":"SKIP","floor":11},{"not_picked":["Pommel Strike","Flex"],"picked":"Fire Breathing","floor":14},{"not_picked":["Juggernaut","Bludgeon"],"picked":"Double Tap","floor":16},{"not_picked":["Headbutt","Bloodletting","Blood for Blood"],"picked":"SKIP","floor":18},{"not_picked":["Cleave","Armaments+1","Dark Embrace+1"],"picked":"SKIP","floor":22},{"not_picked":["Intimidate+1","Thunderclap","True Grit"],"picked":"SKIP","floor":25},{"not_picked":["Carnage","Fire Breathing+1","Anger"],"picked":"SKIP","floor":28},{"not_picked":["Armaments+1","Heavy Blade+1","Searing Blow"],"picked":"SKIP","floor":30},{"not_picked":["Anger","Wild Strike","Second Wind"],"picked":"SKIP","floor":31},{"not_picked":["Impervious","Juggernaut+1"],"picked":"Feed","floor":33}],"player_experience":972611,"relics_obtained":[{"floor":7,"key":"Potion Belt"},{"floor":9,"key":"Tiny Chest"},{"floor":21,"key":"Frozen Egg 2"},{"floor":24,"key":"Nilry\u0027s Codex"},{"floor":26,"key":"Vajra"}],"event_choices":[{"damage_healed":0,"gold_gain":0,"player_choice":"Upgraded","damage_taken":0,"max_hp_gain":0,"max_hp_loss":0,"event_name":"Upgrade Shrine","floor":5,"gold_loss":0,"cards_upgraded":["Armaments"]},{"damage_healed":0,"gold_gain":0,"player_choice":"Got Potions","damage_taken":0,"max_hp_gain":0,"max_hp_loss":0,"event_name":"Lab","floor":13,"gold_loss":0},{"cards_removed":["Strike_R"],"damage_healed":0,"gold_gain":0,"player_choice":"Gave Gold","damage_taken":0,"max_hp_gain":0,"max_hp_loss":0,"event_name":"Beggar","floor":19,"gold_loss":75},{"damage_healed":0,"gold_gain":0,"player_choice":"Obtained Book","damage_taken":16,"max_hp_gain":0,"max_hp_loss":0,"event_name":"Cursed Tome","floor":24,"gold_loss":0},{"cards_removed":["Strike_R"],"damage_healed":0,"gold_gain":0,"player_choice":"Purged","damage_taken":0,"max_hp_gain":0,"max_hp_loss":0,"event_name":"Purifier","floor":29,"gold_loss":0}],"is_beta":false,"boss_relics":[{"not_picked":["SlaversCollar","SacredBark"],"picked":"Snecko Eye"},{"not_picked":["Coffee Dripper","Runic Pyramid"],"picked":"Pandora\u0027s Box"}],"items_purged_floors":[3,12],"is_endless":false,"potions_floor_spawned":[2,4,8,10,18,31,33],"ascension_level":0}}