{"host":"91n1pc4te07j54gv","time":1607801009,"event":{"mods":["BaseMod","BetterRewards","Colored Powertips","Downfall","Highlight Path","Infinite Spire","Minty Spire (QoL Compilation)","Quick Restart","Relic Filter","Relic Stats","Replay The Spire","Spicy Shops","StSLib"],"gold_per_floor":[110,90,90,103,103,135,153,185,185,202,202,228,242,254,254,331,331,341,356,371,371,371,371,405,405,431,449,482,501,519,553,553,626,626,645,645,645,645,645,678,678,705,728,738,757,757,20,36,36,36,36,36,36,0,31,31],"floor_reached":57,"playtime":3266,"items_purged":["Strike_B"],"score":3709,"play_id":"655c189e-0527-4f3c-a08d-8f4b7700ff2e","local_time":"20201213032329","is_ascension_mode":true,"campfire_choices":[{"floor":15.0,"key":"RECALL"},{"floor":23.0,"key":"REST"},{"data":"Storm","floor":25.0,"key":"SMITH"},{"floor":32.0,"key":"REST"},{"data":"1","floor":41.0,"key":"LIFT"},{"data":"Overencumbered","floor":49.0,"key":"PURGE"},{"data":"2","floor":53.0,"key":"LIFT"}],"circlet_count":0,"master_deck":["AscendersBane","Strike_B","Strike_B","Defend_B","Defend_B+1","Zap","Dualcast","Coolheaded","Coolheaded+1","Defragment","Cold Snap+1","Chill","Hologram+1","Compile Driver+1","Compile Driver+1","Ball Lightning+1","Loop","Turbo","Ball Lightning+1","White Noise","Skim","Echo Form","Ball Lightning+1","Reboot","Thunder Strike+1","Echo Form","Storm+1","BootSequence","Genetic Algorithm","Undo","Barrage+1","Lockon+1","Echo Form","Skim","Self Repair","expansioncontent:BronzeBeam+1","All For One+1","ReplayTheSpireMod:Reroute Power","Loop","Panic Button","Self Repair","Magnetism","Magnetism","Self Repair","Self Repair","Skim"],"relics":["Cracked Core","Juzu Bracelet","Molten Egg 2","StoneCalendar","Runic Capacitor","Guardian:GemstoneGun","Gambling Chip","infinitespire:Freezer","Girya","Blue Doll","Torii","infinitespire:SolderingIron","ReplayTheSpireMod:CursedCoin","infinitespire:Lychee Nut","Carrot","Iron Hammer","Du-Vu Doll","Ice Cream","The Courier","Black Star","Gremlin Food","Happy Flower","Matryoshka","Boot","Pen Nib","ReplayTheSpireMod:Ninjato","Replay:Grab Bag","Cursed Key","Philosopher\u0027s Stone","Snecko Heart","Snecko Eye","infinitespire:CheckeredPen","Replay:Multitool","infinitespire:Joker Card","Question Card","ReplayTheSpireMod:TigerMarble","infinitespire:Eraser","Replay:Rubber Ducky","TungstenRod","Replay:Frozen Program","Oddly Smooth Stone","Akabeko"],"acts_visited":["Exordium","TheCity","TheBeyond","TheEnding"],"potions_floor_usage":[56],"damage_taken":[{"damage":6.0,"enemies":"Jaw Worm","floor":1.0,"turns":2.0},{"damage":0.0,"enemies":"Cultist","floor":4.0,"turns":2.0},{"damage":2.0,"enemies":"Lagavulin","floor":6.0,"turns":5.0},{"damage":0.0,"enemies":"Small Slimes","floor":7.0,"turns":1.0},{"damage":0.0,"enemies":"3 Sentries","floor":8.0,"turns":3.0},{"damage":0.0,"enemies":"3 Louse","floor":10.0,"turns":2.0},{"damage":1.0,"enemies":"Lagavulin","floor":12.0,"turns":3.0},{"damage":0.0,"enemies":"Red Slaver","floor":13.0,"turns":1.0},{"damage":0.0,"enemies":"2 Fungi Beasts","floor":14.0,"turns":2.0},{"damage":17.0,"enemies":"The Guardian","floor":16.0,"turns":7.0},{"damage":7.0,"enemies":"Shell Parasite","floor":18.0,"turns":2.0},{"damage":13.0,"enemies":"3 Byrds","floor":19.0,"turns":3.0},{"damage":0.0,"enemies":"Snake Plant","floor":20.0,"turns":3.0},{"damage":14.0,"enemies":"Slavers","floor":24.0,"turns":4.0},{"damage":13.0,"enemies":"Shelled Parasite and Fungi","floor":27.0,"turns":2.0},{"damage":29.0,"enemies":"Gremlin Leader","floor":28.0,"turns":5.0},{"damage":0.0,"enemies":"Snecko","floor":29.0,"turns":2.0},{"damage":1.0,"enemies":"Centurion and Healer","floor":30.0,"turns":2.0},{"damage":7.0,"enemies":"Replay:Snechameleon","floor":31.0,"turns":4.0},{"damage":8.0,"enemies":"Automaton","floor":33.0,"turns":6.0},{"damage":0.0,"enemies":"3 Shapes","floor":35.0,"turns":1.0},{"damage":1.0,"enemies":"R_Hoarder","floor":40.0,"turns":5.0},{"damage":0.0,"enemies":"Reptomancer","floor":42.0,"turns":2.0},{"damage":0.0,"enemies":"Orb Walker","floor":44.0,"turns":1.0},{"damage":0.0,"enemies":"Spire Growth","floor":45.0,"turns":2.0},{"damage":0.0,"enemies":"3 Darklings","floor":48.0,"turns":1.0},{"damage":36.0,"enemies":"Time Eater","floor":50.0,"turns":7.0},{"damage":0.0,"enemies":"Awakened One","floor":51.0,"turns":4.0},{"damage":0.0,"enemies":"Shield and Spear","floor":55.0,"turns":2.0},{"damage":47,"enemies":"The Heart","floor":56,"turns":6}],"seed_played":"6060294588535031855","potions_obtained":[{"floor":2.0,"key":"Guardian:BlockOnCardUsePotion"},{"floor":6.0,"key":"Elixir"},{"floor":8.0,"key":"Energy Potion"},{"floor":12.0,"key":"Fire Potion"},{"floor":20.0,"key":"DuplicationPotion"},{"floor":24.0,"key":"SkillPotion"},{"floor":27.0,"key":"ColorlessPotion"},{"floor":30.0,"key":"SkillPotion"},{"floor":35.0,"key":"Swift Potion"}],"is_trial":false,"path_per_floor":["M","?","?","M","?","E","M","E","T","M","?","E","M","M","R","B",null,"M","M","M","?","?","R","E","R","T","M","E","M","M","E","R","B",null,"M","?","?","?","?","E","R","E","T","M","M","?","$","M","R","B","B",null,"R","$","E","B",null],"character_chosen":"DEFECT","items_purchased":["Juzu Bracelet","Molten Egg 2","Coolheaded","Runic Capacitor","Defragment","Cold Snap+1","infinitespire:Freezer","Chill","Blue Doll","Torii","infinitespire:SolderingIron","ReplayTheSpireMod:CursedCoin","Hologram+1","Compile Driver+1","Replay:Rubber Ducky","Self Repair","TungstenRod","Replay:Frozen Program","Magnetism","Self Repair"],"campfire_rested":2,"item_purchase_floors":[0,0,0,0,0,0,0,0,0,0,0,0,0,0,47,47,47,47,47,54],"current_hp_per_floor":[19,19,19,22,22,26,26,31,31,34,34,38,38,41,41,30,47,43,35,40,40,26,43,35,35,35,25,2,5,7,6,23,21,49,49,49,49,49,49,58,58,58,58,58,58,58,58,58,58,58,58,58,58,58,58,50],"gold":31,"neow_bonus":"","is_daily":false,"chose_seed":false,"campfire_upgraded":1,"win_rate":0.0,"timestamp":1607801009,"path_taken":["M","?","?","M","?","E","M","E","T","M","?","E","M","M","R","BOSS","M","M","M","?","?","R","E","R","T","M","E","M","M","E","R","BOSS","M","?","?","?","?","E","R","E","T","M","M","?","?","M","R","BOSS","BOSS","R","$","E","BOSS"],"items_purchased_type":["Relic","Relic","Card","Relic","Card","Card","Relic","Card","Relic","Relic","Relic","Relic","Card","Card","Relic","Card","Relic","Relic","Card","Card"],"build_version":"2020-11-30","purchased_purges":1,"victory":true,"max_hp_per_floor":[53,53,53,53,53,53,53,53,53,53,53,53,53,53,53,53,53,53,53,53,53,58,58,58,58,58,58,58,58,58,58,58,58,58,58,58,58,58,58,58,58,58,58,58,58,58,58,58,58,58,58,58,58,58,58,58],"relic_stats":{"Torii":70,"Happy Flower":[24],"counters":[232,981],"StoneCalendar":[0],"Pen Nib":[12],"Juzu Bracelet":6,"Boot":[4],"Cursed Key":1,"Question Card":8,"Gambling Chip":[87],"Snecko Eye":[100,87,124,103],"Black Star":8,"obtain_stats":[{"infinitespire:BottledMercury":54,"infinitespire:Cubic Diamond":2,"Ginger":0,"Bottled Tornado":53,"Boot":8,"FrozenCore":17,"Replay:Ringing Soul":9,"infinitespire:ShieldingShard":13,"Sundial":40,"Replay:Bronze Core":34,"MealTicket":26,"infinitespire:Golems Mask":13,"Fusion Hammer":17,"HandDrill":0,"Kunai":27,"Replay:Wax Seal":53,"Counterbalance":25,"Blue Candle":0,"Pen Nib":23,"ReplayTheSpireMod:SealedPack":17,"Guardian:PocketSentry":10,"infinitespire:Magic Flask":49,"Akabeko":55,"infinitespire:EvilPickle":33,"SlaversCollar":17,"infinitespire:Lychee Nut":21,"Bird Faced Urn":0,"Snecko Eye":34,"Pandora\u0027s Box":0,"StrikeDummy":34,"Solar Panel":6,"Lantern":11,"Regal Pillow":14,"Carrot":31,"Singing Bowl":26,"Torii":53,"Blue Doll":13,"StoneCalendar":0,"Bag of Preparation":30,"Replay:Multitool":40,"Smiling Mask":12,"Ancient Tea Set":40,"Cursed Key":34,"Pet Ghost":46,"Replay:Rubber Ducky":17,"Matryoshka":12,"Shovel":0,"infinitespire:Bottled Soul":23,"WingedGreaves":7,"Replay:Bottled Eggs":40,"Guardian:BottledAnomaly":21,"infinitespire:Eraser":43,"InkBottle":23,"Potion Belt":23,"Lee\u0027s Waffle":14,"Guardian:GemstoneGun":0,"Thread and Needle":0,"infinitespire:Joker Card":0,"The Courier":12,"Geode":7,"infinitespire:CheckeredPen":40,"Frozen Egg 2":0,"MawBank":43,"Replay:Arrowhead":0,"Nuclear Battery":17,"Orrery":0,"Turnip":0,"Garlic":8,"Art of War":53,"ReplayTheSpireMod:Lightbulb":30,"Toy Ornithopter":42,"infinitespire:Freezer":43,"Ice Cream":21,"Divine Protection":17,"Calipers":7,"Vajra":10,"Runic Capacitor":0,"Sozu":17,"Lizard Tail":24,"Centennial Puzzle":48,"infinitespire:SolderingIron":0,"Replay:Frozen Program":19,"HornCleat":14,"DollysMirror":11,"Prayer Wheel":34,"Philosopher\u0027s Stone":34,"Iron Hammer":12,"Toxic Egg 2":0,"Girya":0,"Happy Flower":40,"ReplayTheSpireMod:CursedCoin":0,"Replay:Grab Bag":17,"Dead Branch":0,"Oddly Smooth Stone":54,"infinitespire:Beetle Shell":10,"Letter Opener":32,"War Paint":54,"Question Card":42,"Du-Vu Doll":53,"OrangePellets":0,"Replay:Baseball":28,"Bottled Flame":14,"Bronze Scales":10,"Molten Egg 2":4,"Onion Ring":42,"ReplayTheSpireMod:TigerMarble":2,"infinitespire:EmpoweringShard":28,"Black Star":34,"Symbiotic Virus":3,"Mirror":52,"Meat on the Bone":0,"Snecko Heart":34,"SacredBark":17,"Mango":40,"Incense Burner":24,"Juzu Bracelet":41,"Empty Cage":17,"ClockworkSouvenir":0,"Frozen Eye":53,"Nunchaku":23,"Dream Catcher":23,"Chameleon Ring":10,"Mummified Hand":9,"Pantograph":17,"Gambling Chip":0,"Tiny Chest":21,"Red Mask":22,"Replay:Bottled Snecko":6,"Replay:Antivirus Software":53,"Cracked Core":0,"Gremlin Food":53,"ReplayTheSpireMod:Ninjato":44,"Quantum Egg":4,"Guide Book":47,"Replay:WaspNest":42,"infinitespire:FocusingShard":48,"White Beast Statue":28,"Mercury Hourglass":14,"Calling Bell":34,"Strange Spoon":6,"DataDisk":29,"CaptainsWheel":0,"Anchor":6,"Pondfish Scales":9,"infinitespire:Satchel":34,"ChewingGum":17,"Coffee Dripper":17,"Bag of Marbles":13,"Membership Card":53,"FossilizedHelix":21,"TungstenRod":0,"ReplayTheSpireMod:ShopPack":53},{"infinitespire:BottledMercury":69,"infinitespire:Cubic Diamond":1,"Ginger":70,"Bottled Tornado":68,"Boot":132,"FrozenCore":48,"Replay:Ringing Soul":33,"infinitespire:ShieldingShard":36,"Sundial":166,"Replay:Bronze Core":161,"MealTicket":14,"infinitespire:Golems Mask":134,"Fusion Hammer":48,"HandDrill":29,"Kunai":157,"Replay:Wax Seal":126,"Counterbalance":83,"Blue Candle":128,"Pen Nib":140,"ReplayTheSpireMod:SealedPack":151,"Guardian:PocketSentry":34,"infinitespire:Magic Flask":96,"Akabeko":231,"infinitespire:EvilPickle":57,"SlaversCollar":79,"infinitespire:Lychee Nut":12,"Bird Faced Urn":29,"Snecko Eye":222,"Pandora\u0027s Box":0,"StrikeDummy":57,"Solar Panel":131,"Lantern":6,"Regal Pillow":9,"Carrot":160,"Singing Bowl":53,"Torii":68,"Blue Doll":36,"StoneCalendar":202,"Bag of Preparation":55,"Replay:Multitool":224,"Smiling Mask":47,"Ancient Tea Set":120,"Cursed Key":222,"Pet Ghost":94,"Replay:Rubber Ducky":151,"Matryoshka":36,"Shovel":70,"infinitespire:Bottled Soul":155,"WingedGreaves":76,"Replay:Bottled Eggs":120,"Guardian:BottledAnomaly":154,"infinitespire:Eraser":225,"InkBottle":13,"Potion Belt":27,"Lee\u0027s Waffle":22,"Guardian:GemstoneGun":202,"Thread and Needle":175,"infinitespire:Joker Card":15,"The Courier":209,"Geode":4,"infinitespire:CheckeredPen":224,"Frozen Egg 2":70,"MawBank":91,"Replay:Arrowhead":128,"Nuclear Battery":106,"Orrery":15,"Turnip":175,"Garlic":19,"Art of War":126,"ReplayTheSpireMod:Lightbulb":85,"Toy Ornithopter":121,"infinitespire:Freezer":64,"Ice Cream":12,"Divine Protection":184,"Calipers":32,"Vajra":4,"Runic Capacitor":70,"Sozu":23,"Lizard Tail":53,"Centennial Puzzle":96,"infinitespire:SolderingIron":99,"Replay:Frozen Program":137,"HornCleat":150,"DollysMirror":76,"Prayer Wheel":57,"Philosopher\u0027s Stone":87,"Iron Hammer":76,"Toxic Egg 2":99,"Girya":99,"Happy Flower":62,"ReplayTheSpireMod:CursedCoin":202,"Replay:Grab Bag":48,"Dead Branch":142,"Oddly Smooth Stone":127,"infinitespire:Beetle Shell":20,"Letter Opener":86,"War Paint":173,"Question Card":225,"Du-Vu Doll":97,"OrangePellets":70,"Replay:Baseball":27,"Bottled Flame":47,"Bronze Scales":45,"Molten Egg 2":16,"Onion Ring":196,"ReplayTheSpireMod:TigerMarble":30,"infinitespire:EmpoweringShard":54,"Black Star":116,"Symbiotic Virus":30,"Mirror":97,"Meat on the Bone":128,"Snecko Heart":222,"SacredBark":10,"Mango":195,"Incense Burner":82,"Juzu Bracelet":90,"Empty Cage":48,"ClockworkSouvenir":128,"Frozen Eye":97,"Nunchaku":82,"Dream Catcher":187,"Chameleon Ring":182,"Mummified Hand":76,"Pantograph":151,"Gambling Chip":202,"Tiny Chest":25,"Red Mask":51,"Replay:Bottled Snecko":43,"Replay:Antivirus Software":126,"Cracked Core":0,"Gremlin Food":97,"ReplayTheSpireMod:Ninjato":65,"Quantum Egg":2,"Guide Book":197,"Replay:WaspNest":64,"infinitespire:FocusingShard":198,"White Beast Statue":84,"Mercury Hourglass":78,"Calling Bell":57,"Strange Spoon":17,"DataDisk":28,"CaptainsWheel":70,"Anchor":103,"Pondfish Scales":132,"infinitespire:Satchel":57,"ChewingGum":151,"Coffee Dripper":48,"Bag of Marbles":105,"Membership Card":97,"FossilizedHelix":80,"TungstenRod":99,"ReplayTheSpireMod:ShopPack":126},{"infinitespire:BottledMercury":336,"infinitespire:Cubic Diamond":2,"Ginger":342,"Bottled Tornado":332,"Boot":568,"FrozenCore":218,"Replay:Ringing Soul":147,"infinitespire:ShieldingShard":158,"Sundial":709,"Replay:Bronze Core":684,"MealTicket":63,"infinitespire:Golems Mask":577,"Fusion Hammer":218,"HandDrill":137,"Kunai":670,"Replay:Wax Seal":541,"Counterbalance":384,"Blue Candle":550,"Pen Nib":600,"ReplayTheSpireMod:SealedPack":650,"Guardian:PocketSentry":152,"infinitespire:Magic Flask":412,"Akabeko":976,"infinitespire:EvilPickle":276,"SlaversCollar":373,"infinitespire:Lychee Nut":50,"Bird Faced Urn":137,"Snecko Eye":952,"Pandora\u0027s Box":0,"StrikeDummy":276,"Solar Panel":563,"Lantern":23,"Regal Pillow":32,"Carrot":680,"Singing Bowl":246,"Torii":332,"Blue Doll":158,"StoneCalendar":891,"Bag of Preparation":256,"Replay:Multitool":958,"Smiling Mask":207,"Ancient Tea Set":516,"Cursed Key":952,"Pet Ghost":409,"Replay:Rubber Ducky":650,"Matryoshka":158,"Shovel":342,"infinitespire:Bottled Soul":662,"WingedGreaves":364,"Replay:Bottled Eggs":516,"Guardian:BottledAnomaly":659,"infinitespire:Eraser":960,"InkBottle":56,"Potion Belt":124,"Lee\u0027s Waffle":97,"Guardian:GemstoneGun":891,"Thread and Needle":771,"infinitespire:Joker Card":70,"The Courier":909,"Geode":14,"infinitespire:CheckeredPen":958,"Frozen Egg 2":342,"MawBank":403,"Replay:Arrowhead":550,"Nuclear Battery":460,"Orrery":70,"Turnip":771,"Garlic":81,"Art of War":541,"ReplayTheSpireMod:Lightbulb":388,"Toy Ornithopter":520,"infinitespire:Freezer":312,"Ice Cream":50,"Divine Protection":811,"Calipers":145,"Vajra":14,"Runic Capacitor":342,"Sozu":108,"Lizard Tail":246,"Centennial Puzzle":412,"infinitespire:SolderingIron":421,"Replay:Frozen Program":591,"HornCleat":642,"DollysMirror":364,"Prayer Wheel":276,"Philosopher\u0027s Stone":394,"Iron Hammer":364,"Toxic Egg 2":421,"Girya":421,"Happy Flower":299,"ReplayTheSpireMod:CursedCoin":891,"Replay:Grab Bag":218,"Dead Branch":608,"Oddly Smooth Stone":544,"infinitespire:Beetle Shell":87,"Letter Opener":390,"War Paint":756,"Question Card":960,"Du-Vu Doll":416,"OrangePellets":342,"Replay:Baseball":124,"Bottled Flame":207,"Bronze Scales":197,"Molten Egg 2":73,"Onion Ring":866,"ReplayTheSpireMod:TigerMarble":139,"infinitespire:EmpoweringShard":252,"Black Star":499,"Symbiotic Virus":139,"Mirror":416,"Meat on the Bone":550,"Snecko Heart":952,"SacredBark":41,"Mango":862,"Incense Burner":379,"Juzu Bracelet":401,"Empty Cage":218,"ClockworkSouvenir":550,"Frozen Eye":416,"Nunchaku":379,"Dream Catcher":822,"Chameleon Ring":800,"Mummified Hand":364,"Pantograph":650,"Gambling Chip":891,"Tiny Chest":114,"Red Mask":235,"Replay:Bottled Snecko":187,"Replay:Antivirus Software":541,"Cracked Core":0,"Gremlin Food":416,"ReplayTheSpireMod:Ninjato":317,"Quantum Egg":4,"Guide Book":869,"Replay:WaspNest":312,"infinitespire:FocusingShard":874,"White Beast Statue":386,"Mercury Hourglass":369,"Calling Bell":276,"Strange Spoon":76,"DataDisk":136,"CaptainsWheel":342,"Anchor":438,"Pondfish Scales":568,"infinitespire:Satchel":276,"ChewingGum":650,"Coffee Dripper":218,"Bag of Marbles":449,"Membership Card":416,"FossilizedHelix":375,"TungstenRod":421,"ReplayTheSpireMod:ShopPack":541}],"TungstenRod":115},"card_choices":[{"not_picked":["Heatsinks","Gash+1"],"picked":"Ball Lightning+1","floor":1.0},{"not_picked":["Static Discharge","BasicCrystalCard"],"picked":"Loop","floor":4.0},{"not_picked":["Compile Driver+1","ReplayTheSpireMod:System Scan"],"picked":"Turbo","floor":6.0},{"not_picked":["ReplayTheSpireMod:Repulse","Gash+1"],"picked":"Ball Lightning+1","floor":7.0},{"not_picked":["BasicCrystalCard","Capacitor"],"picked":"White Noise","floor":8.0},{"not_picked":["Go for the Eyes+1","Stack"],"picked":"Skim","floor":10.0},{"not_picked":["Recycle","Rebound+1"],"picked":"Echo Form","floor":12.0},{"not_picked":["Stack","Aggregate"],"picked":"Ball Lightning+1","floor":13.0},{"not_picked":["Rebound+1","Compile Driver+1","Panic Button"],"picked":"SKIP","floor":14.0},{"not_picked":["All For One+1","ReplayRNGCard"],"picked":"Reboot","floor":16.0},{"not_picked":["Hologram","Sunder+1","Stack"],"picked":"SKIP","floor":18.0},{"not_picked":["Steam","Go for the Eyes+1","Stack"],"picked":"SKIP","floor":19.0},{"not_picked":["Coolheaded","Ball Lightning+1"],"picked":"Thunder Strike+1","floor":20.0},{"not_picked":["FIFO Queue","Rip and Tear+1"],"picked":"Storm","floor":24.0},{"not_picked":["Steam+1","BasicCrystalCard"],"picked":"BootSequence","floor":27.0},{"not_picked":["Loop","Steam"],"picked":"Genetic Algorithm","floor":28.0},{"not_picked":["Redo+1","Beam Cell+1"],"picked":"Undo","floor":29.0},{"not_picked":["Steam","ReplayTheSpireMod:Calculation Training"],"picked":"Barrage+1","floor":30.0},{"not_picked":["Double Energy","Static Discharge"],"picked":"Lockon+1","floor":31.0},{"not_picked":["Meteor Strike+1","ReplayTheSpireMod:Omega Cannon+1"],"picked":"Echo Form","floor":33.0},{"not_picked":["Scrape+1","Go for the Eyes+1"],"picked":"Skim","floor":35.0},{"not_picked":["expansioncontent:GoopSpray","expansioncontent:QuickStudy"],"picked":"expansioncontent:BronzeBeam+1","floor":37.0},{"not_picked":["Stack","Compile Driver+1"],"picked":"ReplayTheSpireMod:Reroute Power","floor":40.0},{"not_picked":["Hello World","Hyperbeam+1"],"picked":"Loop","floor":42.0},{"not_picked":["Streamline+1","FIFO Queue","Beam Cell+1"],"picked":"Panic Button","floor":44.0},{"not_picked":["Hello World","BasicCrystalCard","Sweeping Beam+1","Streamline+1"],"picked":"SKIP","floor":45.0},{"not_picked":["Hello World","BasicCrystalCard","Sweeping Beam+1","Streamline+1"],"picked":"SKIP","floor":45.0},{"not_picked":["Reinforced Body","Undo","Barrage+1","Hologram+1"],"picked":"SKIP","floor":48.0},{"not_picked":["Redo","ReplaySort","Beam Cell+1"],"picked":"Skim","floor":55.0}],"player_experience":966592,"relics_obtained":[{"floor":5.0,"key":"Carrot"},{"floor":6.0,"key":"Iron Hammer"},{"floor":8.0,"key":"Du-Vu Doll"},{"floor":9.0,"key":"Ice Cream"},{"floor":12.0,"key":"The Courier"},{"floor":24.0,"key":"Gremlin Food"},{"floor":24.0,"key":"Happy Flower"},{"floor":28.0,"key":"Matryoshka"},{"floor":28.0,"key":"Boot"},{"floor":31.0,"key":"Pen Nib"},{"floor":31.0,"key":"ReplayTheSpireMod:Ninjato"},{"floor":40.0,"key":"infinitespire:CheckeredPen"},{"floor":40.0,"key":"Replay:Multitool"},{"floor":42.0,"key":"infinitespire:Joker Card"},{"floor":42.0,"key":"Question Card"},{"floor":43.0,"key":"ReplayTheSpireMod:TigerMarble"},{"floor":43.0,"key":"infinitespire:Eraser"},{"floor":55.0,"key":"Oddly Smooth Stone"},{"floor":55.0,"key":"Akabeko"}],"event_choices":[{"damage_healed":0.0,"max_hp_gain":0.0,"max_hp_loss":0.0,"gold_gain":0.0,"event_name":"The Woman in Blue","player_choice":"Bought 1 Potion","floor":2.0,"gold_loss":0.0,"damage_taken":0.0},{"cards_removed":["hexamod:Haunted"],"damage_healed":0.0,"max_hp_gain":0.0,"max_hp_loss":0.0,"gold_gain":0.0,"event_name":"Living Wall","player_choice":"Forget","floor":3.0,"gold_loss":0.0,"damage_taken":0.0},{"damage_healed":0.0,"max_hp_gain":0.0,"max_hp_loss":0.0,"gold_gain":0.0,"event_name":"Duplicator","player_choice":"Copied","floor":21.0,"gold_loss":0.0,"damage_taken":0.0,"cards_obtained":["Echo Form"]},{"damage_healed":0.0,"max_hp_gain":5.0,"max_hp_loss":0.0,"gold_gain":0.0,"event_name":"Forgotten Altar","player_choice":"Shed Blood","floor":22.0,"gold_loss":0.0,"damage_taken":19.0},{"damage_healed":0.0,"max_hp_gain":0.0,"max_hp_loss":0.0,"gold_gain":0.0,"cards_transformed":["Strike_B"],"event_name":"Transmorgrifier","player_choice":"Transformed","floor":36.0,"gold_loss":0.0,"damage_taken":0.0,"cards_obtained":["Self Repair"]},{"damage_healed":0.0,"max_hp_gain":0.0,"max_hp_loss":0.0,"gold_gain":0.0,"event_name":"SensoryStone","player_choice":"Memory 1","floor":37.0,"gold_loss":0.0,"damage_taken":0.0},{"cards_removed":["Defend_B"],"damage_healed":0.0,"max_hp_gain":0.0,"max_hp_loss":0.0,"gold_gain":0.0,"event_name":"Falling","player_choice":"Removed Skill","floor":38.0,"gold_loss":0.0,"damage_taken":0.0},{"damage_healed":0.0,"max_hp_gain":0.0,"max_hp_loss":0.0,"gold_gain":0.0,"event_name":"Match and Keep!","player_choice":"1 cards matched","floor":39.0,"gold_loss":0.0,"damage_taken":0.0,"cards_obtained":["All For One"]},{"damage_healed":0.0,"max_hp_gain":0.0,"max_hp_loss":0.0,"gold_gain":0.0,"event_name":"Accursed Blacksmith","player_choice":"Forge","floor":46.0,"gold_loss":0.0,"damage_taken":0.0,"cards_upgraded":["Coolheaded"]}],"is_beta":false,"boss_relics":[{"not_picked":["Replay:Ancient Bell","Abe\u0027s Treasure"],"picked":"Black Star"},{"not_picked":["Fusion Hammer","Coffee Dripper"],"picked":"Replay:Grab Bag"},{"not_picked":["Sozu","ChewingGum"],"picked":"Cursed Key"},{"not_picked":["Runic Dome","Velvet Choker"],"picked":"Philosopher\u0027s Stone"},{"not_picked":["Honey Jar","Runic Pyramid"],"picked":"Snecko Heart"},{"not_picked":["Empty Cage","Inserter"],"picked":"Snecko Eye"}],"items_purged_floors":[47],"is_endless":false,"potions_floor_spawned":[6,8,10,12,16,20,24,27,30,35,42,48],"ascension_level":20}}