{"host":"hjw1ay65n7jm40lc","time":1607750079,"event":{"mods":["AchievementEnabler","BaseMod","Colored Map","Colored Powertips","Googly Eyes","Highlight Path","Minty Spire (QoL Compilation)","Quick Restart","Relic Stats"],"gold_per_floor":[110,110,185,135,147,147,175,175,175,210,210,225,6,29,29,129,129,139,229,243,254,39,72,92,120,120,158,184,184,195,30,30,127,127,143,143,162,176,189,238,248,283,307,327,327,353,353,382,382,382,382,382,2,32,32,32],"floor_reached":55,"playtime":18843,"items_purged":["Strike_R"],"score":1245,"play_id":"0324e892-77d3-48e5-a318-4e0fef13dbe6","local_time":"20201212001439","is_ascension_mode":true,"campfire_choices":[{"data":"Bash","floor":6.0,"key":"SMITH"},{"floor":8.0,"key":"REST"},{"floor":11.0,"key":"REST"},{"data":"Disarm","floor":15.0,"key":"SMITH"},{"floor":32.0,"key":"RECALL"},{"floor":45,"key":"REST"},{"floor":49,"key":"REST"},{"floor":52,"key":"REST"}],"circlet_count":0,"master_deck":["AscendersBane","Strike_R","Strike_R","Strike_R","Defend_R","Defend_R","Defend_R","Defend_R","Bash+1","Twin Strike","Fire Breathing","Anger+1","Whirlwind+1","Disarm+1","Bludgeon+1","Armaments","True Grit","Reaper+1","Flame Barrier","Shockwave+1","Feed+1","Demon Form","Pummel+1","Apotheosis","Impervious","Pummel+1","True Grit+1","Heavy Blade+1","Whirlwind+1","Pommel Strike+1"],"relics":["Burning Blood","Tiny Chest","White Beast Statue","Matryoshka","Molten Egg 2","Strange Spoon","Bag of Marbles","Oddly Smooth Stone","Fusion Hammer","PreservedInsect","Boot","Bag of Preparation","Singing Bowl","Vajra","Velvet Choker","Pocketwatch","Blood Vial","MealTicket","Pen Nib","Shuriken","Centennial Puzzle","Du-Vu Doll","Red Skull"],"acts_visited":["Exordium","TheCity","TheBeyond","TheEnding"],"potions_floor_usage":[44,46,48,55,55],"damage_taken":[{"damage":1.0,"enemies":"2 Louse","floor":1.0,"turns":2.0},{"damage":0.0,"enemies":"Small Slimes","floor":5.0,"turns":3.0},{"damage":55.0,"enemies":"Lagavulin","floor":7.0,"turns":7.0},{"damage":44.0,"enemies":"Gremlin Nob","floor":10.0,"turns":5.0},{"damage":7.0,"enemies":"Jaw Worm","floor":12.0,"turns":3.0},{"damage":3.0,"enemies":"The Guardian","floor":16.0,"turns":14.0},{"damage":16.0,"enemies":"2 Thieves","floor":18.0,"turns":4.0},{"damage":0.0,"enemies":"Chosen","floor":20.0,"turns":4.0},{"damage":18.0,"enemies":"Shelled Parasite and Fungi","floor":21.0,"turns":4.0},{"damage":18.0,"enemies":"Book of Stabbing","floor":23.0,"turns":5.0},{"damage":5.0,"enemies":"Snake Plant","floor":24.0,"turns":7.0},{"damage":20.0,"enemies":"Slavers","floor":25.0,"turns":5.0},{"damage":6.0,"enemies":"Centurion and Healer","floor":27.0,"turns":3.0},{"damage":0.0,"enemies":"Shelled Parasite and Fungi","floor":30.0,"turns":2.0},{"damage":15.0,"enemies":"Champ","floor":33.0,"turns":8.0},{"damage":21.0,"enemies":"3 Shapes","floor":35.0,"turns":10.0},{"damage":5.0,"enemies":"Orb Walker","floor":37.0,"turns":4.0},{"damage":12.0,"enemies":"Spire Growth","floor":38.0,"turns":3.0},{"damage":33.0,"enemies":"Maw","floor":39.0,"turns":7.0},{"damage":40.0,"enemies":"2 Orb Walkers","floor":40.0,"turns":5.0},{"damage":27.0,"enemies":"Sphere and 2 Shapes","floor":41.0,"turns":6.0},{"damage":48.0,"enemies":"Giant Head","floor":42.0,"turns":9.0},{"damage":0,"enemies":"3 Darklings","floor":44,"turns":4},{"damage":22,"enemies":"Reptomancer","floor":46,"turns":3},{"damage":11,"enemies":"Giant Head","floor":48,"turns":6},{"damage":64,"enemies":"Donu and Deca","floor":50,"turns":7},{"damage":41,"enemies":"Shield and Spear","floor":54,"turns":4},{"damage":116,"enemies":"The Heart","floor":55,"turns":6}],"seed_played":"-6849119564054394661","potions_obtained":[{"floor":7.0,"key":"Dexterity Potion"},{"floor":10.0,"key":"LiquidBronze"},{"floor":12.0,"key":"AttackPotion"},{"floor":16.0,"key":"SpeedPotion"},{"floor":18.0,"key":"LiquidMemories"},{"floor":20.0,"key":"Energy Potion"},{"floor":21.0,"key":"AttackPotion"},{"floor":23.0,"key":"LiquidMemories"},{"floor":24.0,"key":"Energy Potion"},{"floor":25.0,"key":"ColorlessPotion"},{"floor":27.0,"key":"SteroidPotion"},{"floor":30.0,"key":"SpeedPotion"},{"floor":39.0,"key":"LiquidMemories"},{"floor":40.0,"key":"Energy Potion"},{"floor":41.0,"key":"GamblersBrew"},{"floor":42.0,"key":"Swift Potion"},{"floor":44,"key":"Block Potion"},{"floor":46,"key":"Dexterity Potion"},{"floor":48,"key":"BlessingOfTheForge"},{"floor":54,"key":"Strength Potion"}],"is_trial":false,"path_per_floor":["M","?","?","?","M","R","E","R","T","E","R","M","$","T","R","B",null,"M","?","M","M","$","E","M","E","T","M","T","?","M","$","R","B",null,"M","T","M","M","M","?","M","E","T","M","R","E","T","E","R","B",null,"R","$","E","B"],"character_chosen":"IRONCLAD","items_purchased":["Strange Spoon","Disarm","Reaper+1","Flame Barrier","Apotheosis","Du-Vu Doll"],"campfire_rested":5,"item_purchase_floors":[13,13,22,22,31,53],"current_hp_per_floor":[77,82,71,71,77,77,28,53,53,15,40,39,39,39,39,42,74,64,52,58,46,46,41,54,49,49,55,55,55,95,95,95,86,94,101,101,101,97,89,76,84,59,59,69,105,107,107,104,123,87,114,123,123,90,0,0],"gold":32,"neow_bonus":"RANDOM_COMMON_RELIC","is_daily":false,"chose_seed":false,"campfire_upgraded":2,"win_rate":0.0,"timestamp":1607750079,"path_taken":["M","?","?","?","M","R","E","R","T","E","R","M","$","?","R","BOSS","M","?","M","M","?","E","M","E","T","?","?","?","?","?","R","BOSS","M","?","?","?","M","?","M","E","T","M","R","E","?","E","R","BOSS","R","$","E","BOSS"],"items_purchased_type":["Relic","Card","Card","Card","Card","Relic"],"build_version":"2020-11-30","purchased_purges":1,"victory":false,"max_hp_per_floor":[80,85,85,85,85,85,85,85,85,85,85,85,85,85,85,85,85,85,85,85,85,85,85,85,89,89,95,95,95,97,97,97,97,97,101,101,101,103,109,111,119,119,119,121,121,123,123,123,123,123,123,123,123,125,125,125],"relic_stats":{"Singing Bowl":16,"counters":[28,150],"PreservedInsect":439,"Pen Nib":[2],"Bag of Preparation":[32],"Boot":[22],"Burning Blood":155,"Blood Vial":8,"Strange Spoon":[43],"Centennial Puzzle":[9],"Shuriken":[2],"Tiny Chest":4,"MealTicket":0,"obtain_stats":[{"Singing Bowl":26,"Oddly Smooth Stone":14,"Vajra":28,"Velvet Choker":34,"PreservedInsect":23,"Pen Nib":46,"Bag of Preparation":26,"Boot":25,"Burning Blood":0,"White Beast Statue":7,"Blood Vial":42,"Du-Vu Doll":53,"Strange Spoon":13,"Centennial Puzzle":48,"Matryoshka":9,"Shuriken":47,"Tiny Chest":0,"Molten Egg 2":10,"MealTicket":43,"Fusion Hammer":17,"Bag of Marbles":14,"Red Skull":54,"Pocketwatch":40},{"Singing Bowl":12,"Oddly Smooth Stone":5,"Vajra":13,"Velvet Choker":15,"PreservedInsect":10,"Pen Nib":24,"Bag of Preparation":12,"Boot":12,"Burning Blood":0,"White Beast Statue":3,"Blood Vial":22,"Du-Vu Doll":26,"Strange Spoon":5,"Centennial Puzzle":25,"Matryoshka":3,"Shuriken":24,"Tiny Chest":0,"Molten Egg 2":4,"MealTicket":22,"Fusion Hammer":6,"Bag of Marbles":5,"Red Skull":27,"Pocketwatch":20},{"Singing Bowl":63,"Oddly Smooth Stone":20,"Vajra":66,"Velvet Choker":76,"PreservedInsect":51,"Pen Nib":127,"Bag of Preparation":63,"Boot":63,"Burning Blood":0,"White Beast Statue":12,"Blood Vial":120,"Du-Vu Doll":140,"Strange Spoon":20,"Centennial Puzzle":133,"Matryoshka":12,"Shuriken":127,"Tiny Chest":0,"Molten Egg 2":17,"MealTicket":120,"Fusion Hammer":34,"Bag of Marbles":20,"Red Skull":144,"Pocketwatch":105}],"Pocketwatch":[67]},"card_choices":[{"not_picked":["Second Wind","Perfected Strike"],"picked":"Twin Strike","floor":1.0},{"not_picked":["Disarm","Sentinel"],"picked":"Fire Breathing","floor":5.0},{"not_picked":["Warcry","Bloodletting","Searing Blow"],"picked":"SKIP","floor":7.0},{"not_picked":["Burning Pact","Evolve"],"picked":"Anger+1","floor":10.0},{"not_picked":["Spot Weakness","Pommel Strike+1"],"picked":"Whirlwind+1","floor":12.0},{"not_picked":["Berserk","Double Tap"],"picked":"Bludgeon+1","floor":16.0},{"not_picked":["Rampage+1","Body Slam+1"],"picked":"Armaments","floor":18.0},{"not_picked":["Entrench+1","Clash+1"],"picked":"True Grit","floor":20.0},{"not_picked":["Body Slam+1","Fire Breathing","Second Wind+1"],"picked":"SKIP","floor":21.0},{"not_picked":["Heavy Blade+1","Flex+1"],"picked":"Shockwave+1","floor":23.0},{"not_picked":["Searing Blow+1","Thunderclap+1"],"picked":"Feed+1","floor":24.0},{"not_picked":["Headbutt+1","Anger+1"],"picked":"Demon Form","floor":25.0},{"not_picked":["Sword Boomerang+1","Hemokinesis+1","Rampage+1"],"picked":"Singing Bowl","floor":27.0},{"not_picked":["Iron Wave+1","Thunderclap+1","Dark Embrace"],"picked":"Singing Bowl","floor":30.0},{"not_picked":["Brutality","Corruption"],"picked":"Impervious","floor":33.0},{"not_picked":["Spot Weakness","Havoc"],"picked":"Pummel+1","floor":35.0},{"not_picked":["Havoc+1","Iron Wave+1"],"picked":"True Grit+1","floor":37.0},{"not_picked":["Disarm+1","Havoc+1","Warcry"],"picked":"Singing Bowl","floor":38.0},{"not_picked":["Iron Wave+1","Havoc","Wild Strike+1"],"picked":"Singing Bowl","floor":39.0},{"not_picked":["Flex+1","Entrench","Shockwave+1"],"picked":"Singing Bowl","floor":40.0},{"not_picked":["Havoc","Clothesline+1"],"picked":"Heavy Blade+1","floor":41.0},{"not_picked":["Warcry+1","Feel No Pain"],"picked":"Whirlwind+1","floor":42.0},{"not_picked":["Sword Boomerang+1","Body Slam+1","Havoc+1"],"picked":"Singing Bowl","floor":44},{"not_picked":["Dropkick+1","Burning Pact","Disarm+1"],"picked":"Singing Bowl","floor":46},{"not_picked":["Body Slam+1","Havoc"],"picked":"Pommel Strike+1","floor":48},{"not_picked":["Infernal Blade","Burning Pact","Seeing Red"],"picked":"Singing Bowl","floor":54}],"player_experience":136016,"relics_obtained":[{"floor":7.0,"key":"White Beast Statue"},{"floor":9.0,"key":"Matryoshka"},{"floor":10.0,"key":"Molten Egg 2"},{"floor":14.0,"key":"Bag of Marbles"},{"floor":14.0,"key":"Oddly Smooth Stone"},{"floor":23.0,"key":"PreservedInsect"},{"floor":25.0,"key":"Boot"},{"floor":26.0,"key":"Bag of Preparation"},{"floor":26.0,"key":"Singing Bowl"},{"floor":28.0,"key":"Vajra"},{"floor":40.0,"key":"Pocketwatch"},{"floor":42.0,"key":"Blood Vial"},{"floor":43.0,"key":"MealTicket"},{"floor":46,"key":"Pen Nib"},{"floor":47,"key":"Shuriken"},{"floor":48,"key":"Centennial Puzzle"},{"floor":54,"key":"Red Skull"}],"event_choices":[{"damage_healed":0.0,"max_hp_gain":5.0,"max_hp_loss":0.0,"gold_gain":0.0,"event_name":"Big Fish","player_choice":"Donut","floor":2.0,"gold_loss":0.0,"damage_taken":0.0},{"damage_healed":0.0,"max_hp_gain":0.0,"max_hp_loss":0.0,"gold_gain":75.0,"event_name":"World of Goop","player_choice":"Gather Gold","floor":3.0,"gold_loss":0.0,"damage_taken":11.0},{"cards_removed":["Strike_R"],"damage_healed":0.0,"max_hp_gain":0.0,"max_hp_loss":0.0,"gold_gain":0.0,"event_name":"The Cleric","player_choice":"Card Removal","floor":4.0,"gold_loss":50.0,"damage_taken":0.0},{"damage_healed":0.0,"max_hp_gain":0.0,"max_hp_loss":0.0,"gold_gain":90.0,"event_name":"Knowing Skull","player_choice":"GOLD ","floor":19.0,"potions_obtained":[],"gold_loss":0.0,"damage_taken":12.0,"cards_obtained":[]},{"damage_healed":0.0,"max_hp_gain":0.0,"max_hp_loss":0.0,"gold_gain":0.0,"event_name":"Match and Keep!","player_choice":"1 cards matched","floor":29.0,"gold_loss":0.0,"damage_taken":0.0,"cards_obtained":["Pummel"]},{"damage_healed":0.0,"max_hp_gain":0.0,"max_hp_loss":0.0,"gold_gain":0.0,"event_name":"Mysterious Sphere","player_choice":"Fight","floor":40.0,"gold_loss":0.0,"damage_taken":0.0}],"is_beta":false,"boss_relics":[{"not_picked":["Ectoplasm","Tiny House"],"picked":"Fusion Hammer"},{"not_picked":["Runic Pyramid","Coffee Dripper"],"picked":"Velvet Choker"}],"items_purged_floors":[53],"is_endless":false,"potions_floor_spawned":[7,10,12,16,18,20,21,23,24,25,27,30,33,35,37,38,39,40,41,42,44,46,48,54],"killed_by":"The Heart","ascension_level":11}}