{"host":"zi8o4akxlgxypwgb","time":1607805823,"event":{"mods":["BaseMod","Minty Spire (QoL Compilation)","Replay The Spire","StSLib","SuperFastMode"],"gold_per_floor":[117,136,147,147,222,249,276,305,332,364,364,364,374,392,392,493,493,513,428,428,438,451,451,477,494,518,543,543,569,569,94,94,218,218,257,257,292,292,292,354,354,395,419,473,509,509,88,155,155,193],"floor_reached":51,"playtime":2012,"items_purged":["Defend_R"],"score":1021,"play_id":"6a685100-6241-4da0-837d-d18edcae2f7a","local_time":"20201213044343","is_ascension_mode":true,"campfire_choices":[{"floor":11.0,"key":"REST"},{"data":"Hemogenesis","floor":15.0,"key":"SMITH"},{"data":"Limit Break","floor":23.0,"key":"SMITH"},{"floor":28.0,"key":"REST"},{"data":"Eclipse","floor":30.0,"key":"SMITH"},{"floor":32.0,"key":"DIG"},{"data":"Secret Weapon","floor":41.0,"key":"SMITH"},{"data":"Dual Wield","floor":46,"key":"SMITH"},{"data":"Hemogenesis","floor":49,"key":"SMITH"}],"circlet_count":0,"master_deck":["Strike_R+1","Strike_R","Strike_R","Strike_R","Strike_R","Defend_R","Defend_R","Bash+1","Pommel Strike","Wild Strike","Hemogenesis+1","Spot Weakness","Replay:Undeath\u0027s Touch","Dual Wield+1","Eclipse+1","Clothesline","Limit Break+1","Perfected Strike","Necronomicurse","Warcry","Shockwave+1","Burning Pact+1","Fire Breathing","Replay:Undeath\u0027s Touch+1","Blood for Blood","ReplayTheSpireMod:Muscle Training","Demonic Infusion","Warcry+1","Heavy Blade+1","Secret Weapon+1","Madness","Trip","Defy Death+1","Inflame+1","CommonCold","Rage+1","Iron Wave+1","Hemogenesis+1","Flex+1","Hemogenesis+1","Replay:Undeath\u0027s Touch+1","Iron Wave"],"relics":["Black Blood","ReplayTheSpireMod:TigerMarble","Potion Belt","Dream Catcher","Toy Ornithopter","Centennial Puzzle","Boot","Replay:Grab Bag","Cursed Key","Philosopher\u0027s Stone","Runic Cube","MealTicket","Necronomicon","Mercury Hourglass","Oddly Smooth Stone","Vajra","Bird Faced Urn","Sling","Replay:Bandana","Nunchaku","Electric Blood","Pen Nib","Regal Pillow","Strawberry","DollysMirror","Replay:PocketPolymizer"],"acts_visited":["Exordium","TheCity","TheBeyond"],"potions_floor_usage":[],"damage_taken":[{"damage":5.0,"enemies":"Small Slimes","floor":1.0,"turns":3.0},{"damage":6.0,"enemies":"Jaw Worm","floor":2.0,"turns":3.0},{"damage":8.0,"enemies":"Cultist","floor":3.0,"turns":4.0},{"damage":43.0,"enemies":"3 Sentries","floor":6.0,"turns":8.0},{"damage":14.0,"enemies":"Gremlin Nob","floor":8.0,"turns":3.0},{"damage":12.0,"enemies":"3 Sentries","floor":10.0,"turns":6.0},{"damage":26.0,"enemies":"Large Slime","floor":13.0,"turns":7.0},{"damage":12.0,"enemies":"2 Fungi Beasts","floor":14.0,"turns":3.0},{"damage":21.0,"enemies":"The Guardian","floor":16.0,"turns":7.0},{"damage":22.0,"enemies":"Spheric Guardian","floor":18.0,"turns":4.0},{"damage":6.0,"enemies":"3 Byrds","floor":21.0,"turns":3.0},{"damage":10.0,"enemies":"3 Cultists","floor":22.0,"turns":4.0},{"damage":47.0,"enemies":"Slavers","floor":24.0,"turns":4.0},{"damage":15.0,"enemies":"Shelled Parasite and Fungi","floor":25.0,"turns":3.0},{"damage":7.0,"enemies":"Book of Stabbing","floor":27.0,"turns":3.0},{"damage":29.0,"enemies":"Slavers","floor":29.0,"turns":3.0},{"damage":43.0,"enemies":"Champ","floor":33.0,"turns":7.0},{"damage":11.0,"enemies":"3 Shapes","floor":35.0,"turns":2.0},{"damage":5.0,"enemies":"Orb Walker","floor":37.0,"turns":1.0},{"damage":26.0,"enemies":"Nemesis","floor":40.0,"turns":2.0},{"damage":40.0,"enemies":"4 Shapes","floor":42.0,"turns":3.0},{"damage":18,"enemies":"R_Hoarder","floor":44,"turns":3},{"damage":13,"enemies":"Jaw Worm Horde","floor":45,"turns":1},{"damage":27,"enemies":"2 Orb Walkers","floor":48,"turns":2},{"damage":25,"enemies":"Donu and Deca","floor":50,"turns":4}],"seed_played":"1791526744842539971","potions_obtained":[{"floor":2.0,"key":"DistilledChaos"},{"floor":3.0,"key":"ColorlessPotion"},{"floor":8.0,"key":"AttackPotion"},{"floor":13.0,"key":"Adrenaline Potion"},{"floor":24.0,"key":"Weak Potion"},{"floor":25.0,"key":"AttackPotion"},{"floor":27.0,"key":"ColorlessPotion"},{"floor":33.0,"key":"FearPotion"},{"floor":40.0,"key":"SkillPotion"}],"is_trial":false,"path_per_floor":["M","M","M","?","?","E","T","E","T","E","R","?","M","M","R","B",null,"M","?","?","M","M","R","E","M","T","E","R","E","R","$","R","B",null,"M","?","M","?","?","E","R","M","T","E","M","R","$","?","R","B",null],"character_chosen":"IRONCLAD","items_purchased":["Sling","ReplayTheSpireMod:Muscle Training","FairyPotion","Replay:Bandana","DollysMirror","Flex+1","Hemogenesis"],"campfire_rested":2,"item_purchase_floors":[31,31,31,31,47,47,47],"current_hp_per_floor":[88,88,86,68,57,20,20,12,12,11,37,37,22,21,21,24,88,85,85,69,88,88,88,69,82,82,87,88,87,87,88,88,59,88,88,88,88,78,78,88,88,60,60,95,95,95,95,95,95,85],"gold":193,"neow_bonus":"TEN_PERCENT_HP_BONUS","is_daily":false,"chose_seed":false,"campfire_upgraded":6,"win_rate":0.0,"timestamp":1607805823,"path_taken":["M","M","M","?","?","E","?","E","T","E","R","?","M","?","R","BOSS","M","?","?","M","M","R","E","M","T","E","R","E","R","?","R","BOSS","M","?","M","?","?","E","R","M","T","E","?","R","$","?","R","BOSS"],"items_purchased_type":["Relic","Card","Potion","Relic","Relic","Card","Card"],"build_version":"2020-11-30","purchased_purges":1,"victory":true,"max_hp_per_floor":[88,88,88,88,88,88,88,88,88,88,88,88,88,88,88,88,88,88,88,88,88,88,88,88,88,88,88,88,88,88,88,88,88,88,88,88,88,88,88,88,88,88,88,95,95,95,95,95,95,95],"card_choices":[{"not_picked":["Body Slam","Dark Embrace"],"picked":"Pommel Strike","floor":1.0},{"not_picked":["Uppercut","Sever Soul"],"picked":"ReplayTheSpireMod:Corrosion Curse","floor":2.0},{"not_picked":["Sword Boomerang","Body Slam"],"picked":"Wild Strike","floor":3.0},{"not_picked":["Carnage","Second Wind"],"picked":"Hemogenesis","floor":6.0},{"not_picked":["Rupture","Warcry"],"picked":"Spot Weakness","floor":8.0},{"not_picked":["ReplayReversal","ReplayTheSpireMod:Strike From Hell"],"picked":"Replay:Undeath\u0027s Touch","floor":10.0},{"not_picked":["Body Slam","Pommel Strike"],"picked":"Dual Wield","floor":11.0},{"not_picked":["Cleave","Wild Strike"],"picked":"Eclipse","floor":13.0},{"not_picked":["Iron Wave","Searing Blow"],"picked":"Clothesline","floor":14.0},{"not_picked":["Eclipse","Demon Form"],"picked":"Limit Break","floor":16.0},{"not_picked":["Sentinel","Heavy Blade"],"picked":"Perfected Strike","floor":18.0},{"not_picked":["Wild Strike","Impervious"],"picked":"Warcry","floor":21.0},{"not_picked":["Bloodletting","Thunderclap"],"picked":"Life Link","floor":22.0},{"not_picked":["ReplayTheSpireMod:Stacked","Havoc"],"picked":"Shockwave+1","floor":24.0},{"not_picked":["Feel No Pain","Infernal Blade"],"picked":"Burning Pact+1","floor":25.0},{"not_picked":["Uppercut","Life Link"],"picked":"Fire Breathing","floor":27.0},{"not_picked":["ReplayTheSpireMod:LeadingStrike","Dual Wield"],"picked":"Replay:Undeath\u0027s Touch+1","floor":28.0},{"not_picked":["Combust","True Grit+1"],"picked":"Blood for Blood","floor":29.0},{"not_picked":["Brutality","Juggernaut"],"picked":"Demonic Infusion","floor":33.0},{"not_picked":["Shrug It Off+1","ReplayTheSpireMod:Stacked"],"picked":"Warcry+1","floor":35.0},{"not_picked":["Massacre+1","Clash"],"picked":"Heavy Blade+1","floor":37.0},{"not_picked":["Finesse","Jack Of All Trades"],"picked":"Secret Weapon","floor":38.0},{"not_picked":["Swift Strike","Trip"],"picked":"Madness","floor":38.0},{"not_picked":["Dark Shackles","Crow Ritual"],"picked":"Trip","floor":38.0},{"not_picked":["Searing Blow","Rampage"],"picked":"Defy Death+1","floor":40.0},{"not_picked":["Flex","Seeing Red"],"picked":"Inflame+1","floor":42},{"not_picked":["Clash","Searing Blow+1"],"picked":"Rage+1","floor":44},{"not_picked":["Carnage","Body Slam+1"],"picked":"Iron Wave+1","floor":45},{"not_picked":["Anger+1","Warcry"],"picked":"Replay:Undeath\u0027s Touch+1","floor":48}],"player_experience":290330,"relics_obtained":[{"floor":6.0,"key":"ReplayTheSpireMod:TigerMarble"},{"floor":7.0,"key":"Potion Belt"},{"floor":8.0,"key":"Dream Catcher"},{"floor":9.0,"key":"Toy Ornithopter"},{"floor":10.0,"key":"Centennial Puzzle"},{"floor":20.0,"key":"Necronomicon"},{"floor":24.0,"key":"Mercury Hourglass"},{"floor":26.0,"key":"Oddly Smooth Stone"},{"floor":27.0,"key":"Vajra"},{"floor":29.0,"key":"Bird Faced Urn"},{"floor":32.0,"key":"Nunchaku"},{"floor":40.0,"key":"Pen Nib"},{"floor":43,"key":"Regal Pillow"},{"floor":44,"key":"Strawberry"},{"floor":48,"key":"Replay:PocketPolymizer"}],"event_choices":[{"damage_healed":0.0,"max_hp_gain":0.0,"max_hp_loss":0.0,"gold_gain":0.0,"event_name":"Shining Light","player_choice":"Entered Light","floor":4.0,"gold_loss":0.0,"damage_taken":18.0,"cards_upgraded":["Strike_R","Bash"]},{"damage_healed":0.0,"max_hp_gain":0.0,"max_hp_loss":0.0,"gold_gain":75.0,"event_name":"World of Goop","player_choice":"Gather Gold","floor":5.0,"gold_loss":0.0,"damage_taken":11.0},{"cards_removed":["ReplayTheSpireMod:Corrosion Curse"],"damage_healed":0.0,"max_hp_gain":0.0,"max_hp_loss":0.0,"gold_gain":0.0,"event_name":"WeMeetAgain","player_choice":"Gave Card","floor":12.0,"gold_loss":0.0,"damage_taken":0.0,"relics_obtained":["Boot"]},{"damage_healed":0.0,"max_hp_gain":0.0,"max_hp_loss":0.0,"gold_gain":0.0,"event_name":"Addict","player_choice":"Obtained Relic","floor":19.0,"gold_loss":85.0,"damage_taken":0.0,"relics_obtained":["MealTicket"]},{"damage_healed":0.0,"max_hp_gain":0.0,"max_hp_loss":0.0,"gold_gain":0.0,"event_name":"Cursed Tome","player_choice":"Obtained Book","floor":20.0,"gold_loss":0.0,"damage_taken":16.0},{"cards_removed":["Life Link"],"damage_healed":0.0,"max_hp_gain":0.0,"max_hp_loss":0.0,"gold_gain":0.0,"event_name":"Falling","player_choice":"Removed Power","floor":36.0,"gold_loss":0.0,"damage_taken":0.0},{"damage_healed":0.0,"max_hp_gain":0.0,"max_hp_loss":0.0,"gold_gain":0.0,"event_name":"SensoryStone","player_choice":"Memory 3","floor":38.0,"gold_loss":0.0,"damage_taken":10.0},{"cards_removed":["Spreading Infection"],"damage_healed":0.0,"max_hp_gain":0.0,"max_hp_loss":0.0,"gold_gain":0.0,"event_name":"Purifier","player_choice":"Purged","floor":39.0,"gold_loss":0.0,"damage_taken":0.0},{"damage_healed":0,"gold_gain":0,"player_choice":"Fight","damage_taken":0,"max_hp_gain":0,"max_hp_loss":0,"event_name":"Mysterious Sphere","floor":48,"gold_loss":0}],"is_beta":false,"boss_relics":[{"not_picked":["Snecko Heart","Coffee Dripper"],"picked":"Replay:Grab Bag"},{"not_picked":["Sozu","SlaversCollar"],"picked":"Cursed Key"},{"not_picked":["ChewingGum","Fusion Hammer"],"picked":"Philosopher\u0027s Stone"},{"not_picked":["Pandora\u0027s Box","Black Star"],"picked":"Black Blood"},{"not_picked":["Empty Cage","Ring of Chaos"],"picked":"Runic Cube"},{"not_picked":["Replay:Bronze Core","Painkiller Herb"],"picked":"Electric Blood"}],"items_purged_floors":[47],"is_endless":false,"potions_floor_spawned":[2,3,8,13,24,25,27,33,35,40,45,48],"ascension_level":1}}