{"host":"iml8x8es9od4zowg","time":1607743524,"event":{"mods":["BaseMod","Hermit","Minty Spire (QoL Compilation)","StSLib","The Bug Knight","The Jungle"],"gold_per_floor":[364,378,328,328,328,354,354,371,371,389,421,431,431,449,449,553,553,567,245,259,47,62,62,87,186,186,186,202,237,248,248,248,350,350,362,372,84,84,6,40,59,79,150,150,495,169,196,196,196,196,196,196,58,93,93],"floor_reached":56,"playtime":4784,"items_purged":["HollowMod:CycloneSlash","HollowMod:NailStrikeStart","HollowMod:HeavyBlow"],"score":1230,"play_id":"6545332c-f605-4c51-b780-212e8c836376","local_time":"20201212122524","is_ascension_mode":false,"campfire_choices":[{"data":"HollowMod:SoulStrike","floor":7,"key":"SMITH"},{"floor":15,"key":"REST"},{"data":"HollowMod:SlysStrikes","floor":23,"key":"SMITH"},{"data":"HollowMod:GrimmsGift","floor":27,"key":"SMITH"},{"floor":32,"key":"REST"},{"data":"HollowMod:GrimmsGift","floor":44,"key":"SMITH"},{"floor":49,"key":"RECALL"},{"data":"1","floor":52,"key":"LIFT"}],"circlet_count":0,"master_deck":["HollowMod:NailStrikeStart","HollowMod:NailStrikeStart","HollowMod:QuickDashStart","HollowMod:QuickDashStart","HollowMod:QuickDashStart","HollowMod:FocusHealStart","HollowMod:PogoStrike+1","HollowMod:PerfectDash+1","HollowMod:SoulStrike+1","HollowMod:HerrahsAnger+1","HollowMod:Weaversong","HollowMod:SlysStrikes+1","HollowMod:CloakDash+1","HollowMod:GrimmsGift+1","Flash of Steel","HollowMod:SiblingsSouls","HollowMod:CloakDash","HollowMod:RecoilStrike+1","HollowMod:SiblingsSouls","HollowMod:PerfectDash","HollowMod:LifebloodCore","HollowMod:DashSlash","HollowMod:GrimmsGift+1","HollowMod:DoubleDash+1","HollowMod:DashSlash+1","HollowMod:CoiledNail+1","Dramatic Entrance+1","HollowMod:CloakDash+1","HollowMod:SoulSplash+1","HollowMod:RecoilStrike+1"],"relics":["HollowMod:VesselMask","StrikeDummy","Happy Flower","Sozu","Question Card","Membership Card","Pen Nib","Darkstone Periapt","Meat on the Bone","Black Star","Nunchaku","Ornamental Fan","Toolbox","Juzu Bracelet","Molten Egg 2","Toxic Egg 2","Old Coin","Girya","TheAbacus","Art of War","Blood Vial","Kunai","HollowMod:MillibellesNoteRelic","Bottled Lightning"],"acts_visited":["Exordium","TheCity","TheBeyond","TheEnding"],"potions_floor_usage":[6,6,18,40,42],"damage_taken":[{"damage":1,"enemies":"Jaw Worm","floor":1,"turns":3},{"damage":0,"enemies":"2 Louse","floor":2,"turns":2},{"damage":16,"enemies":"HollowMod:MossKnight","floor":6,"turns":11},{"damage":0,"enemies":"Cultist","floor":8,"turns":2},{"damage":0,"enemies":"3 Louse","floor":10,"turns":1},{"damage":22,"enemies":"Gremlin Nob","floor":11,"turns":4},{"damage":7,"enemies":"Looter","floor":12,"turns":2},{"damage":0,"enemies":"Blue Slaver","floor":14,"turns":2},{"damage":25,"enemies":"Hexaghost","floor":16,"turns":8},{"damage":5,"enemies":"2 Thieves","floor":18,"turns":3},{"damage":11,"enemies":"3 Byrds","floor":20,"turns":5},{"damage":9,"enemies":"3 Cultists","floor":22,"turns":5},{"damage":18,"enemies":"Book of Stabbing","floor":24,"turns":5},{"damage":11,"enemies":"Snake Plant","floor":28,"turns":3},{"damage":11,"enemies":"HollowMod:Nosk","floor":29,"turns":5},{"damage":0,"enemies":"Chosen and Byrds","floor":30,"turns":4},{"damage":29,"enemies":"Champ","floor":33,"turns":8},{"damage":2,"enemies":"3 Shapes","floor":35,"turns":5},{"damage":13,"enemies":"3 Darklings","floor":36,"turns":4},{"damage":0,"enemies":"Reptomancer","floor":40,"turns":5},{"damage":18,"enemies":"HollowMod:SlobberingHusk","floor":41,"turns":7},{"damage":0,"enemies":"4 Shapes","floor":42,"turns":5},{"damage":0,"enemies":"2 Orb Walkers","floor":45,"turns":6},{"damage":9,"enemies":"Giant Head","floor":47,"turns":5},{"damage":41,"enemies":"Awakened One","floor":50,"turns":11},{"damage":13,"enemies":"Shield and Spear","floor":54,"turns":6},{"damage":75,"enemies":"The Heart","floor":55,"turns":9}],"seed_played":"1491549839999333288","potions_obtained":[{"floor":2,"key":"EntropicBrew"},{"floor":8,"key":"Energy Potion"},{"floor":14,"key":"Fire Potion"}],"is_trial":false,"path_per_floor":["M","M","?","?","?","E","R","M","T","M","E","M","?","M","R","B",null,"M","$","M","$","M","R","E","?","T","R","M","E","M","?","R","B",null,"M","M","$","?","$","E","M","M","T","R","?","$","E","?","R","B",null,"R","$","E","B",null],"character_chosen":"THE_BUGKNIGHT","items_purchased":["Question Card","Membership Card","HollowMod:GrimmsGift","Flash of Steel","Nunchaku","Ornamental Fan","HollowMod:GrimmsGift","Toolbox","Dramatic Entrance+1","Girya","TheAbacus","Kunai","HollowMod:SoulSplash+1"],"campfire_rested":2,"item_purchase_floors":[19,21,21,21,37,37,37,39,46,46,46,53,53],"current_hp_per_floor":[74,74,74,74,74,68,68,74,74,74,52,45,30,30,52,37,75,75,75,74,74,71,71,53,53,53,53,48,37,49,49,71,52,75,75,62,62,62,62,68,56,56,56,56,62,62,53,71,71,42,75,75,75,68,13],"gold":93,"neow_bonus":"TWO_FIFTY_GOLD","is_daily":false,"chose_seed":false,"campfire_upgraded":4,"win_rate":0.0,"timestamp":1607743524,"path_taken":["M","M","?","?","?","E","R","M","T","?","E","M","?","M","R","BOSS","M","$","M","$","M","R","E","?","T","R","M","E","M","?","R","BOSS","M","M","?","?","$","E","M","M","T","R","?","$","E","?","R","BOSS","R","$","E","BOSS"],"items_purchased_type":["Relic","Relic","Card","Card","Relic","Relic","Card","Relic","Card","Relic","Relic","Relic","Card"],"build_version":"2020-11-30","purchased_purges":3,"victory":true,"max_hp_per_floor":[75,75,75,75,75,75,75,75,75,75,75,75,75,75,75,75,75,75,75,75,75,75,75,75,75,75,75,75,75,75,75,75,75,75,75,75,75,75,75,75,75,75,75,75,75,75,75,75,75,75,75,75,75,75,75],"card_choices":[{"not_picked":["HollowMod:VengefulSpirit","HollowMod:InfectedCysts","HollowMod:CycloneSlash"],"picked":"SKIP","floor":1},{"not_picked":["HollowMod:WraithStrike","HollowMod:SharpenedNail"],"picked":"HollowMod:PerfectDash","floor":2},{"not_picked":["HollowMod:SoulEater","HollowMod:SharpenedNail"],"picked":"HollowMod:SoulStrike","floor":6},{"not_picked":["HollowMod:CycloneSlash","HollowMod:InfectedCysts"],"picked":"HollowMod:HerrahsAnger","floor":8},{"not_picked":["HollowMod:VengefulVoid","HollowMod:SharpenedNail"],"picked":"HollowMod:HeavyBlow","floor":10},{"not_picked":["HollowMod:CrystalDash","HollowMod:VengefulVoid","HollowMod:TaintedHusks"],"picked":"SKIP","floor":11},{"not_picked":["HollowMod:WraithStrike","HollowMod:CoiledNail"],"picked":"HollowMod:CycloneSlash","floor":12},{"not_picked":["HollowMod:Grubsong","HollowMod:HowlingWraiths"],"picked":"HollowMod:Weaversong","floor":14},{"not_picked":["HollowMod:AwokenDreamNail","HollowMod:LordofShades"],"picked":"HollowMod:SlysStrikes","floor":16},{"not_picked":["HollowMod:FallenFury","HollowMod:InfectedAttack+1","HollowMod:SiblingsSouls"],"picked":"SKIP","floor":18},{"not_picked":["HollowMod:FastStrike","HollowMod:CycloneSlash","HollowMod:DreamGate"],"picked":"HollowMod:CloakDash+1","floor":20},{"not_picked":["HollowMod:InfectedAttack+1","HollowMod:DreamGate","HollowMod:HowlingWraiths"],"picked":"HollowMod:SiblingsSouls","floor":22},{"not_picked":["HollowMod:ShadowDash","HollowMod:CrystalDash+1","HollowMod:AwokenDreamNail"],"picked":"HollowMod:CloakDash","floor":24},{"not_picked":["HollowMod:NewLittleFool","HollowMod:LifebloodCocoon","HollowMod:Grubsong"],"picked":"HollowMod:RecoilStrike+1","floor":28},{"not_picked":["HollowMod:CrystalDash","HollowMod:DoubleDash+1","HollowMod:CloakDash"],"picked":"HollowMod:SiblingsSouls","floor":29},{"not_picked":["HollowMod:LifebloodCocoon","HollowMod:CloakDash","HollowMod:InfectedCysts"],"picked":"HollowMod:PerfectDash","floor":30},{"not_picked":["HollowMod:theNailsmith","HollowMod:Hiveblood","HollowMod:LordofShades"],"picked":"HollowMod:LifebloodCore","floor":33},{"not_picked":["HollowMod:GoodIntentions","HollowMod:HeavyBlow","HollowMod:WraithStrike","HollowMod:ShapeofUnn"],"picked":"SKIP","floor":35},{"not_picked":["HollowMod:NewLittleFool","HollowMod:NewJinnsSoul","HollowMod:LuriensSpire"],"picked":"HollowMod:DashSlash","floor":36},{"not_picked":["HollowMod:LordofShades","HollowMod:SharpenedNail+1","HollowMod:SiblingsShadow"],"picked":"HollowMod:DoubleDash+1","floor":40},{"not_picked":["HollowMod:AbyssShriek+1","HollowMod:ShadowDash","HollowMod:GoodIntentions+1","HollowMod:DreamGate+1"],"picked":"SKIP","floor":41},{"not_picked":["HollowMod:PureVessel","HollowMod:TaintedHusks+1","HollowMod:NewGlowingWomb"],"picked":"HollowMod:DashSlash+1","floor":42},{"not_picked":["HollowMod:GoodIntentions+1","HollowMod:CrystalDash+1","HollowMod:HeavyBlow+1"],"picked":"HollowMod:CoiledNail+1","floor":45},{"not_picked":["HollowMod:DreamGate+1","HollowMod:InfectedCysts+1","HollowMod:CornifersMapStart+1"],"picked":"HollowMod:CloakDash+1","floor":47},{"not_picked":["HollowMod:WraithStrike+1","HollowMod:Hiveblood+1","HollowMod:ShadowDash+1"],"picked":"HollowMod:RecoilStrike+1","floor":54}],"player_experience":468584,"relics_obtained":[{"floor":6,"key":"StrikeDummy"},{"floor":11,"key":"Happy Flower"},{"floor":24,"key":"Pen Nib"},{"floor":26,"key":"Darkstone Periapt"},{"floor":29,"key":"Meat on the Bone"},{"floor":40,"key":"Juzu Bracelet"},{"floor":40,"key":"Molten Egg 2"},{"floor":43,"key":"Toxic Egg 2"},{"floor":45,"key":"Old Coin"},{"floor":47,"key":"Art of War"},{"floor":47,"key":"Blood Vial"},{"floor":54,"key":"HollowMod:MillibellesNoteRelic"},{"floor":54,"key":"Bottled Lightning"}],"event_choices":[{"cards_removed":["Injury"],"damage_healed":0,"gold_gain":0,"player_choice":"Card Removal","damage_taken":0,"max_hp_gain":0,"max_hp_loss":0,"event_name":"The Cleric","floor":3,"gold_loss":50},{"damage_healed":0,"gold_gain":0,"player_choice":"Grow","damage_taken":0,"max_hp_gain":0,"max_hp_loss":0,"event_name":"Living Wall","floor":4,"gold_loss":0,"cards_upgraded":["HollowMod:PogoStrike"]},{"cards_removed":["HollowMod:NailStrikeStart"],"damage_healed":0,"gold_gain":0,"player_choice":"Card Removal","damage_taken":0,"max_hp_gain":0,"max_hp_loss":0,"event_name":"Wheel of Change","floor":5,"gold_loss":0},{"damage_healed":0,"gold_gain":0,"player_choice":"Entered Light","damage_taken":15,"max_hp_gain":0,"max_hp_loss":0,"event_name":"Shining Light","floor":13,"gold_loss":0,"cards_upgraded":["HollowMod:HerrahsAnger","HollowMod:PerfectDash"]},{"damage_healed":0,"gold_gain":99,"player_choice":"Stole From Cult","damage_taken":0,"max_hp_gain":0,"max_hp_loss":0,"event_name":"Nest","floor":25,"gold_loss":0},{"damage_healed":0,"gold_gain":0,"player_choice":"Bought 0 Potions","damage_taken":0,"max_hp_gain":0,"max_hp_loss":0,"event_name":"The Woman in Blue","floor":31,"gold_loss":0},{"cards_removed":["HollowMod:QuickDashStart"],"damage_healed":0,"gold_gain":0,"player_choice":"Removed Skill","damage_taken":0,"max_hp_gain":0,"max_hp_loss":0,"event_name":"Falling","floor":38,"gold_loss":0},{"damage_healed":0,"gold_gain":0,"player_choice":"Fight","damage_taken":0,"max_hp_gain":0,"max_hp_loss":0,"event_name":"Mysterious Sphere","floor":45,"gold_loss":0}],"is_beta":false,"boss_relics":[{"not_picked":["Snecko Eye","Runic Dome"],"picked":"Sozu"},{"not_picked":["Fusion Hammer","HollowMod:KingsSoulRelic"],"picked":"Black Star"}],"items_purged_floors":[19,37,46],"is_endless":false,"potions_floor_spawned":[2,8,14,16,18,22,28,35,40,41,45,54],"ascension_level":0}}