{"host":"k5dhp0bkccqfauyu","time":1607737314,"event":{"mods":["BaseMod","Better Note","Better Skull","Better Vampires","Colored Map","Colored Powertips","DeckTracker","Minty Spire (QoL Compilation)","Permanent Neow","StSLib","SuperFastMode"],"gold_per_floor":[112,112,124,140,151,151,191,191,191,191,191,191,213,213,213,321,321,346,346,16,37,70,70,70],"floor_reached":23,"playtime":771,"items_purged":[],"score":482,"play_id":"e3d97750-61f5-454f-88d4-f7fa5cac4708","local_time":"20201212124154","is_ascension_mode":true,"campfire_choices":[{"floor":6,"key":"REST"},{"data":"ThirdEye","floor":8,"key":"SMITH"},{"data":"Tantrum","floor":12,"key":"SMITH"},{"data":"Consecrate","floor":15,"key":"SMITH"}],"circlet_count":0,"master_deck":["AscendersBane","Strike_P","Strike_P","Strike_P+1","Defend_P+1","Defend_P+1","Defend_P","Defend_P","Eruption+1","Vigilance","ThirdEye+1","Consecrate+1","CutThroughFate","Tantrum+1","FlurryOfBlows","Study+1","LessonLearned","Halt","InnerPeace+1"],"relics":["HolyWater","Ancient Tea Set","CeramicFish","Oddly Smooth Stone","Frozen Egg 2","Golden Idol","White Beast Statue","TungstenRod"],"acts_visited":["Exordium","TheCity"],"potions_floor_usage":[16,21,21,22,23],"damage_taken":[{"damage":2,"enemies":"2 Louse","floor":1,"turns":4},{"damage":0,"enemies":"Jaw Worm","floor":3,"turns":4},{"damage":0,"enemies":"Small Slimes","floor":4,"turns":2},{"damage":12,"enemies":"3 Louse","floor":5,"turns":3},{"damage":15,"enemies":"3 Sentries","floor":7,"turns":6},{"damage":0,"enemies":"Gremlin Gang","floor":13,"turns":3},{"damage":0,"enemies":"Slime Boss","floor":16,"turns":2},{"damage":0,"enemies":"Spheric Guardian","floor":18,"turns":2},{"damage":3,"enemies":"Chosen","floor":21,"turns":3},{"damage":31,"enemies":"Snake Plant","floor":22,"turns":3},{"damage":31,"enemies":"Gremlin Leader","floor":23,"turns":5}],"seed_played":"-8738460936493910358","potions_obtained":[{"floor":5,"key":"FearPotion"},{"floor":16,"key":"GamblersBrew"},{"floor":18,"key":"DistilledChaos"},{"floor":21,"key":"FearPotion"},{"floor":22,"key":"EssenceOfSteel"}],"is_trial":false,"path_per_floor":["M","?","M","M","M","R","E","R","T","T","?","R","M","?","R","B",null,"M","?","$","M","M","E"],"character_chosen":"WATCHER","items_purchased":["TungstenRod"],"campfire_rested":1,"item_purchase_floors":[20],"current_hp_per_floor":[59,39,39,39,27,47,32,32,32,32,32,32,32,21,21,21,52,52,52,52,49,18,0,0],"gold":70,"neow_bonus":"RANDOM_COMMON_RELIC","is_daily":false,"chose_seed":false,"campfire_upgraded":3,"win_rate":0.0,"timestamp":1607737314,"path_taken":["M","?","M","M","M","R","E","R","T","?","?","R","M","?","R","BOSS","M","?","$","M","M","E"],"items_purchased_type":["Relic"],"build_version":"2020-11-30","purchased_purges":0,"victory":false,"max_hp_per_floor":[68,68,68,68,68,68,68,68,68,68,62,62,62,62,62,62,62,62,62,62,62,62,62,62],"card_choices":[{"not_picked":["Evaluate","BowlingBash"],"picked":"ThirdEye","floor":1},{"not_picked":["Protect","Crescendo"],"picked":"Consecrate","floor":3},{"not_picked":["EmptyFist","Prostrate"],"picked":"CutThroughFate","floor":4},{"not_picked":["Crescendo","EmptyFist"],"picked":"Tantrum","floor":5},{"not_picked":["BattleHymn","SashWhip"],"picked":"FlurryOfBlows","floor":7},{"not_picked":["Swivel","Pray"],"picked":"Study+1","floor":13},{"not_picked":["SpiritShield","Blasphemy"],"picked":"LessonLearned","floor":16},{"not_picked":["WreathOfFlame","ThirdEye"],"picked":"Halt","floor":18},{"not_picked":["Swivel","WaveOfTheHand","Perseverance"],"picked":"SKIP","floor":21},{"not_picked":["Perseverance","CrushJoints"],"picked":"InnerPeace+1","floor":22}],"player_experience":1748349,"relics_obtained":[{"floor":7,"key":"CeramicFish"},{"floor":9,"key":"Oddly Smooth Stone"},{"floor":10,"key":"Frozen Egg 2"}],"event_choices":[{"damage_healed":0,"gold_gain":0,"player_choice":"Entered Light","damage_taken":20,"max_hp_gain":0,"max_hp_loss":0,"event_name":"Shining Light","floor":2,"gold_loss":0,"cards_upgraded":["Eruption","Strike_P"]},{"damage_healed":0,"gold_gain":0,"player_choice":"Lose Max HP","damage_taken":0,"relics_obtained":["Golden Idol"],"max_hp_gain":0,"max_hp_loss":6,"event_name":"Golden Idol","floor":11,"gold_loss":0},{"damage_healed":0,"gold_gain":0,"player_choice":"Success","damage_taken":11,"relics_obtained":["White Beast Statue"],"max_hp_gain":0,"max_hp_loss":0,"event_name":"Scrap Ooze","floor":14,"gold_loss":0},{"cards_removed":["Strike_P"],"damage_healed":0,"gold_gain":0,"player_choice":"Offered Basic","damage_taken":0,"max_hp_gain":0,"max_hp_loss":0,"event_name":"Bonfire Elementals","floor":19,"gold_loss":0}],"is_beta":false,"boss_relics":[{"not_picked":["Coffee Dripper","Empty Cage"],"picked":"HolyWater"}],"items_purged_floors":[],"is_endless":false,"potions_floor_spawned":[5,16,18,21,22],"killed_by":"Gremlin Leader","ascension_level":20}}