{"host":"63howft1cojq0ioc","time":1607747559,"event":{"mods":["Act Like it!","Aspiration","BaseMod","DeckTracker","Downfall","Hermit","Infinite Spire","Minty Spire (QoL Compilation)","Quick Restart","Relic Stats","Replay The Spire","StSLib","SuperFastMode","The Jungle"],"gold_per_floor":[110,129,139,155,155,185,185,185,233,267,312,323,323,341,341,453,453,474,486,511,527,527,527,527,527,579,579,620,646,648,673,673,581,581],"floor_reached":33,"playtime":1017,"items_purged":[],"score":365,"play_id":"ebdb2554-3298-4a36-8fba-6ec504d141cc","local_time":"20201212023239","is_ascension_mode":true,"campfire_choices":[{"floor":7.0,"key":"REST"},{"floor":13.0,"key":"REST"},{"data":"Spot Weakness","floor":15.0,"key":"SMITH"},{"floor":23.0,"key":"REST"},{"floor":25.0,"key":"REST"}],"circlet_count":0,"master_deck":["Strike_R","Strike_R","Strike_R","Strike_R","Strike_R","Defend_R","Defend_R","Defend_R","Defend_R","Bash","Thunderclap","Spot Weakness+1","infinitespire:FutureSight","Pot Of Greed","Pot Of Greed","Anger","Anger","CurseOfTheBell","Spreading Infection","Rampage+1","Anger+1","Flex+1"],"relics":["Burning Blood","NeowsBlessing","PreservedInsect","Oddly Smooth Stone","Grinning Jar","infinitespire:Midas Blood","Calling Bell","Vajra","Self Forming Clay","TungstenRod","Chemical X","Ring of Misfortune","Ring of Fury","infinitespire:Beetle Shell","Regal Pillow"],"acts_visited":["Exordium","TheCity"],"potions_floor_usage":[29,33],"damage_taken":[{"damage":0.0,"enemies":"2 Louse","floor":1.0,"turns":1.0},{"damage":0.0,"enemies":"Jaw Worm","floor":2.0,"turns":1.0},{"damage":0.0,"enemies":"Cultist","floor":3.0,"turns":1.0},{"damage":11.0,"enemies":"Blue Slaver","floor":4.0,"turns":3.0},{"damage":35.0,"enemies":"3 Sentries","floor":6.0,"turns":5.0},{"damage":12.0,"enemies":"Gremlin Nob","floor":10.0,"turns":2.0},{"damage":0.0,"enemies":"Exordium Wildlife","floor":12.0,"turns":2.0},{"damage":11.0,"enemies":"3 Louse","floor":14.0,"turns":2.0},{"damage":40.0,"enemies":"Fading Forest","floor":16.0,"turns":11.0},{"damage":28.0,"enemies":"Shell Parasite","floor":18.0,"turns":5.0},{"damage":11.0,"enemies":"Chosen","floor":19.0,"turns":4.0},{"damage":25.0,"enemies":"Centurion and Healer","floor":20.0,"turns":8.0},{"damage":26.0,"enemies":"3 Cultists","floor":21.0,"turns":5.0},{"damage":25.0,"enemies":"Book of Stabbing","floor":28.0,"turns":4.0},{"damage":17,"enemies":"Cultist and Chosen","floor":29,"turns":5},{"damage":11,"enemies":"Colosseum Slavers","floor":30,"turns":4},{"damage":18,"enemies":"Snake Plant","floor":31,"turns":3},{"damage":63,"enemies":"Automaton","floor":33,"turns":6}],"seed_played":"-2434414828760955667","potions_obtained":[{"floor":2.0,"key":"ColorlessPotion"},{"floor":6.0,"key":"Death Potion"},{"floor":11.0,"key":"EntropicBrew"},{"floor":12.0,"key":"SkillPotion"},{"floor":14.0,"key":"ColorlessPotion"},{"floor":19.0,"key":"ElixirPotion"},{"floor":28,"key":"Weak Potion"},{"floor":31,"key":"Block Potion"}],"is_trial":false,"path_per_floor":["M","M","M","M","?","E","R","?","T","E","?","M","R","M","R","B",null,"M","M","M","M","AVR","R","?","R","T","?","E","M","?","M","R","B"],"character_chosen":"IRONCLAD","items_purchased":[],"campfire_rested":4,"item_purchase_floors":[],"current_hp_per_floor":[80,80,80,75,54,25,49,57,57,51,31,37,61,56,56,30,80,58,53,34,14,14,38,38,62,62,62,43,32,27,15,54,0,0],"gold":581,"neow_bonus":"THREE_ENEMY_KILL","is_daily":false,"chose_seed":false,"campfire_upgraded":1,"win_rate":0.0,"timestamp":1607747559,"path_taken":["M","M","M","M","?","E","R","?","T","E","?","M","R","M","R","BOSS","M","M","M","M","AVR","R","?","R","T","?","E","M","?","M","R","BOSS"],"items_purchased_type":[],"build_version":"2020-11-30","purchased_purges":0,"victory":false,"max_hp_per_floor":[80,80,80,80,80,80,80,80,80,80,80,80,80,80,80,80,80,80,80,80,80,80,80,80,80,80,80,80,80,80,80,80,80,80],"relic_stats":{"Regal Pillow":15,"counters":[18,72],"Self Forming Clay":[81],"PreservedInsect":62,"Chemical X":[0],"obtain_stats":[{"Regal Pillow":28,"NeowsBlessing":0,"Self Forming Clay":17,"Oddly Smooth Stone":9,"Vajra":17,"PreservedInsect":6,"infinitespire:Beetle Shell":26,"Burning Blood":0,"Calling Bell":17,"Ring of Misfortune":24,"Ring of Fury":24,"Chemical X":22,"Grinning Jar":10,"TungstenRod":17,"infinitespire:Midas Blood":11},{"Regal Pillow":14,"NeowsBlessing":0,"Self Forming Clay":9,"Oddly Smooth Stone":5,"Vajra":9,"PreservedInsect":5,"infinitespire:Beetle Shell":13,"Burning Blood":0,"Calling Bell":9,"Ring of Misfortune":13,"Ring of Fury":13,"Chemical X":13,"Grinning Jar":6,"TungstenRod":9,"infinitespire:Midas Blood":6},{"Regal Pillow":54,"NeowsBlessing":0,"Self Forming Clay":28,"Oddly Smooth Stone":11,"Vajra":28,"PreservedInsect":11,"infinitespire:Beetle Shell":50,"Burning Blood":0,"Calling Bell":28,"Ring of Misfortune":50,"Ring of Fury":50,"Chemical X":50,"Grinning Jar":13,"TungstenRod":28,"infinitespire:Midas Blood":13}],"Burning Blood":84,"TungstenRod":31},"card_choices":[{"not_picked":["True Grit","Run Through","Wild Strike"],"picked":"SKIP","floor":1.0},{"not_picked":["ReplayReversal","Dark Embrace"],"picked":"Thunderclap","floor":2.0},{"not_picked":["Armaments","Heavy Blade"],"picked":"Spot Weakness","floor":3.0},{"not_picked":["Burning Pact","Clothesline","Headbutt"],"picked":"SKIP","floor":4.0},{"not_picked":["ReplayTheSpireMod:Echoes of Time","infinitespire:SevenWalls"],"picked":"infinitespire:FutureSight","floor":5.0},{"not_picked":["ReplayTheSpireMod:LeadingStrike","Bludgeon","Clothesline"],"picked":"SKIP","floor":6.0},{"not_picked":["Abandon","Havoc"],"picked":"Anger","floor":10.0},{"not_picked":["Metallicize","Replay:Undeath\u0027s Touch"],"picked":"Anger","floor":11.0},{"not_picked":["Power Through","Flame Barrier","Armaments"],"picked":"SKIP","floor":12.0},{"not_picked":["Clothesline","Dual Wield","Fire Breathing"],"picked":"SKIP","floor":14.0},{"not_picked":["Clothesline","Iron Wave","Perfected Strike"],"picked":"SKIP","floor":18.0},{"not_picked":["Feel No Pain","Rupture","ReplayTheSpireMod:LeadingStrike+1"],"picked":"SKIP","floor":19.0},{"not_picked":["Heavy Blade","Wild Strike","Barricade"],"picked":"SKIP","floor":20.0},{"not_picked":["Havoc","Seeing Red","Sentinel+1"],"picked":"SKIP","floor":21.0},{"not_picked":["Barricade","Run Through+1"],"picked":"Rampage","floor":28},{"not_picked":["Pommel Strike","Thunderclap+1"],"picked":"Anger+1","floor":29},{"not_picked":["infinitespire:OneForAll","Sword Boomerang"],"picked":"Flex+1","floor":31}],"player_experience":84985,"relics_obtained":[{"floor":6.0,"key":"PreservedInsect"},{"floor":9.0,"key":"Oddly Smooth Stone"},{"floor":10.0,"key":"Grinning Jar"},{"floor":11.0,"key":"infinitespire:Midas Blood"},{"floor":17.0,"key":"Vajra"},{"floor":17.0,"key":"Self Forming Clay"},{"floor":17.0,"key":"TungstenRod"},{"floor":24.0,"key":"Ring of Misfortune"},{"floor":24.0,"key":"Ring of Fury"},{"floor":26.0,"key":"infinitespire:Beetle Shell"},{"floor":28,"key":"Regal Pillow"}],"event_choices":[{"damage_healed":0,"gold_gain":0,"player_choice":"Fight","damage_taken":0,"max_hp_gain":0,"max_hp_loss":0,"event_name":"Colosseum","floor":30,"gold_loss":0},{"damage_healed":0,"gold_gain":0,"player_choice":"Fled From Nobs","damage_taken":0,"max_hp_gain":0,"max_hp_loss":0,"event_name":"Colosseum","floor":30,"gold_loss":0}],"is_beta":false,"boss_relics":[{"not_picked":["Snecko Eye","aspiration:SecretTechniqueScroll"],"picked":"Calling Bell"}],"items_purged_floors":[],"is_endless":false,"potions_floor_spawned":[2,6,12,14,19,28,30,31],"killed_by":"Automaton","ascension_level":4}}