{"host":"szp1d6dso4pv7ddl","time":1607757216,"event":{"mods":["AchievementEnabler","Alarm Clock","BaseMod","Bestiary","Block Reminder","Colored Map","Colored Powertips","Curses Come First","Displayed Cursed Tome","Highlight Path","Minty Spire (QoL Compilation)","Permanent Neow","Quick Restart","Relic Stats","StSLib"],"gold_per_floor":[115,115,127,127,127,127,88,126,126,126,126,142,166,132,132,262,262,187,208,208,208],"floor_reached":20,"playtime":725,"items_purged":[],"score":229,"play_id":"f95ce4de-ecfb-4a70-8e66-841a199c3df5","local_time":"20201211231336","is_ascension_mode":true,"campfire_choices":[{"floor":6,"key":"REST"},{"floor":15,"key":"REST"}],"circlet_count":0,"master_deck":["Strike_B","Strike_B","Strike_B","Defend_B","Defend_B","Defend_B","Defend_B","Zap","Dualcast","Self Repair","Streamline","Hologram","Static Discharge","Self Repair","Core Surge"],"relics":["FrozenCore","Golden Idol","Du-Vu Doll","Blue Candle","Pear","Girya"],"acts_visited":["Exordium","TheCity"],"potions_floor_usage":[13,20],"damage_taken":[{"damage":11,"enemies":"2 Louse","floor":1,"turns":2},{"damage":1,"enemies":"Cultist","floor":3,"turns":3},{"damage":56,"enemies":"Gremlin Nob","floor":8,"turns":5},{"damage":4,"enemies":"Small Slimes","floor":12,"turns":4},{"damage":11,"enemies":"2 Fungi Beasts","floor":13,"turns":4},{"damage":76,"enemies":"Hexaghost","floor":16,"turns":9},{"damage":40,"enemies":"2 Thieves","floor":18,"turns":5},{"damage":22,"enemies":"Spheric Guardian","floor":19,"turns":6},{"damage":71,"enemies":"Masked Bandits","floor":20,"turns":4}],"seed_played":"1656174591886722778","potions_obtained":[{"floor":8,"key":"Regen Potion"},{"floor":13,"key":"Dexterity Potion"}],"is_trial":false,"path_per_floor":["M","?","M","?","?","R","$","E","T","?","T","M","M","$","R","B",null,"M","M","?"],"character_chosen":"DEFECT","items_purchased":["Self Repair","Self Repair"],"campfire_rested":2,"item_purchase_floors":[7,14],"current_hp_per_floor":[57,57,56,34,31,57,57,8,18,51,51,54,62,62,91,29,99,73,65,0,0],"gold":208,"neow_bonus":"TWENTY_PERCENT_HP_BONUS","is_daily":false,"chose_seed":false,"campfire_upgraded":0,"win_rate":0.0,"timestamp":1607757216,"path_taken":["M","?","?","?","?","R","$","E","T","?","?","M","M","$","R","BOSS","M","M","?"],"items_purchased_type":["Card","Card"],"build_version":"2020-11-30","purchased_purges":0,"victory":false,"max_hp_per_floor":[89,89,89,89,89,89,89,89,99,99,99,99,99,99,99,99,99,99,99,99,99],"relic_stats":{"counters":[9,42],"Golden Idol":55,"Blue Candle":[0],"obtain_stats":[{"Du-Vu Doll":5,"Girya":11,"Pear":9,"Golden Idol":4,"Blue Candle":8,"Cracked Core":0,"FrozenCore":17},{"Du-Vu Doll":2,"Girya":3,"Pear":3,"Golden Idol":2,"Blue Candle":3,"Cracked Core":0,"FrozenCore":6},{"Du-Vu Doll":5,"Girya":10,"Pear":10,"Golden Idol":5,"Blue Candle":10,"Cracked Core":0,"FrozenCore":27}],"FrozenCore":[8]},"card_choices":[{"not_picked":["Go for the Eyes","Compile Driver","Barrage"],"picked":"SKIP","floor":1},{"not_picked":["White Noise","Streamline","Undo"],"picked":"SKIP","floor":3},{"not_picked":["Cold Snap","Compile Driver"],"picked":"Streamline","floor":8},{"not_picked":["Steam","Turbo"],"picked":"Hologram","floor":12},{"not_picked":["Beam Cell","Glacier"],"picked":"Static Discharge","floor":13},{"not_picked":["Multi-Cast","Fission"],"picked":"Core Surge","floor":16},{"not_picked":["Go for the Eyes+1","Gash","Genetic Algorithm+1"],"picked":"SKIP","floor":18},{"not_picked":["Ball Lightning+1","Steam Power","Chaos"],"picked":"SKIP","floor":19}],"player_experience":925340,"relics_obtained":[{"floor":8,"key":"Blue Candle"},{"floor":9,"key":"Pear"},{"floor":11,"key":"Girya"}],"event_choices":[{"cards_removed":["Strike_B"],"damage_healed":0,"gold_gain":0,"player_choice":"Offered Basic","damage_taken":0,"max_hp_gain":0,"max_hp_loss":0,"event_name":"Bonfire Elementals","floor":2,"gold_loss":0},{"damage_healed":0,"gold_gain":0,"player_choice":"Take Damage","damage_taken":22,"relics_obtained":["Golden Idol"],"max_hp_gain":0,"max_hp_loss":0,"event_name":"Golden Idol","floor":4,"gold_loss":0},{"damage_healed":0,"gold_gain":0,"player_choice":"Success","damage_taken":3,"relics_obtained":["Du-Vu Doll"],"max_hp_gain":0,"max_hp_loss":0,"event_name":"Scrap Ooze","floor":5,"gold_loss":0},{"damage_healed":33,"gold_gain":0,"player_choice":"Banana","damage_taken":0,"max_hp_gain":0,"max_hp_loss":0,"event_name":"Big Fish","floor":10,"gold_loss":0},{"damage_healed":0,"gold_gain":0,"player_choice":"Fought Bandits","damage_taken":0,"max_hp_gain":0,"max_hp_loss":0,"event_name":"Masked Bandits","floor":20,"gold_loss":0}],"is_beta":false,"boss_relics":[{"not_picked":["SlaversCollar","SacredBark"],"picked":"FrozenCore"}],"items_purged_floors":[],"is_endless":false,"potions_floor_spawned":[8,13],"killed_by":"Masked Bandits","ascension_level":4}}