{"host":"92108ef2q9tm8rod","time":1607800346,"event":{"mods":["BaseMod","Defuse TimeMaze Blight","Minty Spire (QoL Compilation)","StSLib","The Jungle"],"gold_per_floor":[114,114,124,139,155,155,190,190,190,190,190,190,233,233,233,361,361,376,301,324,324,74,74,95,129,181,181,181,181,222,253,253,378,378,392,0,18,18,33,33,56,95,119,119,143,143,81,102,102,102],"floor_reached":51,"playtime":2441,"items_purged":["Backflip","Bandage Up"],"score":1266,"play_id":"4833f35c-9f52-49c8-8357-887ed9efd664","local_time":"20201212191226","daily_mods":["SealedDeck","Colorless Cards","Heirloom","Flight"],"is_ascension_mode":false,"campfire_choices":[{"data":"Tactician","floor":6,"key":"SMITH"},{"data":"Catalyst","floor":10,"key":"SMITH"},{"data":"Dodge and Roll","floor":11,"key":"SMITH"},{"data":"Deadly Poison","floor":12,"key":"SMITH"},{"floor":15,"key":"REST"},{"data":"Acrobatics","floor":23,"key":"SMITH"},{"data":"Footwork","floor":27,"key":"SMITH"},{"data":"Backflip","floor":28,"key":"SMITH"},{"data":"Poisoned Stab","floor":29,"key":"SMITH"},{"data":"Bane","floor":32,"key":"SMITH"},{"floor":40,"key":"REST"},{"floor":44,"key":"REST"},{"floor":46,"key":"REST"},{"data":"Noxious Fumes","floor":49,"key":"SMITH"}],"circlet_count":0,"master_deck":["Dodge and Roll+1","Backflip+1","Footwork+1","Bane+1","Poisoned Stab+1","Tactician+1","Acrobatics+1","Catalyst+1","Deadly Poison+1","Noxious Fumes+1"],"relics":["Ring of the Serpent","The Specimen","Centennial Puzzle","FossilizedHelix","Golden Idol","Shuriken","InkBottle","Busted Crown","Oddly Smooth Stone","The Courier","MealTicket","Bronze Scales","Incense Burner","Red Mask","Toxic Egg 2","Bag of Preparation"],"acts_visited":["Exordium","Exordium","TheBeyond"],"potions_floor_usage":[7,7,13,41,50,50],"damage_taken":[{"damage":0,"enemies":"2 Louse","floor":1,"turns":3},{"damage":0,"enemies":"Small Slimes","floor":3,"turns":3},{"damage":0,"enemies":"Jaw Worm","floor":4,"turns":3},{"damage":0,"enemies":"Exordium Wildlife","floor":5,"turns":7},{"damage":1,"enemies":"3 Sentries","floor":7,"turns":8},{"damage":0,"enemies":"Gremlin Nob","floor":13,"turns":4},{"damage":0,"enemies":"Slime Boss","floor":16,"turns":8},{"damage":0,"enemies":"theJungle:MUSHROOMGANG","floor":18,"turns":3},{"damage":0,"enemies":"theJungle:GiantWrat","floor":20,"turns":2},{"damage":0,"enemies":"theJungle:JungleHuntersEncounter","floor":24,"turns":2},{"damage":0,"enemies":"theJungle:Cassacara","floor":25,"turns":3},{"damage":0,"enemies":"theJungle:MamaSnecko","floor":30,"turns":2},{"damage":0,"enemies":"theJungle:Cassacara","floor":31,"turns":2},{"damage":0,"enemies":"theJungle:FunGuy","floor":33,"turns":4},{"damage":0,"enemies":"Orb Walker","floor":35,"turns":2},{"damage":0,"enemies":"3 Shapes","floor":37,"turns":2},{"damage":0,"enemies":"Sphere and 2 Shapes","floor":39,"turns":2},{"damage":0,"enemies":"Jaw Worm Horde","floor":41,"turns":3},{"damage":0,"enemies":"Nemesis","floor":42,"turns":3},{"damage":0,"enemies":"4 Shapes","floor":45,"turns":4},{"damage":0,"enemies":"Transient","floor":48,"turns":5},{"damage":0,"enemies":"Awakened One","floor":50,"turns":6}],"seed_played":"-8229856593299440535","potions_obtained":[{"floor":1,"key":"Explosive Potion"},{"floor":3,"key":"Energy Potion"},{"floor":7,"key":"Block Potion"},{"floor":18,"key":"SteroidPotion"},{"floor":20,"key":"ColorlessPotion"},{"floor":31,"key":"Ancient Potion"},{"floor":41,"key":"Fruit Juice"},{"floor":42,"key":"Swift Potion"}],"is_trial":true,"path_per_floor":["M","?","M","M","M","R","E","?","T","R","R","R","E","?","R","B",null,"M","$","M","?","$","R","M","E","T","R","R","R","E","E","R","B",null,"M","?","M","?","M","R","M","E","T","R","M","R","$","M","R","B",null],"character_chosen":"THE_SILENT","items_purchased":["Oddly Smooth Stone","Noxious Fumes"],"campfire_rested":4,"item_purchase_floors":[22,47],"current_hp_per_floor":[70,63,67,70,70,70,70,53,53,53,53,53,57,57,70,70,70,70,70,70,70,70,70,70,70,70,70,70,70,70,70,70,70,70,70,70,70,70,70,70,75,75,75,75,75,75,75,75,75,75],"gold":102,"neow_bonus":"","is_daily":false,"chose_seed":false,"campfire_upgraded":10,"win_rate":0.0,"timestamp":1607800346,"path_taken":["M","?","M","M","M","R","E","?","T","R","R","R","E","?","R","BOSS","M","$","M","?","$","R","M","E","T","R","R","R","E","E","R","BOSS","M","?","M","?","M","R","M","E","T","R","M","R","$","M","R","BOSS"],"items_purchased_type":["Relic","Card"],"build_version":"2020-11-30","purchased_purges":2,"victory":true,"max_hp_per_floor":[70,70,70,70,70,70,70,70,70,70,70,70,70,70,70,70,70,70,70,70,70,70,70,70,70,70,70,70,70,70,70,70,70,70,70,70,70,70,70,70,75,75,75,75,75,75,75,75,75,75],"card_choices":[{"not_picked":["Deflect","Dagger Throw"],"picked":"Deadly Poison","floor":1},{"not_picked":["Caltrops","Flying Knee","Poisoned Stab"],"picked":"SKIP","floor":3},{"not_picked":["Blade Dance","Sucker Punch","Dagger Throw"],"picked":"SKIP","floor":4},{"not_picked":["Flechettes","Dramatic Entrance","Backflip"],"picked":"SKIP","floor":5},{"not_picked":["Sucker Punch","Dark Shackles","Backflip"],"picked":"SKIP","floor":7},{"not_picked":["Quick Slash","Outmaneuver","Blade Dance"],"picked":"SKIP","floor":13},{"not_picked":["Blade Dance"],"picked":"SKIP","floor":18},{"not_picked":["PiercingWail+1"],"picked":"SKIP","floor":20},{"not_picked":["Poisoned Stab"],"picked":"SKIP","floor":24},{"not_picked":["Skewer"],"picked":"SKIP","floor":25},{"not_picked":["The Bomb"],"picked":"SKIP","floor":30},{"not_picked":["After Image"],"picked":"SKIP","floor":31},{"not_picked":["Slice+1"],"picked":"SKIP","floor":35},{"not_picked":["Flechettes"],"picked":"SKIP","floor":37},{"not_picked":["Well Laid Plans"],"picked":"SKIP","floor":39},{"not_picked":["Riddle With Holes"],"picked":"SKIP","floor":41},{"not_picked":["Expertise+1"],"picked":"SKIP","floor":42},{"not_picked":["Poisoned Stab+1"],"picked":"SKIP","floor":45},{"not_picked":["Caltrops"],"picked":"SKIP","floor":48}],"player_experience":3148083,"relics_obtained":[{"floor":7,"key":"FossilizedHelix"},{"floor":9,"key":"Shuriken"},{"floor":13,"key":"InkBottle"},{"floor":25,"key":"The Courier"},{"floor":26,"key":"MealTicket"},{"floor":30,"key":"Bronze Scales"},{"floor":31,"key":"Incense Burner"},{"floor":42,"key":"Toxic Egg 2"},{"floor":43,"key":"Bag of Preparation"}],"event_choices":[{"damage_healed":0,"gold_gain":0,"player_choice":"Success","damage_taken":7,"relics_obtained":["Centennial Puzzle"],"max_hp_gain":0,"max_hp_loss":0,"event_name":"Scrap Ooze","floor":2,"gold_loss":0},{"damage_healed":0,"gold_gain":0,"player_choice":"Take Damage","damage_taken":17,"relics_obtained":["Golden Idol"],"max_hp_gain":0,"max_hp_loss":0,"event_name":"Golden Idol","floor":8,"gold_loss":0},{"damage_healed":0,"gold_gain":0,"player_choice":"Searched \u00270\u0027 times","damage_taken":0,"max_hp_gain":0,"max_hp_loss":0,"event_name":"Dead Adventurer","floor":14,"gold_loss":0},{"damage_healed":0,"gold_gain":0,"player_choice":"Paid","damage_taken":0,"relics_obtained":["Red Mask"],"max_hp_gain":0,"max_hp_loss":0,"event_name":"Tomb of Lord Red Mask","floor":36,"gold_loss":392},{"damage_healed":0,"gold_gain":0,"player_choice":"Ignored","damage_taken":0,"max_hp_gain":0,"max_hp_loss":0,"event_name":"Transmorgrifier","floor":38,"gold_loss":0}],"is_beta":false,"boss_relics":[{"not_picked":["HoveringKite","Empty Cage"],"picked":"Busted Crown"},{"not_picked":["Runic Dome","SlaversCollar"],"picked":"Ring of the Serpent"}],"items_purged_floors":[19,22],"is_endless":false,"potions_floor_spawned":[1,3,7,18,20,31,41,42,48],"ascension_level":0}}