{"host":"jrmqsbok61y7b34d","time":1607800830,"event":{"mods":["BaseMod","Colored Map","Colored Powertips","Emptier Cage","Minty Spire (QoL Compilation)","Permanent Neow","Quick Restart","Relic Stats","StSLib","Unceasing Turn Reminder"],"gold_per_floor":[118,128,128,4,16,16,44,44,71,97,97,124,144,144,144,249,249,261,276,276,276,293,293,38,57,57,73,105,27,53,73,73,169,169,186,56,70,0,47,47,80,80,80,80,80,80,93,111,111,111],"floor_reached":51,"playtime":15827,"items_purged":["Strike_R","Strike_R"],"score":1015,"play_id":"5c9faef8-895a-4b73-8af6-0a8d34e53852","local_time":"20201212192030","is_ascension_mode":true,"campfire_choices":[{"data":"Flame Barrier","floor":6.0,"key":"SMITH"},{"data":"Cleave","floor":8.0,"key":"SMITH"},{"data":"Brutality","floor":11.0,"key":"SMITH"},{"data":"Carnage","floor":15.0,"key":"SMITH"},{"data":"Corruption","floor":23,"key":"SMITH"},{"data":"Rupture","floor":32,"key":"SMITH"},{"data":"Disarm","floor":40,"key":"SMITH"},{"data":"Dark Embrace","floor":42,"key":"SMITH"},{"data":"Sword Boomerang","floor":44,"key":"SMITH"},{"floor":49,"key":"REST"}],"circlet_count":0,"master_deck":["Defend_R","Defend_R","Defend_R","Defend_R","Bash+1","Power Through","Cleave+1","Flame Barrier+1","Sword Boomerang+1","Brutality+1","Carnage+1","Disarm+1","Corruption+1","Wild Strike+1","Havoc+1","Reckless Charge+1","Seeing Red","Shrug It Off","Pommel Strike+1","True Grit+1","Rupture+1","True Grit+1","Shrug It Off","Burning Pact+1","Dark Embrace+1","Sword Boomerang+1","Havoc+1","Rupture+1"],"relics":["Burning Blood","MealTicket","Omamori","Ancient Tea Set","Blue Candle","Matryoshka","Happy Flower","Astrolabe","Strawberry","Mango","Vajra","Sundial","StoneCalendar","Centennial Puzzle","Cursed Key","Red Mask","Ginger","Red Skull"],"acts_visited":["Exordium","TheCity","TheBeyond"],"potions_floor_usage":[22,28,33,35,50,50],"damage_taken":[{"damage":8.0,"enemies":"Jaw Worm","floor":1.0,"turns":5.0},{"damage":1.0,"enemies":"Cultist","floor":2.0,"turns":3.0},{"damage":10.0,"enemies":"Small Slimes","floor":5.0,"turns":4.0},{"damage":28.0,"enemies":"3 Sentries","floor":7.0,"turns":9.0},{"damage":26.0,"enemies":"Lagavulin","floor":10.0,"turns":7.0},{"damage":26.0,"enemies":"3 Sentries","floor":12.0,"turns":12.0},{"damage":0.0,"enemies":"2 Fungi Beasts","floor":13.0,"turns":2.0},{"damage":21.0,"enemies":"Hexaghost","floor":16.0,"turns":9.0},{"damage":19.0,"enemies":"2 Thieves","floor":18.0,"turns":4.0},{"damage":2.0,"enemies":"Spheric Guardian","floor":19.0,"turns":3.0},{"damage":13,"enemies":"Centurion and Healer","floor":22,"turns":5},{"damage":10,"enemies":"3 Cultists","floor":25,"turns":5},{"damage":15,"enemies":"Cultist and Chosen","floor":27,"turns":5},{"damage":5,"enemies":"Book of Stabbing","floor":28,"turns":4},{"damage":24,"enemies":"Slavers","floor":30,"turns":6},{"damage":2,"enemies":"Snecko","floor":31,"turns":3},{"damage":50,"enemies":"Collector","floor":33,"turns":7},{"damage":29,"enemies":"3 Darklings","floor":35,"turns":4},{"damage":2,"enemies":"3 Shapes","floor":37,"turns":4},{"damage":4,"enemies":"2 Orb Walkers","floor":39,"turns":5},{"damage":4,"enemies":"Giant Head","floor":41,"turns":4},{"damage":10,"enemies":"3 Darklings","floor":47,"turns":4},{"damage":35,"enemies":"Transient","floor":48,"turns":5},{"damage":20,"enemies":"Donu and Deca","floor":50,"turns":6}],"seed_played":"-3928472777410963438","potions_obtained":[{"floor":2.0,"key":"ColorlessPotion"},{"floor":5.0,"key":"ElixirPotion"},{"floor":10.0,"key":"Swift Potion"},{"floor":12.0,"key":"BloodPotion"},{"floor":16.0,"key":"FearPotion"},{"floor":18.0,"key":"SkillPotion"},{"floor":19.0,"key":"LiquidBronze"},{"floor":28,"key":"Energy Potion"},{"floor":33,"key":"Explosive Potion"},{"floor":35,"key":"Explosive Potion"},{"floor":37,"key":"LiquidBronze"},{"floor":39,"key":"ElixirPotion"},{"floor":48,"key":"Dexterity Potion"}],"is_trial":false,"path_per_floor":["M","M","?","$","M","R","E","R","T","E","R","E","M","T","R","B",null,"M","M","?","T","M","R","$","M","T","M","E","$","E","M","R","B",null,"M","$","M","?","?","R","E","R","T","R","?","$","M","M","R","B",null],"character_chosen":"IRONCLAD","items_purchased":["Cleave","Vajra","Rupture","Dark Embrace","Shrug It Off"],"campfire_rested":1,"item_purchase_floors":[4,24,29,36,36],"current_hp_per_floor":[70,75,75,80,76,76,54,54,54,34,34,14,20,20,20,21,65,52,56,56,77,70,70,85,81,81,72,73,88,70,74,74,30,83,60,75,79,79,81,81,83,83,83,83,83,98,94,65,95,81],"gold":111,"neow_bonus":"UPGRADE_CARD","is_daily":false,"chose_seed":false,"campfire_upgraded":9,"win_rate":0.0,"timestamp":1607800830,"path_taken":["M","M","?","$","M","R","E","R","T","E","R","E","?","?","R","BOSS","M","M","?","?","M","R","$","M","T","M","E","$","E","?","R","BOSS","M","$","M","?","?","R","E","R","T","R","?","?","?","M","R","BOSS"],"items_purchased_type":["Card","Relic","Card","Card","Card"],"build_version":"2020-11-30","purchased_purges":2,"victory":true,"max_hp_per_floor":[80,80,80,80,80,80,80,80,80,80,80,80,80,80,80,80,80,80,80,80,101,101,101,101,101,101,101,101,101,101,101,101,101,101,101,101,101,101,101,101,101,101,101,101,101,101,101,101,101,101],"relic_stats":{"Centennial Puzzle":[27],"Happy Flower":[27],"counters":[24,125],"Sundial":[14],"Blue Candle":[0],"Astrolabe":["Wild Strike","Havoc","Reckless Charge"],"MealTicket":65,"StoneCalendar":[0],"Ginger":[1],"Cursed Key":0,"obtain_stats":[{"Happy Flower":14,"Blue Candle":10,"Astrolabe":17,"Vajra":24,"Mango":21,"StoneCalendar":28,"Omamori":7,"Ginger":39,"Ancient Tea Set":9,"Cursed Key":34,"Burning Blood":0,"Centennial Puzzle":30,"Matryoshka":12,"Sundial":26,"Strawberry":21,"MealTicket":3,"Red Mask":38,"Red Skull":41},{"Happy Flower":7,"Blue Candle":5,"Astrolabe":8,"Vajra":11,"Mango":10,"StoneCalendar":14,"Omamori":4,"Ginger":20,"Ancient Tea Set":4,"Cursed Key":17,"Burning Blood":0,"Centennial Puzzle":15,"Matryoshka":6,"Sundial":12,"Strawberry":10,"MealTicket":2,"Red Mask":19,"Red Skull":21},{"Happy Flower":42,"Blue Candle":28,"Astrolabe":51,"Vajra":63,"Mango":58,"StoneCalendar":77,"Omamori":21,"Ginger":106,"Ancient Tea Set":21,"Cursed Key":93,"Burning Blood":0,"Centennial Puzzle":83,"Matryoshka":40,"Sundial":68,"Strawberry":58,"MealTicket":8,"Red Mask":101,"Red Skull":110}],"Burning Blood":144},"card_choices":[{"not_picked":["Anger","Intimidate","Havoc"],"picked":"SKIP","floor":1.0},{"not_picked":["Clash","Perfected Strike"],"picked":"Power Through","floor":2.0},{"not_picked":["Shrug It Off","Warcry"],"picked":"Flame Barrier","floor":5.0},{"not_picked":["Pummel","Ghostly Armor"],"picked":"Sword Boomerang","floor":7.0},{"not_picked":["Pommel Strike","Evolve"],"picked":"Brutality","floor":10.0},{"not_picked":["Clash","Dropkick"],"picked":"Carnage","floor":12.0},{"not_picked":["Clash","Clothesline"],"picked":"Disarm","floor":13.0},{"not_picked":["Feed","Impervious"],"picked":"Corruption","floor":16.0},{"not_picked":["Flex","Clash","Blood for Blood"],"picked":"SKIP","floor":18.0},{"not_picked":["Flex","Clash","Blood for Blood"],"picked":"SKIP","floor":18.0},{"not_picked":["Havoc","Body Slam","Thunderclap"],"picked":"SKIP","floor":19.0},{"not_picked":["Anger","Combust"],"picked":"Seeing Red","floor":22},{"not_picked":["Pummel","Clothesline"],"picked":"Shrug It Off","floor":25},{"not_picked":["Dropkick","Heavy Blade"],"picked":"Pommel Strike+1","floor":27},{"not_picked":["Clash","Headbutt"],"picked":"True Grit+1","floor":28},{"not_picked":["Bludgeon","Flex"],"picked":"True Grit+1","floor":30},{"not_picked":["Rupture+1","Headbutt"],"picked":"Shrug It Off","floor":31},{"not_picked":["Iron Wave","Reckless Charge"],"picked":"Burning Pact+1","floor":35},{"not_picked":["True Grit","Anger+1","Thunderclap"],"picked":"SKIP","floor":37},{"not_picked":["True Grit","Heavy Blade+1"],"picked":"Sword Boomerang+1","floor":41},{"not_picked":["Headbutt","Spot Weakness+1"],"picked":"Havoc+1","floor":47},{"not_picked":["True Grit","Thunderclap"],"picked":"Rupture+1","floor":48}],"player_experience":916613,"relics_obtained":[{"floor":7.0,"key":"Omamori"},{"floor":9.0,"key":"Ancient Tea Set"},{"floor":10.0,"key":"Blue Candle"},{"floor":12.0,"key":"Matryoshka"},{"floor":14.0,"key":"Happy Flower"},{"floor":21.0,"key":"Strawberry"},{"floor":21.0,"key":"Mango"},{"floor":26,"key":"Sundial"},{"floor":28,"key":"StoneCalendar"},{"floor":30,"key":"Centennial Puzzle"},{"floor":39,"key":"Ginger"},{"floor":41,"key":"Red Skull"}],"event_choices":[{"damage_healed":0.0,"max_hp_gain":0.0,"max_hp_loss":0.0,"gold_gain":0.0,"event_name":"WeMeetAgain","player_choice":"Gave Potion","floor":3.0,"gold_loss":0.0,"damage_taken":0.0,"relics_obtained":["MealTicket"]},{"damage_healed":0.0,"max_hp_gain":0.0,"max_hp_loss":0.0,"gold_gain":0.0,"event_name":"Ghosts","player_choice":"Ignored","floor":20.0,"gold_loss":0.0,"damage_taken":0.0},{"damage_healed":0,"gold_gain":0,"player_choice":"Paid","damage_taken":0,"relics_obtained":["Red Mask"],"max_hp_gain":0,"max_hp_loss":0,"event_name":"Tomb of Lord Red Mask","floor":38,"gold_loss":70},{"damage_healed":0,"gold_gain":0,"player_choice":"Fight","damage_taken":0,"max_hp_gain":0,"max_hp_loss":0,"event_name":"Mysterious Sphere","floor":39,"gold_loss":0},{"cards_removed":["Shrug It Off"],"damage_healed":0,"gold_gain":0,"player_choice":"Removed Skill","damage_taken":0,"max_hp_gain":0,"max_hp_loss":0,"event_name":"Falling","floor":45,"gold_loss":0}],"is_beta":false,"boss_relics":[{"not_picked":["Velvet Choker","Black Blood"],"picked":"Astrolabe"},{"not_picked":["Black Star","Sozu"],"picked":"Cursed Key"}],"items_purged_floors":[4,24],"is_endless":false,"potions_floor_spawned":[2,5,10,12,16,18,19,28,33,35,37,39,48],"ascension_level":9}}