{"host":"at64dhdf9kc8hjax","time":1607781645,"event":{"mods":["Act Like it!","BaseMod","Dota2Spire","Friendly Minions","Gensokyo","Highlight Path","Minty Spire (QoL Compilation)","Quick Restart","RumiaBox-露米娅的神秘盒子","Spicy Shops","StSLib","SuperFastMode","【遗物卡牌】REMEMod"],"gold_per_floor":[115,131,131,131,131,131,141,141,211,211,237,237,263,41,41,140,140,150,150,179,179,189,189,189,189,214,214,229,242,242,254,254,352,352,365,587,801,12,12,12,23,23,23,54,67,67,85,97,97,97],"floor_reached":51,"playtime":4203,"items_purged":["Defend_G","Clumsy","Strike_G"],"score":938,"play_id":"3638e208-0f1d-4b8d-b867-ad65c7fc7269","local_time":"20201212220045","is_ascension_mode":true,"campfire_choices":[{"data":"REME_ACTH","floor":6.0,"key":"SMITH"},{"data":"Neutralize","floor":8.0,"key":"SMITH"},{"data":"Acrobatics","floor":10.0,"key":"SMITH"},{"data":"Dagger Throw","floor":12.0,"key":"SMITH"},{"data":"Endless Agony","floor":15.0,"key":"SMITH"},{"data":"Underhanded Strike","floor":23.0,"key":"SMITH"},{"data":"Terror","floor":27.0,"key":"SMITH"},{"data":"Noxious Fumes","floor":30.0,"key":"SMITH"},{"data":"Poisoned Stab","floor":32.0,"key":"SMITH"},{"data":"REME_Flogging","floor":40.0,"key":"SMITH"},{"data":"Underhanded Strike","floor":42.0,"key":"SMITH"},{"data":"Burst","floor":46.0,"key":"SMITH"},{"data":"Venomology","floor":49,"key":"SMITH"}],"circlet_count":0,"master_deck":["Strike_G","Strike_G","Strike_G","Defend_G","Defend_G","Defend_G","Defend_G","Survivor","Neutralize+1","REME_ACTH+1","Acrobatics+1","Reflex","Dagger Throw+1","Endless Agony+1","Corpse Explosion","Poisoned Stab+1","Noxious Fumes+1","Underhanded Strike+1","Terror+1","Backstab","Burst+1","Deadly Poison+1","REME_Flogging+1","Underhanded Strike+1","Footwork+1","Venomology+1"],"relics":["Ring of the Snake","REME_ComplimentaryCards","Dota2Spire:EchoSabre","Dota2Spire:CrimsonGuard","Turnip","Dota2Spire:MantaStyle","Orichalcum","Lizard Tail","Dota2Spire:PhaseBoots","HoveringKite","Vajra","Red Mask","Bag of Preparation","REME_DemonsWealth","TwistedFunnel","Snake Skull","Mango","Lantern","White Beast Statue","REME_PuzzleBoxRelic"],"acts_visited":["Exordium","TheCity","TheBeyond"],"potions_floor_usage":[50,50,50,50,50],"damage_taken":[{"damage":0.0,"enemies":"Cultist","floor":1.0,"turns":3.0},{"damage":0.0,"enemies":"Jaw Worm","floor":2.0,"turns":3.0},{"damage":0.0,"enemies":"2 Louse","floor":7.0,"turns":2.0},{"damage":7.0,"enemies":"Lagavulin","floor":11.0,"turns":8.0},{"damage":0.0,"enemies":"Gremlin Nob","floor":13.0,"turns":2.0},{"damage":14.0,"enemies":"The Guardian","floor":16.0,"turns":13.0},{"damage":2.0,"enemies":"2 Thieves","floor":18.0,"turns":3.0},{"damage":0.0,"enemies":"Masked Bandits","floor":20.0,"turns":3.0},{"damage":0.0,"enemies":"3 Byrds","floor":22.0,"turns":3.0},{"damage":2.0,"enemies":"Snecko","floor":28.0,"turns":4.0},{"damage":0.0,"enemies":"Chosen and Byrds","floor":29.0,"turns":3.0},{"damage":0.0,"enemies":"Snake Plant","floor":31.0,"turns":3.0},{"damage":15.0,"enemies":"Automaton","floor":33.0,"turns":6.0},{"damage":0.0,"enemies":"Orb Walker","floor":35.0,"turns":3.0},{"damage":0.0,"enemies":"3 Shapes","floor":37.0,"turns":2.0},{"damage":0.0,"enemies":"Maw","floor":41.0,"turns":4.0},{"damage":0.0,"enemies":"Reptomancer","floor":44.0,"turns":4.0},{"damage":0.0,"enemies":"4 Shapes","floor":45.0,"turns":2.0},{"damage":0.0,"enemies":"Jaw Worm Horde","floor":47.0,"turns":2.0},{"damage":0,"enemies":"Transient","floor":48,"turns":5},{"damage":57,"enemies":"Time Eater","floor":50,"turns":8}],"seed_played":"395238640671522900","potions_obtained":[{"floor":11.0,"key":"Explosive Potion"},{"floor":13.0,"key":"Ancient Potion"},{"floor":18.0,"key":"Dota2Spire:Clarity"},{"floor":28.0,"key":"ColorlessPotion"},{"floor":31.0,"key":"Fruit Juice"},{"floor":33.0,"key":"Fire Potion"},{"floor":35.0,"key":"EssenceOfSteel"},{"floor":44.0,"key":"Dota2Spire:Clarity"},{"floor":47.0,"key":"DuplicationPotion"}],"is_trial":false,"path_per_floor":["M","M","T","?","?","R","M","R","T","R","E","R","E","$","R","B",null,"M","?","?","?","M","R","?","?","T","R","M","M","R","M","R","B",null,"M","?","M","$","?","R","M","R","T","E","M","R","M","M","R","B",null],"character_chosen":"THE_SILENT","items_purchased":["Dota2Spire:PhaseBoots","TwistedFunnel","Snake Skull","REME_Flogging","Mango"],"campfire_rested":0,"item_purchase_floors":[14,38,38,38,38],"current_hp_per_floor":[63,63,63,51,51,51,51,51,51,51,44,44,44,44,44,30,60,58,58,58,58,58,58,58,45,45,45,43,43,43,43,43,28,63,63,63,63,77,77,77,77,77,77,77,77,77,77,77,77,20],"gold":97,"neow_bonus":"RANDOM_COMMON_RELIC","is_daily":false,"chose_seed":false,"campfire_upgraded":13,"win_rate":0.0,"timestamp":1607781645,"path_taken":["M","M","?","?","?","R","M","R","T","R","E","R","E","?","R","BOSS","M","?","?","?","?","R","?","?","T","R","M","M","R","M","R","BOSS","M","?","M","$","?","R","?","R","T","E","M","R","M","M","R","BOSS"],"items_purchased_type":["Relic","Relic","Relic","Card","Relic"],"build_version":"2020-11-30","purchased_purges":3,"victory":true,"max_hp_per_floor":[70,70,70,70,70,70,70,70,70,70,70,70,70,70,70,70,70,70,70,70,70,70,70,70,75,75,75,75,75,75,75,75,75,75,75,75,75,89,89,89,89,89,89,89,89,89,89,89,89,89],"card_choices":[{"not_picked":["Poisoned Stab","Blur"],"picked":"Acrobatics","floor":1.0},{"not_picked":["Infinite Blades","Dodge and Roll"],"picked":"Reflex","floor":2.0},{"not_picked":["Deflect","Flechettes","Dodge and Roll"],"picked":"SKIP","floor":7.0},{"not_picked":["Finisher","Slice"],"picked":"Dagger Throw","floor":11.0},{"not_picked":["Skewer","Dash"],"picked":"Endless Agony","floor":13.0},{"not_picked":["Unload","Malaise"],"picked":"Corpse Explosion","floor":16.0},{"not_picked":["Dodge and Roll","Expertise"],"picked":"Poisoned Stab","floor":18.0},{"not_picked":["Dagger Throw+1","Predator+1"],"picked":"Noxious Fumes","floor":20.0},{"not_picked":["Quick Slash","Prepared"],"picked":"Underhanded Strike","floor":22.0},{"not_picked":["Poisoned Stab+1","Backflip"],"picked":"Backstab","floor":28.0},{"not_picked":["Dodge and Roll","Outmaneuver","Blade Dance"],"picked":"SKIP","floor":29.0},{"not_picked":["Backflip","Deflect","PiercingWail"],"picked":"SKIP","floor":31.0},{"not_picked":["REME_GrazeFinale","Corpse Explosion"],"picked":"Burst","floor":33.0},{"not_picked":["Footwork+1","Dagger Spray+1","Regret"],"picked":"Deadly Poison+1","floor":35.0},{"not_picked":["Terror","Bane+1","Masterful Stab"],"picked":"Clumsy","floor":37.0},{"not_picked":["Crippling Poison+1","Outmaneuver+1","Decay"],"picked":"Underhanded Strike","floor":41.0},{"not_picked":["Dash","Blur","Clumsy"],"picked":"Footwork+1","floor":44.0},{"not_picked":["Skewer","Bane","PiercingWail","Writhe"],"picked":"SKIP","floor":45.0},{"not_picked":["Infinite Blades","Flying Knee+1","Riddle With Holes+1","Decay"],"picked":"SKIP","floor":47.0},{"not_picked":["Backflip+1","Bane+1","Regret"],"picked":"Venomology","floor":48}],"player_experience":190912,"relics_obtained":[{"floor":3.0,"key":"Dota2Spire:CrimsonGuard"},{"floor":9.0,"key":"Dota2Spire:MantaStyle"},{"floor":11.0,"key":"Orichalcum"},{"floor":13.0,"key":"Lizard Tail"},{"floor":20.0,"key":"Red Mask"},{"floor":26.0,"key":"Bag of Preparation"},{"floor":43.0,"key":"White Beast Statue"},{"floor":44.0,"key":"REME_PuzzleBoxRelic"}],"event_choices":[{"damage_healed":0.0,"max_hp_gain":0.0,"max_hp_loss":0.0,"gold_gain":0.0,"event_name":"Scrap Ooze","player_choice":"Success","floor":4.0,"gold_loss":0.0,"damage_taken":12.0,"relics_obtained":["Turnip"]},{"cards_removed":["Strike_G"],"damage_healed":0.0,"max_hp_gain":0.0,"max_hp_loss":0.0,"gold_gain":0.0,"event_name":"Living Wall","player_choice":"Forget","floor":5.0,"gold_loss":0.0,"damage_taken":0.0},{"damage_healed":0.0,"max_hp_gain":0.0,"max_hp_loss":0.0,"gold_gain":0.0,"event_name":"The Mausoleum","player_choice":"Opened","floor":19.0,"gold_loss":0.0,"damage_taken":0.0,"relics_obtained":["Vajra"],"cards_obtained":["Writhe"]},{"damage_healed":0.0,"max_hp_gain":0.0,"max_hp_loss":0.0,"gold_gain":0.0,"event_name":"Masked Bandits","player_choice":"Fought Bandits","floor":20.0,"gold_loss":0.0,"damage_taken":0.0},{"cards_removed":["Writhe"],"damage_healed":0.0,"max_hp_gain":0.0,"max_hp_loss":0.0,"gold_gain":0.0,"event_name":"Fountain of Cleansing","player_choice":"Removed Curses","floor":21.0,"gold_loss":0.0,"damage_taken":0.0},{"damage_healed":0.0,"max_hp_gain":0.0,"max_hp_loss":0.0,"gold_gain":0.0,"event_name":"The Library","player_choice":"Read","floor":24.0,"gold_loss":0.0,"damage_taken":0.0,"cards_obtained":["Terror"]},{"damage_healed":0.0,"max_hp_gain":5.0,"max_hp_loss":0.0,"gold_gain":0.0,"event_name":"Forgotten Altar","player_choice":"Shed Blood","floor":25.0,"gold_loss":0.0,"damage_taken":18.0},{"damage_healed":0.0,"max_hp_gain":0.0,"max_hp_loss":0.0,"gold_gain":222.0,"event_name":"Tomb of Lord Red Mask","player_choice":"Wore Mask","floor":36.0,"gold_loss":0.0,"damage_taken":0.0},{"damage_healed":0.0,"max_hp_gain":0.0,"max_hp_loss":0.0,"gold_gain":0.0,"event_name":"WeMeetAgain","player_choice":"Gave Potion","floor":39.0,"gold_loss":0.0,"damage_taken":0.0,"relics_obtained":["Lantern"]}],"is_beta":false,"boss_relics":[{"not_picked":["SacredBark","EasyGame_NEW"],"picked":"HoveringKite"},{"not_picked":["Fusion Hammer","Runic Dome"],"picked":"REME_DemonsWealth"}],"items_purged_floors":[14,38,38],"is_endless":false,"potions_floor_spawned":[11,13,18,28,31,33,35,44,45,47,48],"ascension_level":6}}