{"host":"swphzoo6hmc78epl","time":1607807556,"event":{"mods":["BaseMod","Highlight Path","Minty Spire (QoL Compilation)","Quick Restart"],"gold_per_floor":[119,136,152,252,267,302,302,330,353,365,377,377,377,432,432,561,561,605,677,720,645,346,346,346],"floor_reached":23,"playtime":1357,"items_purged":["Strike_P"],"score":241,"play_id":"b73dfba3-7f01-402c-8714-cbc4a74b2bd3","local_time":"20201212161236","is_ascension_mode":true,"campfire_choices":[{"data":"ConjureBlade","floor":7,"key":"SMITH"},{"data":"Wallop","floor":13,"key":"SMITH"},{"data":"ReachHeaven","floor":15,"key":"SMITH"}],"circlet_count":0,"master_deck":["Strike_P","Strike_P","Defend_P","Defend_P","Defend_P","Defend_P","Eruption","Vigilance","ConjureBlade+1","SashWhip","Wallop+1","CutThroughFate","ReachHeaven+1","Weave","BowlingBash+1","Consecrate","Wish+1","Wish","JustLucky","Weave","LessonLearned"],"relics":["PureWater","Oddly Smooth Stone","Tiny Chest","Art of War","Lantern","Black Star","Sundial","Anchor"],"acts_visited":["Exordium","TheCity"],"potions_floor_usage":[8,10,11,20],"damage_taken":[{"damage":2.0,"enemies":"Jaw Worm","floor":1.0,"turns":4.0},{"damage":1.0,"enemies":"Cultist","floor":2.0,"turns":3.0},{"damage":0.0,"enemies":"2 Louse","floor":3.0,"turns":3.0},{"damage":0,"enemies":"Large Slime","floor":5,"turns":3},{"damage":7,"enemies":"Lagavulin","floor":6,"turns":4},{"damage":6,"enemies":"3 Sentries","floor":8,"turns":6},{"damage":10,"enemies":"Exordium Wildlife","floor":10,"turns":4},{"damage":1,"enemies":"Red Slaver","floor":11,"turns":4},{"damage":16,"enemies":"Slime Boss","floor":16,"turns":8},{"damage":12,"enemies":"Chosen","floor":18,"turns":3},{"damage":20,"enemies":"2 Thieves","floor":20,"turns":5},{"damage":58,"enemies":"Slavers","floor":23,"turns":4}],"seed_played":"3785654182278600689","potions_obtained":[{"floor":1.0,"key":"Fruit Juice"},{"floor":5,"key":"Swift Potion"},{"floor":6,"key":"Block Potion"},{"floor":8,"key":"Fruit Juice"},{"floor":11,"key":"Fire Potion"}],"is_trial":false,"path_per_floor":["M","M","M","?","M","E","R","E","T","M","M","?","R","T","R","B",null,"M","T","M","?","$","E"],"character_chosen":"WATCHER","items_purchased":["LessonLearned","Anchor"],"campfire_rested":0,"item_purchase_floors":[22,22],"current_hp_per_floor":[70,74,74,74,74,67,67,61,61,56,55,39,39,39,39,23,82,70,70,50,50,50,0,0],"gold":346,"neow_bonus":"ONE_RANDOM_RARE_CARD","is_daily":false,"chose_seed":false,"campfire_upgraded":3,"win_rate":0.0,"timestamp":1607807556,"path_taken":["M","M","M","?","M","E","R","E","T","M","?","?","R","?","R","BOSS","M","?","M","?","$","E"],"items_purchased_type":["Card","Relic"],"build_version":"2020-11-30","purchased_purges":1,"victory":false,"max_hp_per_floor":[72,77,77,77,77,77,77,77,77,82,82,82,82,82,82,82,82,82,82,82,82,82,82,82],"card_choices":[{"not_picked":["Nirvana","ThirdEye"],"picked":"SashWhip","floor":1.0},{"not_picked":["CarveReality","Prostrate"],"picked":"Wallop","floor":2.0},{"not_picked":["Weave","WaveOfTheHand"],"picked":"CutThroughFate","floor":3.0},{"not_picked":["ThirdEye","Halt"],"picked":"ReachHeaven","floor":5},{"not_picked":["EmptyBody","MentalFortress"],"picked":"Weave","floor":6},{"not_picked":["Adaptation","Indignation"],"picked":"BowlingBash","floor":8},{"not_picked":["ReachHeaven","Indignation"],"picked":"Consecrate","floor":10},{"not_picked":["SashWhip","EmptyBody"],"picked":"Wish","floor":11},{"not_picked":["SpiritShield","Omniscience"],"picked":"Wish","floor":16},{"not_picked":["ThirdEye","Crescendo"],"picked":"JustLucky","floor":18},{"not_picked":["Fasting2+1","Crescendo"],"picked":"Weave","floor":20}],"player_experience":726498,"relics_obtained":[{"floor":6,"key":"Oddly Smooth Stone"},{"floor":8,"key":"Tiny Chest"},{"floor":9,"key":"Art of War"},{"floor":14,"key":"Lantern"},{"floor":19,"key":"Sundial"}],"event_choices":[{"damage_healed":0,"gold_gain":100,"player_choice":"Pray","damage_taken":0,"max_hp_gain":0,"max_hp_loss":0,"event_name":"Golden Shrine","floor":4,"gold_loss":0},{"damage_healed":0,"gold_gain":0,"player_choice":"Entered Light","damage_taken":16,"max_hp_gain":0,"max_hp_loss":0,"event_name":"Shining Light","floor":12,"gold_loss":0,"cards_upgraded":["BowlingBash","Wish"]},{"cards_removed":["Strike_P"],"damage_healed":0,"gold_gain":0,"player_choice":"Gave Gold","damage_taken":0,"max_hp_gain":0,"max_hp_loss":0,"event_name":"Beggar","floor":21,"gold_loss":75}],"is_beta":false,"boss_relics":[{"not_picked":["Busted Crown","Fusion Hammer"],"picked":"Black Star"}],"items_purged_floors":[22],"is_endless":false,"potions_floor_spawned":[1,5,6,8,11],"killed_by":"Slavers","ascension_level":4}}