{"host":"0tiuc76yumknr6qf","time":1607736231,"event":{"mods":["BaseMod","Hermit","Minty Spire (QoL Compilation)","StSLib"],"gold_per_floor":[112,125,137,137,137,157,157,175,222,222,233,259,269,289,289,384,384,398,398,398,398],"floor_reached":20,"playtime":1376,"items_purged":[],"score":176,"play_id":"b64f8580-10ee-490e-b1dd-fb3c78f5ebeb","local_time":"20201211192351","is_ascension_mode":false,"campfire_choices":[{"data":"hermit:Virtue","floor":7.0,"key":"SMITH"},{"data":"hermit:Coalescence","floor":10.0,"key":"SMITH"},{"data":"hermit:Maintenance","floor":15.0,"key":"SMITH"}],"circlet_count":0,"master_deck":["hermit:Strike_Hermit","hermit:Strike_Hermit","hermit:Strike_Hermit","hermit:Strike_Hermit","hermit:Defend_Hermit","hermit:Defend_Hermit","hermit:Defend_Hermit+1","hermit:Defend_Hermit","hermit:Snapshot","hermit:Covet+1","hermit:Showdown","hermit:Cheat","hermit:Quickdraw","hermit:Virtue+1","hermit:Coalescence+1","hermit:Shortfuse","hermit:Determination","hermit:Maintenance","hermit:Maintenance+1","hermit:HighNoon","hermit:FullyLoaded+1"],"relics":["hermit:Momento","Smiling Mask","Shuriken","Odd Mushroom","SlaversCollar","War Paint"],"acts_visited":["Exordium","TheCity"],"potions_floor_usage":[20,20,20],"damage_taken":[{"damage":0.0,"enemies":"2 Louse","floor":1.0,"turns":3.0},{"damage":1.0,"enemies":"Cultist","floor":2.0,"turns":3.0},{"damage":5.0,"enemies":"Jaw Worm","floor":3.0,"turns":4.0},{"damage":7.0,"enemies":"3 Louse","floor":6.0,"turns":2.0},{"damage":5.0,"enemies":"Large Slime","floor":8.0,"turns":6.0},{"damage":2.0,"enemies":"Looter","floor":11.0,"turns":4.0},{"damage":15.0,"enemies":"3 Sentries","floor":12.0,"turns":7.0},{"damage":5.0,"enemies":"3 Louse","floor":13.0,"turns":3.0},{"damage":0.0,"enemies":"The Mushroom Lair","floor":14.0,"turns":3.0},{"damage":27.0,"enemies":"Slime Boss","floor":16.0,"turns":8.0},{"damage":20.0,"enemies":"Shell Parasite","floor":18.0,"turns":6.0},{"damage":64,"enemies":"Masked Bandits","floor":20,"turns":5}],"seed_played":"-2066545862219727548","potions_obtained":[{"floor":3.0,"key":"Dexterity Potion"},{"floor":4.0,"key":"PowerPotion"},{"floor":4.0,"key":"Dexterity Potion"}],"is_trial":false,"path_per_floor":["M","M","M","?","$","M","R","M","T","R","M","E","M","?","R","B",null,"M","?","?"],"character_chosen":"HERMIT","items_purchased":[],"campfire_rested":0,"item_purchase_floors":[],"current_hp_per_floor":[82,81,76,76,76,69,69,64,64,64,62,47,42,42,42,15,82,62,62,0,0],"gold":398,"neow_bonus":"TEN_PERCENT_HP_BONUS","is_daily":false,"chose_seed":false,"campfire_upgraded":3,"win_rate":0.0,"timestamp":1607736231,"path_taken":["M","M","M","?","$","M","R","M","T","R","M","E","?","?","R","BOSS","M","?","?"],"items_purchased_type":[],"build_version":"2020-11-30","purchased_purges":0,"victory":false,"max_hp_per_floor":[82,82,82,82,82,82,82,82,82,82,82,82,82,82,82,82,82,82,82,82,82],"card_choices":[{"not_picked":["hermit:Coalescence","hermit:TrackingShot"],"picked":"hermit:Showdown","floor":1.0},{"not_picked":["hermit:Malice","hermit:Dive"],"picked":"hermit:Cheat","floor":2.0},{"not_picked":["hermit:SprayPray","hermit:Malice"],"picked":"hermit:Quickdraw","floor":3.0},{"not_picked":["hermit:Midnight","hermit:ItchyTrigger"],"picked":"hermit:Virtue","floor":6.0},{"not_picked":["hermit:CalledShot","hermit:BodyArmor"],"picked":"hermit:Coalescence","floor":8.0},{"not_picked":["hermit:Glare","hermit:HighCaliber"],"picked":"hermit:Shortfuse","floor":11.0},{"not_picked":["hermit:SprayPray","hermit:BodyArmor"],"picked":"hermit:Determination","floor":12.0},{"not_picked":["hermit:Determination","hermit:Roulette"],"picked":"hermit:Maintenance","floor":13.0},{"not_picked":["hermit:Determination","hermit:HoleUp"],"picked":"hermit:Maintenance","floor":14.0},{"not_picked":["hermit:FromBeyond","hermit:OverwhelmingPower"],"picked":"hermit:HighNoon","floor":16.0},{"not_picked":["hermit:Dive+1","hermit:SprayPray"],"picked":"hermit:FullyLoaded+1","floor":18.0}],"player_experience":1793337,"relics_obtained":[{"floor":9.0,"key":"Smiling Mask"},{"floor":12.0,"key":"Shuriken"},{"floor":14.0,"key":"Odd Mushroom"}],"event_choices":[{"damage_healed":0.0,"max_hp_gain":0.0,"max_hp_loss":0.0,"gold_gain":0.0,"event_name":"Lab","player_choice":"Got Potions","floor":4.0,"gold_loss":0.0,"damage_taken":0.0},{"damage_healed":0.0,"max_hp_gain":0.0,"max_hp_loss":0.0,"gold_gain":0.0,"event_name":"Mushrooms","player_choice":"Fought Mushrooms","floor":14.0,"gold_loss":0.0,"damage_taken":0.0},{"damage_healed":0.0,"max_hp_gain":0.0,"max_hp_loss":0.0,"gold_gain":0.0,"event_name":"The Mausoleum","player_choice":"Opened","floor":19.0,"gold_loss":0.0,"damage_taken":0.0,"relics_obtained":["War Paint"]},{"damage_healed":0,"gold_gain":0,"player_choice":"Fought Bandits","damage_taken":0,"max_hp_gain":0,"max_hp_loss":0,"event_name":"Masked Bandits","floor":20,"gold_loss":0}],"is_beta":false,"boss_relics":[{"not_picked":["Empty Cage","Snecko Eye"],"picked":"SlaversCollar"}],"items_purged_floors":[],"is_endless":false,"potions_floor_spawned":[3,6,8,11],"killed_by":"Masked Bandits","ascension_level":0}}