{"host":"nkq47b23w6g6esgi","time":1607753359,"event":{"mods":["AchievementEnabler","BaseMod","Colored Map","Colored Powertips","DeckTracker","Minty Spire (QoL Compilation)","Quick Restart","StSLib","SuperFastMode"],"gold_per_floor":[111,130,147,157,157,122,122,141,141,168,168,245,261,278,278,353,353,363,363,22,22,32,32,32,32],"floor_reached":24,"playtime":727,"items_purged":["Shame"],"score":386,"play_id":"27d32eac-c71f-42e1-b12f-17392ebd04ee","local_time":"20201212150919","is_ascension_mode":true,"campfire_choices":[{"data":"Limit Break","floor":7.0,"key":"SMITH"},{"data":"Heavy Blade","floor":15.0,"key":"SMITH"},{"data":"Armaments","floor":23,"key":"SMITH"}],"circlet_count":0,"master_deck":["AscendersBane","Strike_R","Strike_R","Strike_R","Defend_R","Defend_R","Defend_R","Bash","Pommel Strike","Limit Break+1","Thunderclap","Rampage","Inflame","Shrug It Off","Heavy Blade+1","Ghostly Armor","Reaper","Sword Boomerang","Offering","Armaments+1","Flex"],"relics":["Black Blood","Potion Belt","Bronze Scales","HornCleat","Pear","Juzu Bracelet"],"acts_visited":["Exordium","TheCity"],"potions_floor_usage":[22],"damage_taken":[{"damage":6.0,"enemies":"2 Louse","floor":1.0,"turns":4.0},{"damage":7.0,"enemies":"Small Slimes","floor":2.0,"turns":3.0},{"damage":12.0,"enemies":"Cultist","floor":3.0,"turns":4.0},{"damage":14.0,"enemies":"Red Slaver","floor":4.0,"turns":3.0},{"damage":0.0,"enemies":"2 Fungi Beasts","floor":8.0,"turns":3.0},{"damage":36.0,"enemies":"Gremlin Nob","floor":10.0,"turns":4.0},{"damage":10.0,"enemies":"Large Slime","floor":13.0,"turns":4.0},{"damage":31.0,"enemies":"Gremlin Gang","floor":14.0,"turns":4.0},{"damage":22.0,"enemies":"Hexaghost","floor":16.0,"turns":7.0},{"damage":20.0,"enemies":"2 Thieves","floor":18.0,"turns":3.0},{"damage":14,"enemies":"3 Byrds","floor":22,"turns":4},{"damage":49,"enemies":"Slavers","floor":24,"turns":4}],"seed_played":"-5754742549264057529","potions_obtained":[{"floor":2.0,"key":"Swift Potion"},{"floor":3.0,"key":"Fire Potion"},{"floor":8.0,"key":"ElixirPotion"},{"floor":14.0,"key":"Explosive Potion"},{"floor":18.0,"key":"BlessingOfTheForge"}],"is_trial":false,"path_per_floor":["M","M","M","M","?","?","R","M","T","E","?","T","M","M","R","B",null,"M","?","$","?","M","R","E"],"character_chosen":"IRONCLAD","items_purchased":["Flex","Juzu Bracelet","Explosive Potion"],"campfire_rested":0,"item_purchase_floors":[20,20,20],"current_hp_per_floor":[50,49,43,35,28,46,46,52,52,22,47,47,43,27,27,19,61,53,63,63,63,61,61,12,12],"gold":32,"neow_bonus":"TRANSFORM_TWO_CARDS","is_daily":false,"chose_seed":false,"campfire_upgraded":3,"win_rate":0.0,"timestamp":1607753359,"path_taken":["M","M","M","M","?","?","R","M","T","E","?","?","M","M","R","BOSS","M","?","$","?","M","R","E"],"items_purchased_type":["Card","Relic","Potion"],"build_version":"2020-11-30","purchased_purges":1,"victory":false,"max_hp_per_floor":[75,75,75,75,75,75,75,75,75,75,75,75,75,75,75,75,75,75,85,85,85,85,85,85,85],"card_choices":[{"not_picked":["Twin Strike","Warcry"],"picked":"Thunderclap","floor":1.0},{"not_picked":["Dark Embrace","Flex"],"picked":"Rampage","floor":2.0},{"not_picked":["Shrug It Off","Blood for Blood"],"picked":"Inflame","floor":3.0},{"not_picked":["Cleave","Armaments"],"picked":"Shrug It Off","floor":4.0},{"not_picked":["Power Through","Searing Blow"],"picked":"Heavy Blade","floor":8.0},{"not_picked":["Sword Boomerang","Thunderclap"],"picked":"Ghostly Armor","floor":10.0},{"not_picked":["Iron Wave","Body Slam"],"picked":"Reaper","floor":13.0},{"not_picked":["Clothesline","Carnage"],"picked":"Sword Boomerang","floor":14.0},{"not_picked":["Feed","Reaper"],"picked":"Offering","floor":16.0},{"not_picked":["Heavy Blade","Perfected Strike"],"picked":"Armaments","floor":18.0},{"not_picked":["Spot Weakness","Armaments","Heavy Blade"],"picked":"SKIP","floor":22}],"player_experience":406942,"relics_obtained":[{"floor":9.0,"key":"Potion Belt"},{"floor":10.0,"key":"Bronze Scales"},{"floor":12.0,"key":"HornCleat"}],"event_choices":[{"cards_removed":["Strike_R"],"damage_healed":0.0,"max_hp_gain":0.0,"max_hp_loss":0.0,"gold_gain":0.0,"event_name":"Golden Wing","player_choice":"Card Removal","floor":5.0,"gold_loss":0.0,"damage_taken":7.0},{"damage_healed":18.0,"max_hp_gain":0.0,"max_hp_loss":0.0,"gold_gain":0.0,"event_name":"The Cleric","player_choice":"Healed","floor":6.0,"gold_loss":35.0,"damage_taken":0.0},{"damage_healed":25.0,"max_hp_gain":0.0,"max_hp_loss":0.0,"gold_gain":0.0,"event_name":"Big Fish","player_choice":"Banana","floor":11.0,"gold_loss":0.0,"damage_taken":0.0},{"damage_healed":0.0,"max_hp_gain":0.0,"max_hp_loss":0.0,"gold_gain":0.0,"event_name":"Addict","player_choice":"Stole Relic","floor":19.0,"gold_loss":0.0,"damage_taken":0.0,"relics_obtained":["Pear"],"cards_obtained":["Shame"]},{"damage_healed":0.0,"max_hp_gain":0.0,"max_hp_loss":0.0,"gold_gain":0.0,"event_name":"Vampires","player_choice":"Ignored","floor":21.0,"gold_loss":0.0,"damage_taken":0.0}],"is_beta":false,"boss_relics":[{"not_picked":["Coffee Dripper","Empty Cage"],"picked":"Black Blood"}],"items_purged_floors":[20],"is_endless":false,"potions_floor_spawned":[2,3,8,14,18],"killed_by":"Slavers","ascension_level":19}}