{"host":"p0msvaaoy7lstm5q","time":1607807299,"event":{"mods":["AchievementEnabler","BaseMod","BetterRewards","Block Reminder","Challenge The Spire","Colored Map","Colored Powertips","Custom Start","Downfall","Emptier Cage","Exacting","Friendly Minions","Highlight Path","Mimic Mod","Minty Spire (QoL Compilation)","Practice Mode","Quick Restart","Random Character Button","Rare Cards Sparkle","Replay The Spire","Shop Mod","StSLib","Swap Starting Deck Mod","The Cursed","Wandering Minibosses"],"gold_per_floor":[111,135,135,149,149,53,53,83,106,142,142,181,181,222,234,371,446,481,493,505,541,553,553],"floor_reached":22,"playtime":2206,"items_purged":[],"score":243,"play_id":"b1723597-203c-4f41-b6db-0996e1e58b12","local_time":"20201212220819","is_ascension_mode":true,"campfire_choices":[{"floor":7.0,"key":"REST"},{"data":"Prepared","floor":11.0,"key":"SMITH"},{"data":"Flechettes","floor":13.0,"key":"SMITH"},{"data":"Hidden Blade","floor":15.0,"key":"SMITH"}],"circlet_count":0,"master_deck":["Quick Slash","Quick Slash","Quick Slash","Quick Slash+1","Quick Slash","Blur","Dodge and Roll","Dodge and Roll","Dodge and Roll","Dodge and Roll","Flying Knee","Prepared+1","Flying Knee","PiercingWail","Flechettes+1","Hidden Blade+1","Blade Dance","Fluid Movement","Glass Knife","Prepared"],"relics":["Ring of the Snake","ReplayTheSpireMod:Lightbulb","Golden Idol","Ancient Tea Set","MawBank","Tiny House"],"acts_visited":["TheCity"],"potions_floor_usage":[22],"damage_taken":[{"damage":0.0,"enemies":"Cultist","floor":1.0,"turns":3.0},{"damage":3.0,"enemies":"Jaw Worm","floor":4.0,"turns":3.0},{"damage":1.0,"enemies":"2 Louse","floor":8.0,"turns":2.0},{"damage":0.0,"enemies":"Exordium Thugs","floor":10.0,"turns":4.0},{"damage":0.0,"enemies":"Exordium Wildlife","floor":12.0,"turns":7.0},{"damage":7.0,"enemies":"Lagavulin","floor":14.0,"turns":7.0},{"damage":9.0,"enemies":"Fading Forest","floor":16.0,"turns":11.0},{"damage":2.0,"enemies":"Chosen","floor":18.0,"turns":3.0},{"damage":13.0,"enemies":"3 Byrds","floor":21.0,"turns":7.0},{"damage":51,"enemies":"Centurion and Healer","floor":22,"turns":8}],"seed_played":"-1570403933792705075","potions_obtained":[{"floor":4.0,"key":"Poison Potion"},{"floor":5.0,"key":"Weak Potion"},{"floor":5.0,"key":"Languid Potion"},{"floor":12.0,"key":"Flashbang"},{"floor":16.0,"key":"FearPotion"},{"floor":17.0,"key":"EssenceOfSteel"},{"floor":21.0,"key":"Poison Potion"}],"is_trial":false,"path_per_floor":["M","T","?","M","?","$","R","M","T","M","R","M","R","E","R","B",null,"M","?","?","M","M"],"character_chosen":"THE_SILENT","items_purchased":["Flying Knee","PiercingWail"],"campfire_rested":1,"item_purchase_floors":[6,6],"current_hp_per_floor":[53,53,40,37,37,37,52,51,51,51,51,51,51,44,44,44,58,56,56,58,45,0,0],"gold":553,"neow_bonus":"","is_daily":false,"chose_seed":false,"campfire_upgraded":3,"win_rate":0.0,"timestamp":1607807299,"path_taken":["M","?","?","M","?","$","R","M","T","?","R","M","R","E","R","BOSS","M","?","?","?","M"],"items_purchased_type":["Card","Card"],"build_version":"2020-11-30","purchased_purges":0,"victory":false,"max_hp_per_floor":[53,53,53,53,53,53,53,53,53,53,53,53,53,53,53,53,58,58,58,58,58,58,58],"card_choices":[{"not_picked":["Bane","Eviscerate"],"picked":"Flying Knee","floor":1.0},{"not_picked":["Deflect","Acrobatics"],"picked":"Prepared","floor":4.0},{"not_picked":["Dagger Spray","Well Laid Plans"],"picked":"Flechettes","floor":8.0},{"not_picked":["Catalyst","Leg Sweep"],"picked":"Hidden Blade","floor":10.0},{"not_picked":["ReplayTheSpireMod:The Works","Noxious Fumes"],"picked":"Blade Dance","floor":12.0},{"not_picked":["Hidden Blade","Expertise"],"picked":"Fluid Movement","floor":14.0},{"not_picked":["Die Die Die","Envenom"],"picked":"Glass Knife","floor":16.0},{"not_picked":["Dash","Riddle With Holes"],"picked":"Prepared","floor":17.0},{"not_picked":["Cloak And Dagger","Caltrops","Backflip"],"picked":"SKIP","floor":18.0},{"not_picked":["Expertise","ReplayTheSpireMod:Shiv Toss+1","Blade Dance"],"picked":"SKIP","floor":21.0}],"player_experience":98138,"relics_obtained":[{"floor":2.0,"key":"ReplayTheSpireMod:Lightbulb"},{"floor":9.0,"key":"Ancient Tea Set"},{"floor":14.0,"key":"MawBank"}],"event_choices":[{"damage_healed":0.0,"max_hp_gain":0.0,"max_hp_loss":0.0,"gold_gain":0.0,"event_name":"Golden Idol","player_choice":"Take Damage","floor":3.0,"gold_loss":0.0,"damage_taken":13.0,"relics_obtained":["Golden Idol"]},{"damage_healed":0.0,"max_hp_gain":0.0,"max_hp_loss":0.0,"gold_gain":0.0,"event_name":"Lab","player_choice":"Got Potions","floor":5.0,"gold_loss":0.0,"damage_taken":0.0},{"damage_healed":0.0,"max_hp_gain":0.0,"max_hp_loss":0.0,"gold_gain":0.0,"event_name":"Beggar","player_choice":"Ignored","floor":19.0,"gold_loss":0.0,"damage_taken":0.0},{"damage_healed":2.0,"max_hp_gain":0.0,"max_hp_loss":0.0,"gold_gain":0.0,"event_name":"Wheel of Change","player_choice":"Full Heal","floor":20.0,"gold_loss":0.0,"damage_taken":0.0}],"is_beta":false,"boss_relics":[{"not_picked":["Sozu","Ectoplasm"],"picked":"Tiny House"}],"items_purged_floors":[],"is_endless":false,"potions_floor_spawned":[4,12,16,21],"killed_by":"Centurion and Healer","ascension_level":1}}