{"host":"fq9q35as5g8xdsoo","time":1607814340,"event":{"mods":["2.2 Compatiblity","AchievementEnabler","Act Like it!","Aspiration","BaseMod","Beaked The Cultist","Better Skull","Card Forge","Colored Map","Colored Powertips","Conspire","Dota2Spire","Energized Spire","Gensokyo","GifTheSpireLib","Halation","Hermit","Hubris","Marked Mod","Menagerie","Minty Spire (QoL Compilation)","Pale of the Ancients","Permanent Neow","Quick Restart","Relic Filter","Replay The Spire","Robot Space Explorer","Spicy Shops","Spikes Relics","StSLib","Stuff the Spire","SuperFastMode","The Blue Laboratory","The Construct","The Disciple","The Factory","The Gatherer","The Jungle","The Runesmith","The Servant 0.9.4","Trackpad","WarShipGirlsR/????R mod","vexMod"],"gold_per_floor":[109,109,109,432,450,450,477,477,477,65,94,111,111,136,148,264,276,298,310,334,346,372,413,438,484,496,543,555,567,579,608,620,730,1408,1432,1444,1456,1468,1480,1492,1530,1542,1600,1628,1640,1678,1709,1736,1748,1760,1789,1813,1825,1774,1774,1792,1792,2017,2017,2017],"floor_reached":61,"playtime":7042,"items_purged":["hermit:Strike_Hermit","hermit:Strike_Hermit","hermit:Defend_Hermit","hermit:Defend_Hermit"],"score":1834,"play_id":"4dcbd240-1d2b-41ef-8012-a223064e79ab","local_time":"20201212150540","is_ascension_mode":true,"campfire_choices":[{"data":"Sucker Punch","floor":6.0,"key":"SMITH"},{"data":"hermit:Vantage","floor":13.0,"key":"SMITH"},{"data":"hermit:FlashPowder","floor":15.0,"key":"SMITH"},{"data":"Solidify","floor":28.0,"key":"SMITH"},{"data":"ShadowRift","floor":32.0,"key":"SMITH"},{"data":"rmod:tearstotiara","floor":40.0,"key":"SMITH"},{"data":"Poisoned Stab","floor":42.0,"key":"SMITH"},{"data":"hermit:Snapshot","floor":45.0,"key":"SMITH"},{"floor":49.0,"key":"RECALL"},{"data":"Blade Dance","floor":55,"key":"SMITH"},{"data":"Skim","floor":57,"key":"SMITH"}],"circlet_count":0,"master_deck":["hermit:Defend_Hermit","hermit:Defend_Hermit","hermit:Snapshot+1","hermit:Covet","hermit:Vantage+1","Sucker Punch+1","hermit:Manifest+1","hermit:FlashPowder+1","ResonantCall","Solidify+1","AbeCurse","rmod:tearstotiara+1","SignatureMove+1","Poisoned Stab+1","Dodge and Roll+1","beaked:WarriorSpirit+1","Blade Dance+1","Skim+1"],"relics":["Hammer of Thor","Seething Fire","Anvil of the Gods","Dota2Spire:Bloodstone","Menagerie:ShiftingBlessing","PrismaticShard","Blue Doll","trackpad:CultistFigurine","Dota2Spire:UrnOfShadows","Dota2Spire:Butterfly","Membership Card","Replay:Wax Seal","Shuriken","Tiny Chest","MawBank","Abe\u0027s Treasure","trackpad:BottledTsunami","trackpad:PetRock","Runesmith:AutoHammer","BrokenLever","vexMod:RockOfEvil","Dota2Spire:EchoSabre","halation:PinkSoulGem","hermit:Spyglass","Dota2Spire:BladeMail","conspire:TopHat","paleoftheancients:Timepiece","paleoftheancients:KeyRelic","Gremlin Horn","Spirit Poop","paleoftheancients:SoulOfTheShapes","halation:StarCompass","hubris:NiceRug","Replay:Multitool","vexMod:InvisibilityCloak","halation:NonexistentMirror","Rawhide","Blue Candle","trackpad:BiPhaseBiplane"],"acts_visited":["Menagerie:Menagerie","TheCity","theFactory:Factory","paleoftheancients:PaleOfTheAncients"],"potions_floor_usage":[60,60,60],"damage_taken":[{"damage":4.0,"enemies":"Menagerie:2_RABBITS","floor":1.0,"turns":3.0},{"damage":0.0,"enemies":"Menagerie:WhisperingWraith","floor":5.0,"turns":4.0},{"damage":2.0,"enemies":"Menagerie:VoidReaper","floor":7.0,"turns":5.0},{"damage":0.0,"enemies":"Menagerie:Hydra","floor":11.0,"turns":5.0},{"damage":1.0,"enemies":"Menagerie:MonstrousExperiment","floor":12.0,"turns":3.0},{"damage":0.0,"enemies":"Menagerie:VoidReaper","floor":14.0,"turns":5.0},{"damage":0.0,"enemies":"Menagerie:Chimera","floor":16.0,"turns":9.0},{"damage":4.0,"enemies":"Spheric Guardian","floor":18.0,"turns":6.0},{"damage":1.0,"enemies":"Chosen","floor":20.0,"turns":4.0},{"damage":3.0,"enemies":"Snecko","floor":22.0,"turns":4.0},{"damage":0.0,"enemies":"Book of Stabbing","floor":23.0,"turns":4.0},{"damage":18.0,"enemies":"Shelled Parasite and Fungi","floor":24.0,"turns":3.0},{"damage":0.0,"enemies":"Replay:Snechameleon","floor":25.0,"turns":6.0},{"damage":0.0,"enemies":"Gremlin Leader","floor":27.0,"turns":7.0},{"damage":0.0,"enemies":"conspire:HollyBat","floor":31.0,"turns":6.0},{"damage":4.0,"enemies":"Champ","floor":33.0,"turns":12.0},{"damage":0.0,"enemies":"theFactory:4_Mini-Bots","floor":35.0,"turns":6.0},{"damage":14.0,"enemies":"theFactory:DrinkBrewer","floor":41.0,"turns":7.0},{"damage":0.0,"enemies":"theFactory:BigBot","floor":44.0,"turns":2.0},{"damage":0.0,"enemies":"theFactory:Sentries_and_Big_Bot","floor":47.0,"turns":3.0},{"damage":0.0,"enemies":"theFactory:DecayingSentinel","floor":48.0,"turns":5.0},{"damage":9,"enemies":"theFactory:Guardian2","floor":50,"turns":8},{"damage":7,"enemies":"theFactory:Guardian2","floor":51,"turns":9},{"damage":35,"enemies":"theFactory:Guardian2","floor":52,"turns":8},{"damage":0,"enemies":"theFactory:Guardian2","floor":56,"turns":6},{"damage":0,"enemies":"hubris:Merchant","floor":58,"turns":4},{"damage":52,"enemies":"paleoftheancients:N","floor":60,"turns":3}],"seed_played":"3587015711912471914","potions_obtained":[{"floor":5.0,"key":"Death Potion"},{"floor":7.0,"key":"Dota2Spire:Clarity"},{"floor":14.0,"key":"SkillPotion"},{"floor":33.0,"key":"Reflective Coating"},{"floor":41.0,"key":"PowerPotion"},{"floor":58,"key":"Strength Potion"},{"floor":58,"key":"blueLaboratory:StoneskinPotion"}],"is_trial":false,"path_per_floor":["M","?","?","?","M","R","E","?","T","$","E","M","R","E","R","B",null,"M","?","M","?","M","E","M","E","T","E","R","T","?","M","R","B",null,"M","?","T","?","?","R","E","R","T","M","R","T","M","M","R_BF","B","M","M","?","$","R","M","R","$","?","B",null],"character_chosen":"HERMIT","items_purchased":["Membership Card","Replay:Wax Seal","hermit:FlashPowder","Shuriken"],"campfire_rested":0,"item_purchase_floors":[10,10,10,10],"current_hp_per_floor":[71,62,62,4,4,4,2,9,9,9,9,8,8,8,8,8,73,69,56,55,55,52,52,34,34,34,34,34,34,34,34,34,30,78,78,78,78,78,78,78,64,64,64,64,64,64,64,64,64,78,75,60,60,60,60,70,70,75,75,52],"gold":2017,"neow_bonus":"BOSS_RELIC","is_daily":false,"chose_seed":false,"campfire_upgraded":10,"win_rate":0.0,"timestamp":1607814340,"path_taken":["M","?","?","?","?","R","E","?","T","$","E","M","R","E","R","BOSS","M","?","M","?","?","E","M","E","T","E","R","?","?","?","R","BOSS","M","?","?","?","?","R","E","R","T","?","R","?","M","M","R_BF","BOSS","M","M","?","$","R","M","R","$","?","BOSS"],"items_purchased_type":["Relic","Relic","Card","Relic"],"build_version":"2020-11-30","purchased_purges":4,"victory":true,"max_hp_per_floor":[75,75,73,73,73,73,73,73,73,73,73,73,73,73,73,73,73,73,78,78,78,78,78,78,78,78,78,78,78,78,78,78,78,78,78,78,78,78,78,78,78,78,78,78,78,78,78,78,78,78,78,78,78,78,78,78,78,78,78,78],"card_choices":[{"not_picked":["hermit:HighCaliber","hermit:ItchyTrigger"],"picked":"hermit:Vantage","floor":1.0},{"not_picked":["EmptyBody","Runesmith:Overpower"],"picked":"Sucker Punch","floor":5.0},{"not_picked":["Acrobatics","Runesmith:NegativeSpace"],"picked":"hermit:Manifest","floor":7.0},{"not_picked":["RobotSpaceExplorer:SlimeMissile","Replay:Anticipation"],"picked":"ResonantCall","floor":11.0},{"not_picked":["Gatherer:Convert","FanOfKnives","beaked:CursingBlood"],"picked":"SKIP","floor":12.0},{"not_picked":["Shuttle","CarveReality","Runesmith:Retool"],"picked":"SKIP","floor":14.0},{"not_picked":["hermit:OverwhelmingPower","Biased Cognition"],"picked":"Solidify","floor":16.0},{"not_picked":["Rearm","RobotSpaceExplorer:IronShell"],"picked":"rmod:tearstotiara","floor":18.0},{"not_picked":["Gatherer:Snatch","beaked:Pecker+1"],"picked":"SignatureMove","floor":20.0},{"not_picked":["Crystallizer","RobotSpaceExplorer:Pulsar"],"picked":"Poisoned Stab","floor":22.0},{"not_picked":["beaked:ScreechingChant","Runesmith:CraftIncendium"],"picked":"Dodge and Roll","floor":23.0},{"not_picked":["beaked:Negation+1","hermit:Desperado","RobotSpaceExplorer:MiniDrones"],"picked":"SKIP","floor":24.0},{"not_picked":["hermit:Snipe+1","RobotSpaceExplorer:DoubleBlock","Gatherer:ScherryThrow+1"],"picked":"SKIP","floor":25.0},{"not_picked":["Facsimile","construct:Boost+1","Gatherer:GatherMaterial"],"picked":"SKIP","floor":27.0},{"not_picked":["Gouge","Poisoned Stab"],"picked":"ShadowRift","floor":31.0},{"not_picked":["Replay:Undeath\u0027s Touch+1","Cloak And Dagger+1","Dodge and Roll+1"],"picked":"SKIP","floor":35.0},{"not_picked":["Gatherer:Frenzy+1","hermit:LowProfile","hermit:Snipe+1"],"picked":"SKIP","floor":41.0},{"not_picked":["RobotSpaceExplorer:Electropulse","RobotSpaceExplorer:MakeshiftVolley"],"picked":"beaked:WarriorSpirit+1","floor":44.0},{"not_picked":["Hello World","Choke+1"],"picked":"Blade Dance","floor":47.0},{"not_picked":["ReplayTheSpireMod:LeadingStrike","Gatherer:GlowingPlant+1","Gatherer:ScentOfRosmari+1"],"picked":"SKIP","floor":48.0},{"not_picked":["Envenom","Perfected Strike","hubris:TrickCloak"],"picked":"SKIP","floor":51},{"not_picked":["rmod:victimresponsibility+1","rmod:chargemoney+1"],"picked":"Skim","floor":52},{"not_picked":["RobotSpaceExplorer:StarLightning+1","construct:SweepLaser+1","Reflex"],"picked":"SKIP","floor":56},{"not_picked":["hermit:WideOpen+1"],"picked":"SKIP","floor":58},{"not_picked":["hermit:HighCaliber"],"picked":"SKIP","floor":58},{"not_picked":["hermit:Glare"],"picked":"SKIP","floor":58},{"not_picked":["hermit:Dive"],"picked":"SKIP","floor":58},{"not_picked":["hermit:ShadowCloak"],"picked":"SKIP","floor":58},{"not_picked":["ReplayTheSpireMod:Trickstab"],"picked":"SKIP","floor":58},{"not_picked":["Sadistic Nature"],"picked":"SKIP","floor":58}],"player_experience":932009,"relics_obtained":[{"floor":7.0,"key":"Dota2Spire:UrnOfShadows"},{"floor":9.0,"key":"Dota2Spire:Butterfly"},{"floor":11.0,"key":"Tiny Chest"},{"floor":14.0,"key":"MawBank"},{"floor":23.0,"key":"trackpad:BottledTsunami"},{"floor":25.0,"key":"trackpad:PetRock"},{"floor":27.0,"key":"Runesmith:AutoHammer"},{"floor":29.0,"key":"BrokenLever"},{"floor":37.0,"key":"Dota2Spire:EchoSabre"},{"floor":41.0,"key":"hermit:Spyglass"},{"floor":43.0,"key":"Dota2Spire:BladeMail"},{"floor":46.0,"key":"conspire:TopHat"},{"floor":51,"key":"paleoftheancients:SoulOfTheShapes"},{"floor":52,"key":"paleoftheancients:SoulOfTheSilent"},{"floor":56,"key":"paleoftheancients:SoulOfTheHexaghost"},{"floor":58,"key":"Replay:Multitool"},{"floor":58,"key":"vexMod:InvisibilityCloak"},{"floor":58,"key":"halation:NonexistentMirror"},{"floor":58,"key":"Rawhide"},{"floor":58,"key":"Blue Candle"},{"floor":58,"key":"trackpad:BiPhaseBiplane"}],"event_choices":[{"damage_healed":0.0,"max_hp_gain":0.0,"max_hp_loss":0.0,"gold_gain":0.0,"event_name":"Menagerie:LunarGift","player_choice":"Touch","floor":2.0,"gold_loss":0.0,"damage_taken":9.0,"relics_obtained":["Menagerie:ShiftingBlessing"]},{"damage_healed":0.0,"max_hp_gain":0.0,"max_hp_loss":2.0,"gold_gain":0.0,"event_name":"Menagerie:ShimmeringGrove","player_choice":"Enter","floor":3.0,"gold_loss":0.0,"damage_taken":0.0,"relics_obtained":["PrismaticShard"]},{"damage_healed":0.0,"max_hp_gain":0.0,"max_hp_loss":0.0,"gold_gain":323.0,"event_name":"betterSkull:BetterSkull","player_choice":"RE RE GO GO GO ","floor":4.0,"gold_loss":0.0,"damage_taken":65.0,"cards_upgraded":[],"relics_obtained":["Blue Doll","trackpad:CultistFigurine"]},{"damage_healed":0.0,"max_hp_gain":5.0,"max_hp_loss":0.0,"gold_gain":0.0,"event_name":"Forgotten Altar","player_choice":"Shed Blood","floor":19.0,"gold_loss":0.0,"damage_taken":18.0},{"damage_healed":0.0,"max_hp_gain":0.0,"max_hp_loss":0.0,"gold_gain":0.0,"event_name":"Upgrade Shrine","player_choice":"Upgraded","floor":21.0,"gold_loss":0.0,"damage_taken":0.0,"cards_upgraded":["hermit:Manifest"]},{"cards_removed":["hermit:Strike_Hermit"],"damage_healed":0.0,"max_hp_gain":0.0,"max_hp_loss":0.0,"gold_gain":0.0,"event_name":"Purifier","player_choice":"Purged","floor":30.0,"gold_loss":0.0,"damage_taken":0.0},{"damage_healed":0.0,"max_hp_gain":0.0,"max_hp_loss":0.0,"gold_gain":0.0,"event_name":"Upgrade Shrine","player_choice":"Upgraded","floor":36.0,"gold_loss":0.0,"damage_taken":0.0,"cards_upgraded":["SignatureMove"]},{"cards_removed":["hermit:Strike_Hermit"],"damage_healed":0.0,"max_hp_gain":0.0,"max_hp_loss":0.0,"gold_gain":0.0,"event_name":"Wheel of Change","player_choice":"Card Removal","floor":39.0,"gold_loss":0.0,"damage_taken":0.0}],"is_beta":false,"boss_relics":[{"not_picked":["Snecko Eye","Replay:Ancient Bell"],"picked":"Abe\u0027s Treasure"},{"not_picked":["hubris:RunicObelisk","Calling Bell"],"picked":"vexMod:RockOfEvil"}],"items_purged_floors":[10,10,54,58],"is_endless":false,"potions_floor_spawned":[5,7,14,16,18,22,25,27,33,41,44,47,51,52,60],"ascension_level":1}}