{"host":"zyn2zcp8fez1ptuq","time":1607797726,"event":{"mods":["BaseMod","BetterRewards","Downfall","Hermit","Hubris","Infinite Spire","Minty Spire (QoL Compilation)","Replay The Spire","Robot Space Explorer","Shade Mod","Shop Mod","StSLib","The Animator","The Cursed","The Jungle","The Necromancer"],"gold_per_floor":[115,125,125,136,6,35,35,35,117,133,133,147,147,163,163,261,261,276,294,311,44,61,61,61,61],"floor_reached":24,"playtime":1869,"items_purged":[],"score":200,"play_id":"f7e2666a-f2de-4882-baa2-e929dacf19ae","local_time":"20201212132846","is_ascension_mode":false,"campfire_choices":[{"floor":8,"key":"REST"},{"floor":13,"key":"REST"},{"floor":15,"key":"REST"},{"floor":23,"key":"REST"}],"circlet_count":0,"master_deck":["Strike_B","Strike_B","Strike_B","Strike_B","Defend_B","Defend_B","Defend_B","Defend_B","Zap","Dualcast","Strike_R","RobotSpaceExplorer:Strike","Storm","Steam","Chaos","Panic Button","FIFO Queue","BootSequence","Storm","hubris:Ukulele","Hello World","Steam","ReplayTheSpireMod:Reroute Power","Amplify","Heatsinks","Ball Lightning","Time Bomb","Electrodynamics","Streamline","FTL","Swift Strike","Steam+1","Redo"],"relics":["Cracked Core","hubris:CuriousFeather","hubris:Towel","Dream Catcher","infinitespire:ShieldingShard","Replay:Bronze Core"],"acts_visited":["Exordium","TheCity"],"potions_floor_usage":[6,16,16,22,22,24],"damage_taken":[{"damage":10,"enemies":"Cultist","floor":1,"turns":4},{"damage":6,"enemies":"Jaw Worm","floor":2,"turns":3},{"damage":2,"enemies":"2 Louse","floor":4,"turns":2},{"damage":47,"enemies":"3 Sentries","floor":6,"turns":9},{"damage":9,"enemies":"Exordium Thugs","floor":10,"turns":5},{"damage":37,"enemies":"Gremlin Gang","floor":12,"turns":6},{"damage":0,"enemies":"2 Fungi Beasts","floor":14,"turns":3},{"damage":28,"enemies":"Hexaghost","floor":16,"turns":7},{"damage":13,"enemies":"Shell Parasite","floor":18,"turns":6},{"damage":25,"enemies":"Spheric Guardian","floor":19,"turns":6},{"damage":6,"enemies":"Cultist and Chosen","floor":20,"turns":5},{"damage":23,"enemies":"Shelled Parasite and Fungi","floor":22,"turns":4},{"damage":30,"enemies":"Snecko","floor":24,"turns":5}],"seed_played":"7025879065640546063","potions_obtained":[{"floor":4,"key":"Strength Potion"},{"floor":10,"key":"Swift Potion"},{"floor":14,"key":"Explosive Potion"},{"floor":16,"key":"Swift Potion"},{"floor":19,"key":"SteroidPotion"},{"floor":20,"key":"Block Potion"}],"is_trial":false,"path_per_floor":["M","M","?","M","$","E","$","R","T","M","?","M","R","M","R","B",null,"M","M","M","$","M","R","M"],"character_chosen":"DEFECT","items_purchased":["FairyPotion","Panic Button","Electrodynamics","Streamline","FTL","Swift Strike"],"campfire_rested":4,"item_purchase_floors":[5,5,21,21,21,21],"current_hp_per_floor":[65,59,59,57,57,10,10,32,32,23,23,11,33,33,55,27,75,62,37,31,31,8,30,0,0],"gold":61,"neow_bonus":"ONE_RARE_RELIC","is_daily":false,"chose_seed":false,"campfire_upgraded":0,"win_rate":0.0,"timestamp":1607797726,"path_taken":["M","M","?","M","$","E","$","R","T","M","?","M","R","M","R","BOSS","M","M","M","$","M","R","M"],"items_purchased_type":["Potion","Card","Card","Card","Card","Card"],"build_version":"2020-11-30","purchased_purges":0,"victory":false,"max_hp_per_floor":[75,75,75,75,75,75,75,75,75,75,75,75,75,75,75,75,75,75,75,75,75,75,75,75,75],"card_choices":[{"not_picked":["Beam Cell","Turbo"],"picked":"Storm","floor":1},{"not_picked":["Barrage","Reprogram"],"picked":"Steam","floor":2},{"not_picked":["Coolheaded","Compile Driver"],"picked":"Chaos","floor":4},{"not_picked":["Rebound","Gash"],"picked":"FIFO Queue","floor":6},{"not_picked":["Amplify","Go for the Eyes"],"picked":"BootSequence","floor":8},{"not_picked":["Cold Snap","Aggregate"],"picked":"Storm","floor":10},{"not_picked":["ReplayTheSpireMod:System Scan","Beam Cell"],"picked":"hubris:Ukulele","floor":12},{"not_picked":["Barrage","Conserve Battery"],"picked":"Hello World","floor":13},{"not_picked":["Coolheaded","Beam Cell"],"picked":"Steam","floor":14},{"not_picked":["ReplayGash","ReplayTheSpireMod:System Scan"],"picked":"ReplayTheSpireMod:Reroute Power","floor":15},{"not_picked":["Meteor Strike","Hyperbeam"],"picked":"Amplify","floor":16},{"not_picked":["Leap","Double Energy+1"],"picked":"Heatsinks","floor":18},{"not_picked":["Compile Driver","Hologram+1"],"picked":"Ball Lightning","floor":19},{"not_picked":["Cold Snap","Go for the Eyes+1"],"picked":"Time Bomb","floor":20},{"not_picked":["Meteor Strike","Rebound"],"picked":"Steam+1","floor":22},{"not_picked":["Steam","Chill"],"picked":"Redo","floor":23}],"player_experience":463398,"relics_obtained":[{"floor":6,"key":"Dream Catcher"},{"floor":9,"key":"infinitespire:ShieldingShard"}],"event_choices":[],"is_beta":false,"boss_relics":[{"not_picked":["hubris:CrackedHourglass","Replay:Drink Me"],"picked":"Replay:Bronze Core"}],"items_purged_floors":[],"is_endless":false,"potions_floor_spawned":[4,10,14,16,19,20],"killed_by":"Snecko","ascension_level":0}}