{"host":"0i8dz4ityulxi1rd","time":1607779967,"event":{"mods":["BaseMod","Colored Map","Colored Powertips","Custom Start","Highlight Path","Keyboard Shortcuts","Luminous","Minty Spire (QoL Compilation)","Robot Space Explorer","StSLib","SuperFastMode"],"gold_per_floor":[117,131,151,151,151,151,180,180,180,130,55,72,91,111,111,216,216,197,197,217,236,236,236],"floor_reached":22,"playtime":845,"items_purged":["RobotSpaceExplorer:Strike"],"score":188,"play_id":"7ccf1705-77db-47a9-bfd3-df51479ec7be","local_time":"20201212223247","is_ascension_mode":false,"campfire_choices":[{"floor":6,"key":"RECALL"},{"data":"RobotSpaceExplorer:MiniLasers","floor":8,"key":"SMITH"},{"data":"RobotSpaceExplorer:StarDust","floor":15,"key":"SMITH"}],"circlet_count":0,"master_deck":["RobotSpaceExplorer:Strike","RobotSpaceExplorer:Strike","RobotSpaceExplorer:Strike","RobotSpaceExplorer:Defend","RobotSpaceExplorer:Defend","RobotSpaceExplorer:Defend","RobotSpaceExplorer:Defend","RobotSpaceExplorer:Scan","RobotSpaceExplorer:MiniLasers+1","RobotSpaceExplorer:SurgingShield","RobotSpaceExplorer:FrostMissile","RobotSpaceExplorer:ScrapMissile","RobotSpaceExplorer:MiniBoosters","RobotSpaceExplorer:ScrapMissile","RobotSpaceExplorer:StarDust+1","RobotSpaceExplorer:ScrapMissile"],"relics":["RobotSpaceExplorer:RoboCore","NeowsBlessing","Darkstone Periapt","Torii","Happy Flower","Anchor","Philosopher\u0027s Stone","FaceOfCleric"],"acts_visited":["Exordium","TheCity"],"potions_floor_usage":[7,18,20],"damage_taken":[{"damage":0,"enemies":"Small Slimes","floor":1,"turns":1},{"damage":0,"enemies":"Jaw Worm","floor":2,"turns":1},{"damage":0,"enemies":"Cultist","floor":3,"turns":1},{"damage":27,"enemies":"3 Sentries","floor":7,"turns":8},{"damage":0,"enemies":"Lots of Slimes","floor":12,"turns":4},{"damage":0,"enemies":"Blue Slaver","floor":13,"turns":3},{"damage":0,"enemies":"2 Fungi Beasts","floor":14,"turns":2},{"damage":29,"enemies":"The Guardian","floor":16,"turns":9},{"damage":8,"enemies":"2 Thieves","floor":18,"turns":4},{"damage":0,"enemies":"Spheric Guardian","floor":20,"turns":3},{"damage":12,"enemies":"Centurion and Healer","floor":21,"turns":7}],"seed_played":"-9015030142145093129","potions_obtained":[{"floor":3,"key":"RobotSpaceExplorer:PlasmaFlask"},{"floor":13,"key":"AttackPotion"},{"floor":18,"key":"AttackPotion"}],"is_trial":false,"path_per_floor":["M","M","M","?","?","R","E","R","T","?","$","M","M","M","R","B",null,"M","?","M","M","$"],"character_chosen":"RobotSpaceExplorer","items_purchased":[],"campfire_rested":0,"item_purchase_floors":[],"current_hp_per_floor":[75,75,75,81,69,69,42,42,42,42,42,42,42,42,42,13,81,73,73,74,63,63,63],"gold":236,"neow_bonus":"THREE_ENEMY_KILL","is_daily":false,"chose_seed":false,"campfire_upgraded":2,"win_rate":0.0,"timestamp":1607779967,"path_taken":["M","M","M","?","?","R","E","R","T","?","$","M","?","M","R","BOSS","M","?","M","M","$"],"items_purchased_type":[],"build_version":"2020-11-30","purchased_purges":1,"victory":false,"max_hp_per_floor":[75,75,75,81,81,81,81,81,81,81,81,81,81,81,81,81,81,81,81,82,83,83,83],"card_choices":[{"not_picked":["RobotSpaceExplorer:TurboDodge","RobotSpaceExplorer:FrostMissile"],"picked":"RobotSpaceExplorer:SurgingShield","floor":1},{"not_picked":["RobotSpaceExplorer:DoubleBlock","RobotSpaceExplorer:SurgingShield"],"picked":"RobotSpaceExplorer:FrostMissile","floor":2},{"not_picked":["RobotSpaceExplorer:PowerGlove","RobotSpaceExplorer:Counterblock","RobotSpaceExplorer:GearShield"],"picked":"SKIP","floor":3},{"not_picked":["RobotSpaceExplorer:StunGrenade","RobotSpaceExplorer:Explosion"],"picked":"RobotSpaceExplorer:ScrapMissile","floor":7},{"not_picked":["RobotSpaceExplorer:Calculate","RobotSpaceExplorer:ExhaustFan"],"picked":"RobotSpaceExplorer:MiniBoosters","floor":12},{"not_picked":["RobotSpaceExplorer:SurgingStrike","RobotSpaceExplorer:ImprovisedAttack"],"picked":"RobotSpaceExplorer:ScrapMissile","floor":13},{"not_picked":["RobotSpaceExplorer:FranticSearch","RobotSpaceExplorer:Jetpack"],"picked":"RobotSpaceExplorer:StarDust","floor":14},{"not_picked":["RobotSpaceExplorer:Fix+1","RobotSpaceExplorer:SurgingStrike","RobotSpaceExplorer:DoubleFind"],"picked":"SKIP","floor":18},{"not_picked":["RobotSpaceExplorer:FrostMissile","RobotSpaceExplorer:GlueShot+1"],"picked":"RobotSpaceExplorer:ScrapMissile","floor":20},{"not_picked":["RobotSpaceExplorer:StunGrenade","RobotSpaceExplorer:ImprovisedAttack","RobotSpaceExplorer:BigMissile+1"],"picked":"SKIP","floor":21}],"player_experience":1249661,"relics_obtained":[{"floor":7,"key":"Happy Flower"},{"floor":9,"key":"Anchor"}],"event_choices":[{"damage_healed":0,"gold_gain":0,"player_choice":"Box","damage_taken":0,"relics_obtained":["Darkstone Periapt"],"max_hp_gain":0,"max_hp_loss":0,"event_name":"Big Fish","floor":4,"gold_loss":0,"cards_obtained":["Regret"]},{"damage_healed":0,"gold_gain":0,"player_choice":"Success","damage_taken":12,"relics_obtained":["Torii"],"max_hp_gain":0,"max_hp_loss":0,"event_name":"Scrap Ooze","floor":5,"gold_loss":0},{"cards_removed":["Regret"],"damage_healed":0,"gold_gain":0,"player_choice":"Card Removal","damage_taken":0,"max_hp_gain":0,"max_hp_loss":0,"event_name":"The Cleric","floor":10,"gold_loss":50},{"damage_healed":0,"gold_gain":0,"player_choice":"Trade","damage_taken":0,"relics_obtained":["FaceOfCleric"],"max_hp_gain":0,"max_hp_loss":0,"event_name":"FaceTrader","floor":19,"gold_loss":0}],"is_beta":false,"boss_relics":[{"not_picked":["Snecko Eye","Tiny House"],"picked":"Philosopher\u0027s Stone"}],"items_purged_floors":[11],"is_endless":false,"potions_floor_spawned":[3,13,18],"ascension_level":0}}