{"host":"rjmu5g8hpiele53d","time":1607792710,"event":{"mods":["2.2 Compatiblity","BaseMod","Downfall","GifTheSpireLib","Minty Spire (QoL Compilation)","StSLib"],"gold_per_floor":[99,99,109,129,229,229,276,69,69,102,121,121,133,147,167,167,167],"floor_reached":16,"playtime":1138,"items_purged":[],"score":122,"play_id":"82bf0d7a-1bd4-4b8f-9263-222f73359b98","local_time":"20201212170510","is_ascension_mode":true,"campfire_choices":[{"data":"Slimebound:CorrosiveSpit","floor":1,"key":"SMITH"},{"floor":6,"key":"REST"},{"floor":9,"key":"REST"}],"circlet_count":0,"master_deck":["Slimebound:Strike_Slimebound","Slimebound:Strike_Slimebound","Slimebound:Tackle","Slimebound:Defend_Slimebound","Slimebound:Defend_Slimebound","Slimebound:Defend_Slimebound","Slimebound:Split","Slimebound:CorrosiveSpit+1","Slimebound:LeechingTouch","Slimebound:DisruptingSlam+1","Slimebound:FinishingTackle","Slimebound:LeechEnergy","Slimebound:SplitAcid","Slimebound:MegaLick","Slimebound:SlimeSpikes","expansioncontent:DonusPower","Slimebound:Recollect","Slimebound:GoopSpray","Slimebound:FlameTackle","Slimebound:SlimeSpikes"],"relics":["Slimebound:AbsorbEndCombat","Juzu Bracelet","Centennial Puzzle","Guardian:PocketSentry","Pocketwatch"],"acts_visited":["Exordium"],"potions_floor_usage":[16,16],"damage_taken":[{"damage":7,"enemies":"Small Slimes","floor":3,"turns":3},{"damage":5,"enemies":"2 Louse","floor":4,"turns":2},{"damage":63,"enemies":"downfall:Heads","floor":5,"turns":7},{"damage":7,"enemies":"downfall:FleeingMerchant","floor":8,"turns":4},{"damage":32,"enemies":"Gremlin Nob","floor":10,"turns":4},{"damage":7,"enemies":"Cultist","floor":11,"turns":2},{"damage":18,"enemies":"Exordium Thugs","floor":13,"turns":3},{"damage":15,"enemies":"Large Slime","floor":14,"turns":4},{"damage":8,"enemies":"Blue Slaver","floor":15,"turns":3},{"damage":50,"enemies":"downfall:CharBossSilent","floor":16,"turns":6}],"seed_played":"6450369344398827964","potions_obtained":[{"floor":3,"key":"Ancient Potion"},{"floor":10,"key":"PowerPotion"},{"floor":13,"key":"Slimebound:SlimedPotion"},{"floor":15,"key":"LiquidMemories"}],"is_trial":false,"path_per_floor":["R","?","M","M","?","R","T","$","R","E","M","?","M","M","M","B"],"character_chosen":"SLIMEBOUND","items_purchased":["Guardian:PocketSentry","Slimebound:SplitAcid"],"campfire_rested":2,"item_purchase_floors":[8,8],"current_hp_per_floor":[66,63,62,65,14,33,33,36,55,37,38,38,32,29,31,0,0],"gold":167,"neow_bonus":"TEN_PERCENT_HP_BONUS","is_daily":false,"chose_seed":false,"campfire_upgraded":1,"win_rate":0.0,"timestamp":1607792710,"path_taken":["R","?","M","M","?","R","T","$","R","E","M","?","M","M","M","BOSS"],"items_purchased_type":["Relic","Card"],"build_version":"2020-11-30","purchased_purges":0,"victory":false,"max_hp_per_floor":[66,66,66,66,66,66,66,66,66,66,66,66,66,66,66,66,66],"card_choices":[{"not_picked":["Slimebound:HauntingLick","Slimebound:ItLooksTasty"],"picked":"Slimebound:LeechingTouch","floor":3},{"not_picked":["Slimebound:LeechingTouch","Slimebound:PressTheAttack"],"picked":"Slimebound:DisruptingSlam","floor":4},{"not_picked":["Slimebound:Prepare","Slimebound:ViciousTackle"],"picked":"Slimebound:LeechEnergy","floor":5},{"not_picked":["Slimebound:Schlurp","Slimebound:SamplingLick"],"picked":"Slimebound:MegaLick","floor":10},{"not_picked":["Slimebound:LeechEnergy","Slimebound:SplitLeeching"],"picked":"Slimebound:SlimeSpikes","floor":11},{"not_picked":["Slimebound:SplitLeeching","Slimebound:Grow"],"picked":"Slimebound:GoopSpray","floor":13},{"not_picked":["Slimebound:ItLooksTasty","Slimebound:GrowthPunch"],"picked":"Slimebound:FlameTackle","floor":14},{"not_picked":["Slimebound:GrowthPunch","Slimebound:SplitLeeching"],"picked":"Slimebound:SlimeSpikes","floor":15}],"player_experience":1508624,"relics_obtained":[{"floor":7,"key":"Centennial Puzzle"},{"floor":10,"key":"Pocketwatch"}],"event_choices":[{"damage_healed":0,"gold_gain":0,"player_choice":"Success","damage_taken":3,"relics_obtained":["Juzu Bracelet"],"max_hp_gain":0,"max_hp_loss":0,"event_name":"Scrap Ooze","floor":2,"gold_loss":0}],"is_beta":false,"boss_relics":[],"items_purged_floors":[],"is_endless":false,"potions_floor_spawned":[3,10,13,15],"killed_by":"downfall:CharBossSilent","ascension_level":4}}