{"host":"wkcoec525dnrk4jw","time":1607788118,"event":{"mods":["BaseMod","Minty Spire (QoL Compilation)","Quick Restart","Shop Mod","StSLib","The Bladedancer","The Cursed","[IsaacMod]ÒÔÈö¼âËþ"],"gold_per_floor":[117,134,147,147,160,190,0,0,68,80,80,106,118,131,131,230,230,247,247,297,316,2,2,34,34,34,34,0,0,18,45,45,149,149,167,181,11,30,83,83,11,44,112,137,137,137,147,157,157,157],"floor_reached":51,"playtime":3309,"items_purged":[],"score":830,"play_id":"8b3d3a41-6b57-423f-843d-350c16382ae8","local_time":"20201212234838","is_ascension_mode":false,"campfire_choices":[{"floor":8.0,"key":"REST"},{"data":"EpicFetus","floor":11.0,"key":"SMITH"},{"data":"TheCursedMod:CircleOfFlame","floor":15.0,"key":"SMITH"},{"floor":25,"key":"REST"},{"data":"TheCursedMod:StunningStrike","floor":29,"key":"SMITH"},{"data":"TheCursedMod:CircleOfWindfury","floor":32,"key":"SMITH"},{"data":"TheCursedMod:Hemoplague","floor":40,"key":"SMITH"},{"data":"TheCursedMod:EmpowerCircles","floor":46,"key":"SMITH"},{"data":"TheCursedMod:DarkBarrier","floor":49,"key":"SMITH"}],"circlet_count":0,"master_deck":["TheCursedMod:Strike_TheCursed","TheCursedMod:Strike_TheCursed","TheCursedMod:Strike_TheCursed","TheCursedMod:Strike_TheCursed","TheCursedMod:Defend_TheCursed","TheCursedMod:Defend_TheCursed","TheCursedMod:Defend_TheCursed","TheCursedMod:Defend_TheCursed","TheCursedMod:CursedWand","TheCursedMod:CleanUpWorkshop","TheCursedMod:Dregs","EpicFetus+1","TheCursedMod:StunningStrike+1","TheCursedMod:CursedAmulet","TheCursedMod:Mangle","Decay","TheCursedMod:CircleOfFlame","TheCursedMod:ReleasedKnowledge+1","TheCursedMod:CircleOfBlood","TheCursedMod:SurpriseAttack","TheCursedMod:CircleOfFlame+1","TheCursedMod:WearCloak+1","TheCursedMod:Stigma","TheCursedMod:CircleOfBlood","TheCursedMod:VoidForm","TheCursedMod:FleshFromBone","TheCursedMod:SmokeScreen+1","TheCursedMod:DoubleShield+1","TheCursedMod:CursedStaff+1","TheCursedMod:RapidMovement+1","TheCursedMod:SpitefulPray","TheCursedMod:CircleOfFlame","TheCursedMod:CircleOfWindfury+1","TheCursedMod:AntiAging","TheCursedMod:SpitefulStrike+1","TheCursedMod:CursedStaff","TheCursedMod:Hemoplague+1","TheCursedMod:VitalStrike","TheCursedMod:CursedAmulet+1","TheCursedMod:CursedBlade+1","TheCursedMod:StunningStrike","TheCursedMod:EmpowerCircles+1","TheCursedMod:CursedAmulet+1","TheCursedMod:DarkBarrier+1"],"relics":["TheCursedMod:BlackMagic101","HushsDoor","DeathBook","FossilizedHelix","SteamSale","SharpPlug","TheCursedMod:CrystalBall","SlaversCollar","InkBottle","Omamori","Eternal Feather","War Paint","Sling","TheCursedMod:BloodyHarpoon","BookofShadows","MutagenicStrength","Pantograph","MagicMushroom","DeadEye","GuppysTail","TheBean","Centennial Puzzle","DoctorsRemote","Nunchaku"],"acts_visited":["Exordium","TheCity","TheBeyond"],"potions_floor_usage":[20,42],"damage_taken":[{"damage":10.0,"enemies":"Small Slimes","floor":1.0,"turns":3.0},{"damage":0.0,"enemies":"Cultist","floor":2.0,"turns":3.0},{"damage":8.0,"enemies":"Jaw Worm","floor":3.0,"turns":3.0},{"damage":7.0,"enemies":"Blue Slaver","floor":5.0,"turns":3.0},{"damage":0.0,"enemies":"3 Sentries","floor":6.0,"turns":1.0},{"damage":0.0,"enemies":"Gremlin Gang","floor":10.0,"turns":3.0},{"damage":13.0,"enemies":"Lagavulin","floor":12.0,"turns":5.0},{"damage":0.0,"enemies":"Exordium Thugs","floor":13.0,"turns":3.0},{"damage":11.0,"enemies":"Exordium Wildlife","floor":14.0,"turns":4.0},{"damage":25.0,"enemies":"Hexaghost","floor":16.0,"turns":9.0},{"damage":7,"enemies":"Chosen","floor":18,"turns":3},{"damage":0,"enemies":"Hiden Room Battle","floor":20,"turns":3},{"damage":30,"enemies":"3 Byrds","floor":21,"turns":6},{"damage":11,"enemies":"Gremlin Leader","floor":24,"turns":5},{"damage":0,"enemies":"Snake Plant","floor":30,"turns":5},{"damage":20,"enemies":"Slavers","floor":31,"turns":3},{"damage":12,"enemies":"Champ","floor":33,"turns":10},{"damage":0,"enemies":"3 Darklings","floor":35,"turns":1},{"damage":10,"enemies":"3 Shapes","floor":36,"turns":4},{"damage":0,"enemies":"Jaw Worm Horde","floor":38,"turns":5},{"damage":6,"enemies":"2 Orb Walkers","floor":39,"turns":5},{"damage":9,"enemies":"Reptomancer","floor":42,"turns":4},{"damage":0,"enemies":"Giant Head","floor":44,"turns":7},{"damage":14,"enemies":"3 Darklings","floor":47,"turns":4},{"damage":0,"enemies":"Sphere and 2 Shapes","floor":48,"turns":3},{"damage":14,"enemies":"Time Eater","floor":50,"turns":10}],"seed_played":"-5432195430110241989","potions_obtained":[{"floor":2.0,"key":"Ancient Potion"},{"floor":3.0,"key":"SkillPotion"},{"floor":10.0,"key":"FearPotion"},{"floor":21,"key":"Dexterity Potion"},{"floor":33,"key":"Block Potion"},{"floor":39,"key":"AttackPotion"},{"floor":48,"key":"PowerPotion"}],"is_trial":false,"path_per_floor":["M","M","M","?","M","E","$","R","T","M","R","E","M","M","R","B",null,"M","?","?","M","$","?","E","R","T","?","$","R","M","E","R","B",null,"M","M","$","M","?","R","$","E","T","E","?","R","M","M","R","B",null],"character_chosen":"THE_CURSED","items_purchased":["SteamSale","TheCursedMod:CircleOfBlood","TheCursedMod:SurpriseAttack","Eternal Feather","War Paint","Sling","TheCursedMod:CursedStaff","TheCursedMod:SpitefulPray","DeadEye","TheCursedMod:Hemoplague","TheCursedMod:VitalStrike","TheBean"],"campfire_rested":2,"item_purchase_floors":[7,7,7,22,22,22,22,28,37,37,37,41],"current_hp_per_floor":[72,72,64,64,57,57,57,81,81,81,81,69,69,62,62,39,82,82,66,70,46,46,46,43,87,87,87,87,87,87,75,87,75,94,94,86,86,89,84,96,96,91,91,98,98,98,88,91,102,88],"gold":157,"neow_bonus":"TEN_PERCENT_HP_BONUS","is_daily":false,"chose_seed":false,"campfire_upgraded":7,"win_rate":0.0,"timestamp":1607788118,"path_taken":["M","M","M","?","M","E","?","R","T","M","R","E","?","M","R","BOSS","M","?","?","M","?","?","E","R","T","?","$","R","M","E","R","BOSS","M","M","$","M","?","R","$","E","T","E","?","R","M","M","R","BOSS"],"items_purchased_type":["Relic","Card","Card","Relic","Relic","Relic","Card","Card","Relic","Card","Card","Relic"],"build_version":"2020-11-30","purchased_purges":0,"victory":true,"max_hp_per_floor":[82,82,82,82,82,82,82,82,82,82,82,82,82,82,82,82,82,82,87,87,87,87,87,87,87,87,87,87,87,87,87,87,87,94,94,96,96,96,96,96,96,96,96,98,98,98,100,102,102,102],"card_choices":[{"not_picked":[],"picked":"EpicFetus","floor":0.0},{"not_picked":["TheCursedMod:RavingStaff","TheCursedMod:Stretching"],"picked":"TheCursedMod:StunningStrike","floor":1.0},{"not_picked":["TheCursedMod:AshesToAshes","TheCursedMod:Wield"],"picked":"TheCursedMod:CursedAmulet","floor":2.0},{"not_picked":["TheCursedMod:PrepareRite","TheCursedMod:EmpowerCircles"],"picked":"TheCursedMod:Mangle","floor":3.0},{"not_picked":["TheCursedMod:SmokeScreen","TheCursedMod:Stretching"],"picked":"TheCursedMod:CircleOfFlame","floor":5.0},{"not_picked":["TheCursedMod:TacticalStrike","TheCursedMod:TroublousMinions"],"picked":"TheCursedMod:ReleasedKnowledge","floor":6.0},{"not_picked":["TheCursedMod:FuryStrike","TheCursedMod:Stigma"],"picked":"TheCursedMod:CircleOfFlame","floor":10.0},{"not_picked":["TheCursedMod:CircleOfWindfury","TheCursedMod:Neurasthenia"],"picked":"TheCursedMod:WearCloak","floor":12.0},{"not_picked":["TheCursedMod:SurpriseAttack","TheCursedMod:Wield"],"picked":"TheCursedMod:Stigma","floor":13.0},{"not_picked":["TheCursedMod:StingEye","TheCursedMod:CursedAmulet"],"picked":"TheCursedMod:CircleOfBlood","floor":14.0},{"not_picked":["TheCursedMod:Neurasthenia","TheCursedMod:NeowsMight"],"picked":"TheCursedMod:VoidForm","floor":16.0},{"not_picked":["TheCursedMod:Stretching","TheCursedMod:VitalStrike"],"picked":"TheCursedMod:FleshFromBone","floor":18},{"not_picked":["TheCursedMod:DarkBarrier","TheCursedMod:Grudge"],"picked":"TheCursedMod:SmokeScreen+1","floor":20},{"not_picked":["TheCursedMod:WearCloak","TheCursedMod:ReleasedStrength"],"picked":"TheCursedMod:DoubleShield+1","floor":21},{"not_picked":["TheCursedMod:DoubleShield","TheCursedMod:CircleOfFlame"],"picked":"TheCursedMod:RapidMovement+1","floor":24},{"not_picked":["TheCursedMod:Wield","TheCursedMod:Stretching"],"picked":"TheCursedMod:CircleOfFlame","floor":30},{"not_picked":["TheCursedMod:SmokeScreen+1","TheCursedMod:CursedSpellbook+1"],"picked":"TheCursedMod:CircleOfWindfury","floor":31},{"not_picked":["TheCursedMod:OutForBlood","TheCursedMod:ManaCirculation"],"picked":"TheCursedMod:AntiAging","floor":33},{"not_picked":["TheCursedMod:VitalStrike","TheCursedMod:Evocation"],"picked":"TheCursedMod:SpitefulStrike+1","floor":35},{"not_picked":["TheCursedMod:RapidMovement","TheCursedMod:TroublousMinions"],"picked":"TheCursedMod:CursedStaff","floor":36},{"not_picked":["TheCursedMod:SpitefulPlan+1","TheCursedMod:SpreadPlague"],"picked":"TheCursedMod:CursedAmulet+1","floor":38},{"not_picked":["TheCursedMod:CursedArmor+1","TheCursedMod:Torture"],"picked":"TheCursedMod:CursedBlade+1","floor":39},{"not_picked":["TheCursedMod:HellsGateOpen","TheCursedMod:Torture+1"],"picked":"TheCursedMod:StunningStrike","floor":42},{"not_picked":["TheCursedMod:StingEye","TheCursedMod:SpitefulStrike+1"],"picked":"TheCursedMod:EmpowerCircles","floor":44},{"not_picked":["TheCursedMod:Torture","TheCursedMod:CursedMace"],"picked":"TheCursedMod:CursedAmulet+1","floor":47},{"not_picked":["TheCursedMod:Stretching","TheCursedMod:CursedAmulet+1"],"picked":"TheCursedMod:DarkBarrier","floor":48}],"player_experience":101072,"relics_obtained":[{"floor":6.0,"key":"FossilizedHelix"},{"floor":9.0,"key":"SharpPlug"},{"floor":12.0,"key":"TheCursedMod:CrystalBall"},{"floor":20,"key":"InkBottle"},{"floor":20,"key":"Omamori"},{"floor":24,"key":"TheCursedMod:BloodyHarpoon"},{"floor":26,"key":"BookofShadows"},{"floor":31,"key":"Pantograph"},{"floor":39,"key":"GuppysTail"},{"floor":42,"key":"Centennial Puzzle"},{"floor":43,"key":"DoctorsRemote"},{"floor":44,"key":"Nunchaku"}],"event_choices":[{"damage_healed":0.0,"max_hp_gain":0.0,"max_hp_loss":0.0,"gold_gain":0.0,"event_name":"Wheel of Change","player_choice":"Cursed","floor":4.0,"gold_loss":0.0,"damage_taken":0.0,"cards_obtained":["Decay"]},{"damage_healed":0,"gold_gain":0,"player_choice":"Shed Blood","damage_taken":21,"max_hp_gain":5,"max_hp_loss":0,"event_name":"Forgotten Altar","floor":19,"gold_loss":0},{"damage_healed":0,"gold_gain":0,"player_choice":"Fight","damage_taken":0,"max_hp_gain":0,"max_hp_loss":0,"event_name":"HidenRoomEvent","floor":20,"gold_loss":0},{"damage_healed":0,"gold_gain":0,"player_choice":"Upgraded","damage_taken":0,"max_hp_gain":0,"max_hp_loss":0,"event_name":"Upgrade Shrine","floor":23,"gold_loss":0,"cards_upgraded":["TheCursedMod:CursedStaff"]},{"damage_healed":0,"gold_gain":0,"player_choice":"Inject Mutagens","damage_taken":0,"relics_obtained":["MutagenicStrength"],"max_hp_gain":0,"max_hp_loss":0,"event_name":"Drug Dealer","floor":27,"gold_loss":0},{"damage_healed":0,"gold_gain":0,"player_choice":"Fight","damage_taken":0,"max_hp_gain":0,"max_hp_loss":0,"event_name":"Mysterious Sphere","floor":39,"gold_loss":0},{"damage_healed":0,"gold_gain":0,"player_choice":"Ignored","damage_taken":0,"max_hp_gain":0,"max_hp_loss":0,"event_name":"NoteForYourself","floor":45,"gold_loss":0}],"is_beta":false,"boss_relics":[{"not_picked":["Coffee Dripper","SacredBark"],"picked":"SlaversCollar"},{"not_picked":[]},{"not_picked":["Astrolabe","Busted Crown"],"picked":"MagicMushroom"},{"not_picked":[]}],"items_purged_floors":[],"is_endless":false,"potions_floor_spawned":[2,3,10,12,16,21,33,39,44,48],"ascension_level":0}}