{"host":"5gc11emcm5chfr5t","time":1607736344,"event":{"mods":["2.2 Compatiblity","AchievementEnabler","BaseMod","Bestiary","Better Note","Colored Map","Colored Powertips","Googly Eyes","Minty Spire (QoL Compilation)","Rare Cards Sparkle","StSLib"],"gold_per_floor":[116,116,132,152,327,353,353,353,353,353,368,380,414,435,435,537,537,556,556,574,29,47,47,47],"floor_reached":23,"playtime":853,"items_purged":["Doubt"],"score":201,"play_id":"2c575eae-f502-4410-a47a-81d264477862","local_time":"20201211202544","is_ascension_mode":false,"campfire_choices":[{"data":"Iron Wave","floor":7,"key":"SMITH"},{"data":"Armaments","floor":10,"key":"SMITH"},{"floor":15,"key":"REST"}],"circlet_count":0,"master_deck":["Strike_R","Strike_R","Strike_R","Strike_R","Strike_R","Defend_R","Defend_R","Defend_R","Defend_R","Bash","Armaments+1","Feel No Pain","Cleave","Iron Wave+1","Headbutt","Fiend Fire","Ghostly Armor","Warcry","Demon Form","CurseOfTheBell","Pummel","Bludgeon","Metallicize+1","Perfected Strike","Pummel"],"relics":["Burning Blood","NeowsBlessing","Lantern","Bag of Marbles","Ornamental Fan","Pantograph","Juzu Bracelet","Odd Mushroom","Calling Bell","Tiny Chest","Blue Candle","Magic Flower","Strange Spoon","Incense Burner"],"acts_visited":["Exordium","TheCity"],"potions_floor_usage":[6,6,16,16],"damage_taken":[{"damage":0,"enemies":"Cultist","floor":1,"turns":1},{"damage":0,"enemies":"2 Louse","floor":3,"turns":1},{"damage":0,"enemies":"Jaw Worm","floor":4,"turns":1},{"damage":18,"enemies":"3 Sentries","floor":6,"turns":7},{"damage":2,"enemies":"2 Fungi Beasts","floor":11,"turns":3},{"damage":7,"enemies":"3 Louse","floor":12,"turns":4},{"damage":25,"enemies":"Lagavulin","floor":13,"turns":6},{"damage":13,"enemies":"The Mushroom Lair","floor":14,"turns":3},{"damage":37,"enemies":"Slime Boss","floor":16,"turns":11},{"damage":22,"enemies":"Chosen","floor":18,"turns":6},{"damage":36,"enemies":"Spheric Guardian","floor":20,"turns":8},{"damage":34,"enemies":"Snake Plant","floor":22,"turns":6},{"damage":18,"enemies":"Gremlin Leader","floor":23,"turns":3}],"seed_played":"-8610044550258813423","potions_obtained":[{"floor":3,"key":"LiquidBronze"},{"floor":4,"key":"Explosive Potion"},{"floor":13,"key":"Strength Potion"},{"floor":14,"key":"Fire Potion"}],"is_trial":false,"path_per_floor":["M","T","M","M","?","E","R","T","T","R","M","M","E","?","R","B",null,"M","?","M","$","M","E"],"character_chosen":"IRONCLAD","items_purchased":["Strange Spoon","Incense Burner","Perfected Strike"],"campfire_rested":1,"item_purchase_floors":[21,21,21],"current_hp_per_floor":[80,80,80,80,80,68,68,68,68,68,72,71,52,45,69,49,80,67,67,40,40,15,0,0],"gold":47,"neow_bonus":"THREE_ENEMY_KILL","is_daily":false,"chose_seed":false,"campfire_upgraded":2,"win_rate":0.0,"timestamp":1607736344,"path_taken":["M","?","M","M","?","E","R","?","T","R","M","M","E","?","R","BOSS","M","?","M","$","M","E"],"items_purchased_type":["Relic","Relic","Card"],"build_version":"2020-11-30","purchased_purges":1,"victory":false,"max_hp_per_floor":[80,80,80,80,80,80,80,80,80,80,80,80,80,80,80,80,80,80,80,80,80,80,80,80],"card_choices":[{"not_picked":["Clothesline","Headbutt"],"picked":"Armaments","floor":1},{"not_picked":["Wild Strike","Whirlwind"],"picked":"Feel No Pain","floor":3},{"not_picked":["Rage","Warcry"],"picked":"Cleave","floor":4},{"not_picked":["Pommel Strike","Cleave"],"picked":"Iron Wave","floor":6},{"not_picked":["Twin Strike","Anger"],"picked":"Headbutt","floor":11},{"not_picked":["Shrug It Off","Cleave"],"picked":"Fiend Fire","floor":12},{"not_picked":["Clothesline","Dual Wield"],"picked":"Ghostly Armor","floor":13},{"not_picked":["Body Slam","Dual Wield"],"picked":"Warcry","floor":14},{"not_picked":["Double Tap","Juggernaut"],"picked":"Demon Form","floor":16},{"not_picked":["Perfected Strike","Shockwave"],"picked":"Pummel","floor":18},{"not_picked":["Havoc","Pommel Strike"],"picked":"Metallicize+1","floor":20},{"not_picked":["Anger","Searing Blow"],"picked":"Pummel","floor":22}],"player_experience":320461,"relics_obtained":[{"floor":2,"key":"Lantern"},{"floor":6,"key":"Bag of Marbles"},{"floor":8,"key":"Ornamental Fan"},{"floor":9,"key":"Pantograph"},{"floor":13,"key":"Juzu Bracelet"},{"floor":14,"key":"Odd Mushroom"},{"floor":17,"key":"Tiny Chest"},{"floor":17,"key":"Blue Candle"},{"floor":17,"key":"Magic Flower"}],"event_choices":[{"damage_healed":0,"gold_gain":175,"player_choice":"AGREE","damage_taken":0,"max_hp_gain":0,"max_hp_loss":0,"event_name":"Liars Game","floor":5,"gold_loss":0,"cards_obtained":["Doubt"]},{"damage_healed":0,"gold_gain":0,"player_choice":"Fought Mushrooms","damage_taken":0,"max_hp_gain":0,"max_hp_loss":0,"event_name":"Mushrooms","floor":14,"gold_loss":0},{"cards_removed":["Doubt"],"damage_healed":0,"gold_gain":0,"player_choice":"Take \u0026 Give","damage_taken":0,"max_hp_gain":0,"max_hp_loss":0,"event_name":"betterNote:BetterNote","floor":19,"gold_loss":0,"cards_obtained":["Bludgeon"]}],"is_beta":false,"boss_relics":[{"not_picked":["Sozu","Velvet Choker"],"picked":"Calling Bell"}],"items_purged_floors":[21],"is_endless":false,"potions_floor_spawned":[3,4,13,14],"killed_by":"Gremlin Leader","ascension_level":0}}