{"host":"yo9wwslrag05lh37","time":1607735158,"event":{"mods":["AchievementEnabler","BaseMod","Block Reminder","Colored Map","Colored Powertips","GifTheSpireLib","HexUI Lib","Highlight Path","Minty Spire (QoL Compilation)","Rare Cards Sparkle","Relic Stats","StSLib","everything is the same but u backflip on backflip"],"gold_per_floor":[116,116,191,217,5,36,36,46,73,16,16,48,67,95,95,95,95],"floor_reached":16,"playtime":341,"items_purged":["Strike_B"],"score":282,"play_id":"3c9370e2-df80-4a43-9a77-bc7b3d271294","local_time":"20201212020558","is_ascension_mode":true,"campfire_choices":[{"data":"Zap","floor":7.0,"key":"SMITH"},{"floor":15,"key":"REST"}],"circlet_count":0,"master_deck":["AscendersBane","Strike_B","Strike_B","Strike_B","Defend_B","Defend_B","Defend_B","Defend_B","Zap+1","Dualcast","Steam","Genetic Algorithm","Ball Lightning","Conserve Battery","Capacitor","Doom and Gloom","Buffer"],"relics":["Cracked Core","NeowsBlessing","Lantern","Membership Card","Matryoshka","Strawberry","Omamori","MealTicket","White Beast Statue"],"acts_visited":["Exordium"],"potions_floor_usage":[14,14],"damage_taken":[{"damage":0.0,"enemies":"Cultist","floor":1.0,"turns":1.0},{"damage":0.0,"enemies":"3 Sentries","floor":6.0,"turns":2.0},{"damage":0.0,"enemies":"Jaw Worm","floor":8.0,"turns":1.0},{"damage":13.0,"enemies":"Lagavulin","floor":12.0,"turns":7.0},{"damage":0.0,"enemies":"2 Louse","floor":13.0,"turns":3.0},{"damage":30,"enemies":"Gremlin Nob","floor":14,"turns":4},{"damage":41,"enemies":"Slime Boss","floor":16,"turns":8}],"seed_played":"-4654947734900982126","potions_obtained":[{"floor":1.0,"key":"Explosive Potion"},{"floor":6.0,"key":"Fire Potion"}],"is_trial":false,"path_per_floor":["M","$","?","T","$","E","R","M","T","$","?","E","M","E","R","B"],"character_chosen":"DEFECT","items_purchased":["Membership Card","Genetic Algorithm","Capacitor"],"campfire_rested":1,"item_purchase_floors":[5,5,10],"current_hp_per_floor":[64,64,53,53,53,53,53,53,60,60,60,47,47,17,40,0,0],"gold":95,"neow_bonus":"THREE_ENEMY_KILL","is_daily":false,"chose_seed":false,"campfire_upgraded":1,"win_rate":0.0,"timestamp":1607735158,"path_taken":["M","?","?","?","$","E","R","M","T","$","?","E","M","E","R","BOSS"],"items_purchased_type":["Relic","Card","Card"],"build_version":"2020-11-30","purchased_purges":1,"victory":false,"max_hp_per_floor":[71,71,71,71,71,71,71,71,78,78,78,78,78,78,78,78,78],"relic_stats":{"counters":[7,26],"MealTicket":0,"obtain_stats":[{"Lantern":4,"Matryoshka":6,"NeowsBlessing":0,"Strawberry":9,"MealTicket":12,"Omamori":9,"Membership Card":5,"Cracked Core":0,"White Beast Statue":14},{"Lantern":1,"Matryoshka":2,"NeowsBlessing":0,"Strawberry":3,"MealTicket":4,"Omamori":3,"Membership Card":1,"Cracked Core":0,"White Beast Statue":6},{"Lantern":1,"Matryoshka":3,"NeowsBlessing":0,"Strawberry":4,"MealTicket":11,"Omamori":4,"Membership Card":1,"Cracked Core":0,"White Beast Statue":18}]},"card_choices":[{"not_picked":["Aggregate","Rip and Tear"],"picked":"Steam","floor":1.0},{"not_picked":["Darkness","Tempest"],"picked":"Ball Lightning","floor":6.0},{"not_picked":["Cold Snap","Beam Cell"],"picked":"Conserve Battery","floor":8.0},{"not_picked":["Compile Driver","Redo","Rebound"],"picked":"SKIP","floor":12.0},{"not_picked":["Redo","Ball Lightning"],"picked":"Doom and Gloom","floor":13},{"not_picked":["Gash","Barrage"],"picked":"Buffer","floor":14}],"player_experience":1328544,"relics_obtained":[{"floor":4.0,"key":"Lantern"},{"floor":6.0,"key":"Matryoshka"},{"floor":9.0,"key":"Strawberry"},{"floor":9.0,"key":"Omamori"},{"floor":12.0,"key":"MealTicket"},{"floor":14,"key":"White Beast Statue"}],"event_choices":[{"damage_healed":0.0,"max_hp_gain":0.0,"max_hp_loss":0.0,"gold_gain":75.0,"event_name":"World of Goop","player_choice":"Gather Gold","floor":3.0,"gold_loss":0.0,"damage_taken":11.0},{"damage_healed":0.0,"max_hp_gain":0.0,"max_hp_loss":0.0,"gold_gain":0.0,"event_name":"Match and Keep!","player_choice":"0 cards matched","floor":11.0,"gold_loss":0.0,"damage_taken":0.0,"cards_obtained":[]}],"is_beta":false,"boss_relics":[],"items_purged_floors":[10],"is_endless":false,"potions_floor_spawned":[1,6,12],"killed_by":"Slime Boss","ascension_level":20}}