{"host":"1tl36azeqm6yhdgj","time":1607814428,"event":{"mods":["AchievementEnabler","BaseMod","Minty Spire (QoL Compilation)","StSLib","The IronCluck","everything is the same but u backflip on backflip"],"gold_per_floor":[110,27,27,27,46,87,87,127,127,155,180,180,8,42,42,165,165,189,54,54,54,74,105,27,71,95,95,95],"floor_reached":27,"playtime":611,"items_purged":[],"score":485,"play_id":"7f45b5d5-0788-431e-a304-4d4727f9a69b","local_time":"20201212180708","is_ascension_mode":true,"campfire_choices":[{"data":"Dramatic Entrance","floor":7.0,"key":"SMITH"},{"data":"Whirlwind","floor":12.0,"key":"SMITH"},{"data":"Fire Breathing","floor":15.0,"key":"SMITH"}],"circlet_count":0,"master_deck":["AscendersBane","Strike_R","Strike_R","Strike_R","Strike_R","Strike_R","Defend_R","Defend_R","Defend_R","Defend_R","Bash","Cleave","Dramatic Entrance+1","Inflame","Whirlwind+1","Fire Breathing+1","Chill","Burst","Conserve Battery+1","Bandage Up","Madness","SignatureMove","Disarm+1","Panacea","Phantasmal Killer"],"relics":["Burning Blood","NeowsBlessing","Golden Idol","Self Forming Clay","PreservedInsect","The Courier","Odd Mushroom","PrismaticShard","Oddly Smooth Stone","SlaversCollar","CaptainsWheel","Potion Belt","Akabeko"],"acts_visited":["Exordium","TheCity"],"potions_floor_usage":[],"damage_taken":[{"damage":0.0,"enemies":"Cultist","floor":1.0,"turns":1.0},{"damage":0.0,"enemies":"2 Louse","floor":5.0,"turns":1.0},{"damage":0.0,"enemies":"Gremlin Nob","floor":6.0,"turns":1.0},{"damage":31.0,"enemies":"3 Sentries","floor":8.0,"turns":8.0},{"damage":0.0,"enemies":"The Mushroom Lair","floor":10.0,"turns":1.0},{"damage":0.0,"enemies":"Gremlin Nob","floor":14.0,"turns":2.0},{"damage":45.0,"enemies":"The Guardian","floor":16.0,"turns":16.0},{"damage":6.0,"enemies":"3 Byrds","floor":18.0,"turns":4.0},{"damage":10.0,"enemies":"Chosen","floor":22.0,"turns":4.0},{"damage":39.0,"enemies":"Gremlin Leader","floor":23.0,"turns":9.0},{"damage":34.0,"enemies":"Slavers","floor":25.0,"turns":4.0},{"damage":21,"enemies":"Sentry and Sphere","floor":27,"turns":2}],"seed_played":"-1878459667961897878","potions_obtained":[{"floor":1.0,"key":"FearPotion"},{"floor":8.0,"key":"AttackPotion"},{"floor":10.0,"key":"Fire Potion"},{"floor":18.0,"key":"PowerPotion"}],"is_trial":false,"path_per_floor":["M","$","?","?","M","E","R","E","T","?","T","R","$","E","R","B",null,"M","$","?","?","M","E","$","E","T","M"],"character_chosen":"IRONCLAD","items_purchased":["Dramatic Entrance","PrismaticShard","Fire Breathing","Bandage Up","Madness","Panacea"],"campfire_rested":0,"item_purchase_floors":[2,13,13,19,19,24],"current_hp_per_floor":[78,78,83,79,79,79,79,54,54,60,60,60,60,66,66,27,66,66,66,66,66,66,37,37,13,13,0,0],"gold":95,"neow_bonus":"THREE_ENEMY_KILL","is_daily":false,"chose_seed":false,"campfire_upgraded":3,"win_rate":0.0,"timestamp":1607814428,"path_taken":["M","?","?","?","M","E","R","E","T","?","?","R","$","E","R","BOSS","M","?","?","?","M","E","?","E","T","M"],"items_purchased_type":["Card","Relic","Card","Card","Card","Card"],"build_version":"2020-11-30","purchased_purges":0,"victory":false,"max_hp_per_floor":[80,80,85,79,79,79,79,79,79,79,79,79,79,79,79,79,79,79,79,79,79,79,79,79,79,79,79,79],"card_choices":[{"not_picked":["Battle Trance","Clash"],"picked":"Cleave","floor":1.0},{"not_picked":["True Grit","Perfected Strike","Headbutt"],"picked":"SKIP","floor":5.0},{"not_picked":["Heavy Blade","True Grit","Power Through"],"picked":"SKIP","floor":6.0},{"not_picked":["Thunderclap","Pummel"],"picked":"Inflame","floor":8.0},{"not_picked":["Evolve","Wild Strike"],"picked":"Whirlwind","floor":10.0},{"not_picked":["Body Slam","Scrape"],"picked":"Chill","floor":14.0},{"not_picked":["Mayhem","Offering"],"picked":"Burst","floor":16.0},{"not_picked":["Cleave+1","MentalFortress"],"picked":"Conserve Battery+1","floor":18.0},{"not_picked":["Iron Wave","Bane"],"picked":"SignatureMove","floor":22.0},{"not_picked":["Cloak And Dagger","Sweeping Beam"],"picked":"Disarm+1","floor":23.0},{"not_picked":["Blur+1","FollowUp"],"picked":"Phantasmal Killer","floor":25.0}],"player_experience":1916191,"relics_obtained":[{"floor":6.0,"key":"Self Forming Clay"},{"floor":8.0,"key":"PreservedInsect"},{"floor":9.0,"key":"The Courier"},{"floor":10.0,"key":"Odd Mushroom"},{"floor":14.0,"key":"Oddly Smooth Stone"},{"floor":23.0,"key":"CaptainsWheel"},{"floor":25.0,"key":"Potion Belt"},{"floor":26.0,"key":"Akabeko"}],"event_choices":[{"damage_healed":0.0,"max_hp_gain":5.0,"max_hp_loss":0.0,"gold_gain":0.0,"event_name":"Big Fish","player_choice":"Donut","floor":3.0,"gold_loss":0.0,"damage_taken":0.0},{"damage_healed":0.0,"max_hp_gain":0.0,"max_hp_loss":6.0,"gold_gain":0.0,"event_name":"Golden Idol","player_choice":"Lose Max HP","floor":4.0,"gold_loss":0.0,"damage_taken":0.0,"relics_obtained":["Golden Idol"]},{"damage_healed":0.0,"max_hp_gain":0.0,"max_hp_loss":0.0,"gold_gain":0.0,"event_name":"Mushrooms","player_choice":"Fought Mushrooms","floor":10.0,"gold_loss":0.0,"damage_taken":0.0},{"damage_healed":0.0,"max_hp_gain":0.0,"max_hp_loss":0.0,"gold_gain":0.0,"event_name":"Ghosts","player_choice":"Ignored","floor":20.0,"gold_loss":0.0,"damage_taken":0.0},{"damage_healed":0.0,"max_hp_gain":0.0,"max_hp_loss":0.0,"gold_gain":0.0,"event_name":"Vampires","player_choice":"Ignored","floor":21.0,"gold_loss":0.0,"damage_taken":0.0}],"is_beta":false,"boss_relics":[{"not_picked":["Velvet Choker","Runic Pyramid"],"picked":"SlaversCollar"}],"items_purged_floors":[],"is_endless":false,"potions_floor_spawned":[1,8,10,18],"killed_by":"Sentry and Sphere","ascension_level":11}}