{"host":"o3b7ow6d1xe49css","time":1607758445,"event":{"mods":["2.2 Compatiblity","Act Like it!","Aspiration","BaseMod","Bestiary","Better Altar","Better Match","Better Note","Better Sensory Stone","Better Skull","Better Third Choice","Colored Powertips","Conspire","Elementarium","Energized Spire","GifTheSpireLib","Halation","Hermit","Hubris","Infinite Spire","Minty Spire (QoL Compilation)","Quick Restart","Replay The Spire","Spicy Shops","Spikes Relics","StSLib","Stuff the Spire","The Blue Laboratory","The Jungle","Wandering Minibosses","vexMod"],"gold_per_floor":[110,123,141,364,5,37,70,70,70],"floor_reached":8,"playtime":220,"items_purged":[],"score":83,"play_id":"9bf6bcce-be51-4ff4-9339-21a60ee7b535","local_time":"20201211223405","daily_mods":["Heirloom","Flight"],"is_ascension_mode":true,"campfire_choices":[],"circlet_count":0,"master_deck":["Strike_G","Strike_G","Strike_G","Strike_G","Strike_G","Defend_G","Defend_G","Defend_G","Defend_G","Defend_G","Survivor","Neutralize","Atom Bomb","Leg Sweep","Bane","Unload","Acrobatics","Clumsy","Quick Slash","Leg Sweep"],"relics":["Snecko Eye","Ring of Chaos","conspire:GiftBox","Orrery","Regal Pillow","Medical Kit","aspiration:TomeofQuesting","Letter Opener"],"acts_visited":["Exordium"],"potions_floor_usage":[6,6,8],"damage_taken":[{"damage":0,"enemies":"Jaw Worm","floor":1,"turns":2},{"damage":0,"enemies":"Cultist","floor":2,"turns":2},{"damage":0,"enemies":"Small Slimes","floor":3,"turns":1},{"damage":20,"enemies":"Lagavulin","floor":6,"turns":3},{"damage":12,"enemies":"Gremlin Nob","floor":7,"turns":3},{"damage":20,"enemies":"Replay:BlueRogue","floor":8,"turns":3}],"seed_played":"-6841751062310466477","potions_obtained":[{"floor":2,"key":"PowerPotion"},{"floor":3,"key":"SkillPotion"},{"floor":7,"key":"Energy Potion"}],"is_trial":true,"path_per_floor":["M","M","M","?","$","E","E","E"],"character_chosen":"THE_SILENT","items_purchased":["Orrery","Regal Pillow","Medical Kit"],"campfire_rested":0,"item_purchase_floors":[5,5,5],"current_hp_per_floor":[70,70,70,52,52,32,20,0,0],"gold":70,"neow_bonus":"","is_daily":false,"chose_seed":false,"campfire_upgraded":0,"win_rate":0.0,"timestamp":1607758445,"path_taken":["M","M","M","?","$","E","E","E"],"items_purchased_type":["Relic","Relic","Relic"],"build_version":"2020-11-30","purchased_purges":0,"victory":false,"max_hp_per_floor":[70,70,70,70,70,70,70,70,70],"card_choices":[{"not_picked":["Die Die Die","Envenom"],"picked":"Atom Bomb","floor":0},{"not_picked":["Backflip","Flying Knee"],"picked":"Leg Sweep","floor":1},{"not_picked":["Caltrops","Outmaneuver"],"picked":"Bane","floor":2},{"not_picked":["Backflip","Prepared","ReplayTheSpireMod:Scrap Shanks"],"picked":"SKIP","floor":3},{"not_picked":["hubris:Counter","Fluid Movement"],"picked":"Unload","floor":5},{"not_picked":["ReplayTheSpireMod:Tripwire","StuffTheSpire:Shiver"],"picked":"Acrobatics","floor":5},{"not_picked":["Poisoned Stab","StuffTheSpire:Injection"],"picked":"Quick Slash","floor":6},{"not_picked":["Prepared","Escape Plan"],"picked":"Leg Sweep","floor":7}],"player_experience":1695729,"relics_obtained":[{"floor":6,"key":"aspiration:TomeofQuesting"},{"floor":7,"key":"Letter Opener"}],"event_choices":[{"damage_healed":0,"gold_gain":223,"player_choice":"GO GO ","damage_taken":20,"relics_obtained":[],"max_hp_gain":0,"max_hp_loss":0,"event_name":"betterSkull:BetterSkull","floor":4,"gold_loss":0,"cards_upgraded":[]}],"is_beta":false,"boss_relics":[],"items_purged_floors":[],"is_endless":false,"potions_floor_spawned":[2,3,7],"killed_by":"Replay:BlueRogue","ascension_level":5}}