{"host":"f0gpob8hq9vgebej","time":1607746334,"event":{"mods":["AchievementEnabler","BaseMod","Googly Eyes","Minty Spire (QoL Compilation)","Quick Restart","SuperFastMode"],"gold_per_floor":[111,130,144,144,21,21,46,56,106,120,120,120,132,167,167,167,167],"floor_reached":16,"playtime":403,"items_purged":["Strike_G"],"score":123,"play_id":"3b9a920c-afcb-4755-9fc2-67eb4a56fd7e","local_time":"20201212131214","is_ascension_mode":true,"campfire_choices":[{"data":"Blade Dance","floor":6,"key":"SMITH"},{"data":"Prepared","floor":11,"key":"SMITH"},{"data":"Footwork","floor":15,"key":"SMITH"}],"circlet_count":0,"master_deck":["Strike_G","Strike_G","Strike_G","Defend_G","Defend_G","Defend_G","Defend_G","Defend_G","Survivor","Neutralize","All Out Attack","Footwork+1","Dash","Blade Dance+1","Wraith Form v2","Prepared+1","Masterful Stab","Adrenaline"],"relics":["Ring of the Snake","NeowsBlessing","Eternal Feather","MealTicket","Blood Vial","Question Card"],"acts_visited":["Exordium"],"potions_floor_usage":[7,16],"damage_taken":[{"damage":0,"enemies":"2 Louse","floor":1,"turns":1},{"damage":0,"enemies":"Jaw Worm","floor":2,"turns":1},{"damage":0,"enemies":"Cultist","floor":3,"turns":1},{"damage":29,"enemies":"Lagavulin","floor":7,"turns":9},{"damage":1,"enemies":"Exordium Wildlife","floor":8,"turns":3},{"damage":8,"enemies":"Looter","floor":10,"turns":3},{"damage":5,"enemies":"3 Louse","floor":13,"turns":2},{"damage":6,"enemies":"3 Sentries","floor":14,"turns":7},{"damage":39,"enemies":"Hexaghost","floor":16,"turns":15}],"seed_played":"4427539247891778910","potions_obtained":[{"floor":1,"key":"GamblersBrew"},{"floor":3,"key":"DuplicationPotion"},{"floor":8,"key":"LiquidMemories"}],"is_trial":false,"path_per_floor":["M","M","M","?","$","R","E","M","T","M","R","?","M","E","R","B"],"character_chosen":"THE_SILENT","items_purchased":["Blade Dance"],"campfire_rested":0,"item_purchase_floors":[5],"current_hp_per_floor":[70,70,70,58,58,67,38,37,37,31,40,40,37,33,42,5,5],"gold":167,"neow_bonus":"THREE_ENEMY_KILL","is_daily":false,"chose_seed":false,"campfire_upgraded":3,"win_rate":0.0,"timestamp":1607746334,"path_taken":["M","M","M","?","$","R","E","M","T","M","R","?","M","E","R","BOSS"],"items_purchased_type":["Card"],"build_version":"2020-11-30","purchased_purges":1,"victory":false,"max_hp_per_floor":[70,70,70,70,70,70,70,70,70,70,70,70,70,70,70,70,70],"card_choices":[{"not_picked":["Slice","PiercingWail"],"picked":"All Out Attack","floor":1},{"not_picked":["Prepared","Quick Slash"],"picked":"Footwork","floor":2},{"not_picked":["Terror","Skewer"],"picked":"Dash","floor":3},{"not_picked":["Poisoned Stab","Dagger Spray"],"picked":"Wraith Form v2","floor":7},{"not_picked":["Bane","Sucker Punch"],"picked":"Prepared","floor":8},{"not_picked":["PiercingWail","Bane","Slice"],"picked":"SKIP","floor":10},{"not_picked":["Storm of Steel","Dodge and Roll"],"picked":"Masterful Stab","floor":13},{"not_picked":["Catalyst","Flying Knee"],"picked":"Adrenaline","floor":14}],"player_experience":124819,"relics_obtained":[{"floor":7,"key":"MealTicket"},{"floor":9,"key":"Blood Vial"},{"floor":14,"key":"Question Card"}],"event_choices":[{"damage_healed":0,"gold_gain":0,"player_choice":"Success","damage_taken":12,"relics_obtained":["Eternal Feather"],"max_hp_gain":0,"max_hp_loss":0,"event_name":"Scrap Ooze","floor":4,"gold_loss":0},{"cards_removed":["Strike_G"],"damage_healed":0,"gold_gain":0,"player_choice":"Purged","damage_taken":0,"max_hp_gain":0,"max_hp_loss":0,"event_name":"Purifier","floor":12,"gold_loss":0}],"is_beta":false,"boss_relics":[],"items_purged_floors":[5],"is_endless":false,"potions_floor_spawned":[1,3,8],"killed_by":"Hexaghost","ascension_level":2}}