{"host":"0cnf9zf1gia27zti","time":1607798761,"event":{"mods":["BaseMod","BetterRewards","Card Forge","Colored Map","Colored Powertips","Conspire","Downfall","Minty Spire (QoL Compilation)","Quick Restart","Replay The Spire","Shade Mod","Spicy Shops","StSLib"],"gold_per_floor":[110,110,130,130,305,330,330,342,342,342,373,62,62,76,76,172,222,237,253,287,48,155,188,188,188,188],"floor_reached":25,"playtime":1694,"items_purged":["Strike_R","Doubt"],"score":377,"play_id":"6f400af5-43b5-4426-a1d0-6f8d81e1af7e","local_time":"20201212184601","is_ascension_mode":true,"campfire_choices":[{"floor":7,"key":"REST"},{"data":"Armaments","floor":10,"key":"SMITH"},{"floor":13,"key":"REST"}],"circlet_count":0,"master_deck":["AscendersBane","Strike_R","Strike_R+1","Strike_R","Strike_R+1","Defend_R","Defend_R","Defend_R+1","Defend_R","Bash","Inflame+1","Armaments+1","Mayhem+1","Mayhem+1","Mayhem+1","Bludgeon+1","Decay","Bludgeon","Limit Break+1","Inflame+1","Shrug It Off","Barricade+1","Battle Trance","Inflame+1"],"relics":["Burning Blood","Hammer of Thor","Seething Fire","Anvil of the Gods","Meat on the Bone","Frozen Egg 2","Orichalcum","Iron Hammer","Ornamental Fan","Eternal Feather","DollysMirror","Tiny House","conspire:TopHat","Question Card","Strawberry","Prayer Wheel"],"acts_visited":["Exordium","TheCity"],"potions_floor_usage":[6,16,18,20,25],"damage_taken":[{"damage":4,"enemies":"Small Slimes","floor":1,"turns":4},{"damage":0,"enemies":"Jaw Worm","floor":3,"turns":6},{"damage":27,"enemies":"Lagavulin","floor":6,"turns":11},{"damage":1,"enemies":"2 Louse","floor":8,"turns":4},{"damage":23,"enemies":"3 Sentries","floor":11,"turns":11},{"damage":5,"enemies":"Exordium Wildlife","floor":14,"turns":4},{"damage":27,"enemies":"The Guardian","floor":16,"turns":7},{"damage":2,"enemies":"Chosen","floor":18,"turns":4},{"damage":19,"enemies":"Spheric Guardian","floor":19,"turns":4},{"damage":26,"enemies":"conspire:MimicChest","floor":20,"turns":5},{"damage":59,"enemies":"Book of Stabbing","floor":23,"turns":6},{"damage":46,"enemies":"Gremlin Leader","floor":25,"turns":4}],"seed_played":"-7859233451592286031","potions_obtained":[{"floor":3,"key":"Dexterity Potion"},{"floor":14,"key":"BlessingOfTheForge"},{"floor":17,"key":"Energy Potion"},{"floor":19,"key":"BloodPotion"},{"floor":23,"key":"Explosive Potion"}],"is_trial":false,"path_per_floor":["M","?","M","?","?","E","R","M","T","R","E","$","R","M","R_BF","B",null,"M","M","?","$","?","E","?","E"],"character_chosen":"IRONCLAD","items_purchased":["Meat on the Bone","Frozen Egg 2","Inflame+1","Orichalcum","Bludgeon","DollysMirror","Question Card"],"campfire_rested":2,"item_purchase_floors":[0,0,0,0,12,12,21],"current_hp_per_floor":[42,26,44,49,49,40,65,70,70,70,53,53,85,85,85,64,85,89,76,74,74,81,40,40,0,0],"gold":188,"neow_bonus":"","is_daily":false,"chose_seed":false,"campfire_upgraded":1,"win_rate":0.0,"timestamp":1607798761,"path_taken":["M","?","M","?","?","E","R","?","T","R","E","$","R","M","R_BF","BOSS","M","M","?","$","?","E","?","E"],"items_purchased_type":["Relic","Relic","Card","Relic","Card","Relic","Relic"],"build_version":"2020-11-30","purchased_purges":2,"victory":false,"max_hp_per_floor":[80,80,80,85,85,85,85,85,85,85,85,85,85,85,85,85,90,90,90,90,90,97,97,97,97,97],"card_choices":[{"not_picked":["Pummel","Sword Boomerang"],"picked":"Armaments","floor":1},{"not_picked":["Infernal Blade","Perfected Strike","Anger"],"picked":"SKIP","floor":3},{"not_picked":["Clothesline","ReplayTheSpireMod:Limb From Limb","Rupture+1"],"picked":"SKIP","floor":6},{"not_picked":["Abandon","Flex","Headbutt"],"picked":"SKIP","floor":8},{"not_picked":["Replay:Undeath\u0027s Touch","Wild Strike","Berserk+1"],"picked":"SKIP","floor":11},{"not_picked":["Rage","Bloodletting","Warcry"],"picked":"SKIP","floor":14},{"not_picked":["Exhume","conspire:HitWhereItHurts"],"picked":"Limit Break","floor":16},{"not_picked":["Clothesline+1","Sword Boomerang"],"picked":"Inflame+1","floor":18},{"not_picked":["Perfected Strike","Sentinel+1"],"picked":"Shrug It Off","floor":19},{"not_picked":["Clash+1","ReplayTheSpireMod:Strike From Hell+1"],"picked":"Barricade+1","floor":20},{"not_picked":["Reckless Charge","Perfected Strike","True Grit"],"picked":"Battle Trance","floor":22},{"not_picked":["ReplayReversal+1","Intimidate","Shrug It Off"],"picked":"Inflame+1","floor":23}],"player_experience":1976703,"relics_obtained":[{"floor":6,"key":"Iron Hammer"},{"floor":9,"key":"Ornamental Fan"},{"floor":11,"key":"Eternal Feather"},{"floor":20,"key":"conspire:TopHat"},{"floor":22,"key":"Strawberry"},{"floor":23,"key":"Prayer Wheel"}],"event_choices":[{"damage_healed":0,"gold_gain":0,"player_choice":"Entered Light","damage_taken":16,"max_hp_gain":0,"max_hp_loss":0,"event_name":"Shining Light","floor":2,"gold_loss":0,"cards_upgraded":["Defend_R","Strike_R"]},{"damage_healed":0,"gold_gain":0,"player_choice":"Donut","damage_taken":0,"max_hp_gain":5,"max_hp_loss":0,"event_name":"Big Fish","floor":4,"gold_loss":0},{"damage_healed":0,"gold_gain":175,"player_choice":"AGREE","damage_taken":0,"max_hp_gain":0,"max_hp_loss":0,"event_name":"Liars Game","floor":5,"gold_loss":0,"cards_obtained":["Doubt"]},{"damage_healed":0,"gold_gain":0,"player_choice":"Upgraded","damage_taken":0,"max_hp_gain":0,"max_hp_loss":0,"event_name":"Upgrade Shrine","floor":24,"gold_loss":0,"cards_upgraded":["Limit Break"]}],"is_beta":false,"boss_relics":[{"not_picked":["Electric Blood","Runic Dome"],"picked":"Tiny House"}],"items_purged_floors":[0,12],"is_endless":false,"potions_floor_spawned":[3,14,19,23],"killed_by":"Gremlin Leader","ascension_level":11}}