{"host":"1bqbj1s4pyvm9utn","time":1607765008,"event":{"mods":["AchievementEnabler","Aspiration","Bard","BaseMod","Beaked The Cultist","Better Altar","Better Match","Better Note","Better Sensory Stone","Better Skull","Better Third Choice","BetterRewards","CCEM","Clawfect","Colored Map","Conspire","Downfall","GifTheSpireLib","Halation","Hermit","Highlight Path","Hubris","Humility","Infinite Spire","Jedi Mod","Jorbs\u0027s Wanderer Trilogy","Mad Scientist","Marisa????????","Mimic Mod","Minty Spire (QoL Compilation)","Permanent Neow","Replay The Spire","Shade Mod","Shop Mod","Spicy Shops","StSLib","Stuff the Spire","The Bug Knight","The Construct","The Cursed","The Disciple","The Gatherer","The Hierophant","The Jungle","The Mystic","The Necromancer","The Runesmith","The Servant 0.9.4","The Spell Scribe","The Witch","Unceasing Turn Reminder","everything is the same but u backflip on backflip","slay the spire mod where everything is the same but ironclad has a cowboy hat","vexMod"],"gold_per_floor":[113,113,113,128,128,160,160,172,199,210,230,257,271,281,281,382,382,400,419,435,435,141,141,171,171,171,197,197,213,238,252,252,354,354,370,370,384,3,52,52,80,80,80,115,40,40,57,84,84,84],"floor_reached":51,"playtime":5702,"items_purged":["Strike_G","Hallucinations"],"score":949,"play_id":"8e66b2a8-d9a7-4258-aa35-e4ea9dc609b3","local_time":"20201212012328","is_ascension_mode":true,"campfire_choices":[{"floor":7,"key":"REST"},{"floor":15,"key":"REST"},{"data":"Catalyst","floor":23,"key":"SMITH"},{"floor":40,"key":"REST"},{"data":"Footwork","floor":42,"key":"SMITH"},{"data":"A Thousand Cuts","floor":42,"key":"SMITH"},{"floor":46,"key":"REST"},{"floor":49,"key":"REST"}],"circlet_count":0,"master_deck":["Strike_G","Strike_G+1","Strike_G+1","Defend_G","Defend_G","Defend_G","Defend_G","Defend_G","Survivor","Neutralize","StuffTheSpire:ReptileScales","Dagger Spray","Crippling Poison","Riddle With Holes","Distraction","After Image","Bouncing Flask","Flying Knee+1","A Thousand Cuts+1","conspire:DoublingDagger+1","Catalyst+1","Cloak And Dagger","infinitespire:Collect","infinitespire:FutureSight","Accuracy","Dagger Spray+1","Fluid Movement","jedi:poisonivy","After Image","Noxious Fumes+1","StuffTheSpire:FinalStruggle","Footwork+1","expansioncontent:AwakenDeath+1","ReplayTheSpireMod:Scrap Shanks+1","Footwork+1"],"relics":["Ring of the Snake","halation:PinkSoulGem","Ring of Peace","Ring of Fury","hubris:Towel","jedi:archwizardhat","CCEMRelics:JestersCrown","jedi:matchstick","aspiration:SecretTechniqueScroll","StuffTheSpire:GrapeVine","CCEMRelics:BiPhaseBiplane","aspiration:StickyExplosives_weak","conspire:TopHat","conspire:SlowCooker","aspiration:ChemicalBlood","jedi:ghostblades","conspire:RoyalGoblet","Replay:Arrowhead","hubris:FunFungus","conspire:Flyswatter","halation:BottledLove","Simple Rune","Quantum Egg"],"acts_visited":["Exordium","TheCity","TheBeyond"],"potions_floor_usage":[6,10,12,12,16,19,20,24,31,33,35,39,41,41,44,44,44,48,50,50],"damage_taken":[{"damage":0,"enemies":"2 Louse","floor":1,"turns":4},{"damage":0,"enemies":"Small Slimes","floor":4,"turns":4},{"damage":37,"enemies":"3 Sentries","floor":6,"turns":6},{"damage":2,"enemies":"Jaw Worm","floor":8,"turns":5},{"damage":0,"enemies":"Lots of Slimes","floor":10,"turns":2},{"damage":0,"enemies":"2 Fungi Beasts","floor":11,"turns":3},{"damage":45,"enemies":"Gremlin Nob","floor":12,"turns":6},{"damage":0,"enemies":"Exordium Wildlife","floor":13,"turns":6},{"damage":0,"enemies":"3 Louse","floor":14,"turns":1},{"damage":23,"enemies":"Slime Boss","floor":16,"turns":12},{"damage":4,"enemies":"3 Byrds","floor":18,"turns":3},{"damage":10,"enemies":"Spheric Guardian","floor":19,"turns":4},{"damage":0,"enemies":"Chosen and Byrds","floor":20,"turns":6},{"damage":11,"enemies":"Gremlin Leader","floor":24,"turns":7},{"damage":10,"enemies":"Book of Stabbing","floor":27,"turns":4},{"damage":0,"enemies":"Snake Plant","floor":29,"turns":5},{"damage":0,"enemies":"conspire:Head Lice","floor":30,"turns":5},{"damage":0,"enemies":"Snecko","floor":31,"turns":4},{"damage":0,"enemies":"Collector","floor":33,"turns":5},{"damage":6,"enemies":"Orb Walker","floor":35,"turns":4},{"damage":25,"enemies":"3 Shapes","floor":37,"turns":3},{"damage":39,"enemies":"2 Orb Walkers","floor":39,"turns":3},{"damage":0,"enemies":"Giant Head","floor":41,"turns":7},{"damage":20,"enemies":"Reptomancer","floor":44,"turns":5},{"damage":10,"enemies":"Jaw Worm Horde","floor":47,"turns":2},{"damage":23,"enemies":"Nemesis","floor":48,"turns":6},{"damage":18,"enemies":"infinitespire:MassOfShapes","floor":50,"turns":10}],"seed_played":"-8836933432095532549","potions_obtained":[{"floor":1,"key":"Adrenaline Potion"},{"floor":6,"key":"SteroidPotion"},{"floor":8,"key":"DistilledChaos"},{"floor":10,"key":"GamblersBrew"},{"floor":14,"key":"Weak Potion"},{"floor":16,"key":"Adrenaline Potion"},{"floor":19,"key":"FearPotion"},{"floor":20,"key":"Block Potion"},{"floor":30,"key":"Adrenaline Potion"},{"floor":31,"key":"SkillPotion"},{"floor":33,"key":"GamblersBrew"},{"floor":39,"key":"Reflective Coating"},{"floor":41,"key":"Poison Potion"}],"is_trial":false,"path_per_floor":["M","?","?","M","?","E","R","M","T","M","M","E","M","M","R","B",null,"M","M","M","?","$","R","E","AVR","T","E","?","M","E","M","R_BF","B",null,"M","?","M","$","?","R","E","R","T","E","?","R","M","E","R","B",null],"character_chosen":"THE_SILENT","items_purchased":["StuffTheSpire:GrapeVine","CCEMRelics:BiPhaseBiplane","Replay:Arrowhead","Footwork"],"campfire_rested":5,"item_purchase_floors":[22,22,38,38],"current_hp_per_floor":[77,77,77,77,77,40,63,61,61,61,61,16,16,16,39,16,77,73,63,63,63,63,63,52,52,52,42,67,67,67,67,77,77,77,71,71,46,46,7,30,32,32,32,13,13,36,27,9,32,23],"gold":84,"neow_bonus":"TEN_PERCENT_HP_BONUS","is_daily":false,"chose_seed":false,"campfire_upgraded":3,"win_rate":0.0,"timestamp":1607765008,"path_taken":["M","?","?","M","?","E","R","M","T","M","?","E","M","M","R","BOSS","M","?","?","?","$","R","E","AVR","T","E","?","M","E","M","R_BF","BOSS","M","?","?","$","?","R","E","R","T","E","?","R","M","E","R","BOSS"],"items_purchased_type":["Relic","Relic","Relic","Card"],"build_version":"2020-11-30","purchased_purges":2,"victory":true,"max_hp_per_floor":[77,77,77,77,77,77,77,77,77,77,77,77,77,77,77,77,77,77,77,77,77,77,77,77,77,77,77,77,77,77,77,77,77,77,77,77,77,77,77,77,77,77,77,77,77,77,77,77,77,77],"card_choices":[{"not_picked":["Bouncing Flask","Bane"],"picked":"StuffTheSpire:ReptileScales","floor":1},{"not_picked":["hubris:TrickCloak","Backstab"],"picked":"Dagger Spray","floor":4},{"not_picked":["StuffTheSpire:ClusterCrunch","Outmaneuver"],"picked":"Crippling Poison","floor":6},{"not_picked":["Acrobatics","Expertise"],"picked":"Riddle With Holes","floor":8},{"not_picked":["StuffTheSpire:Injection","Deadly Poison"],"picked":"Distraction","floor":10},{"not_picked":["StuffTheSpire:Incursion","Acrobatics"],"picked":"After Image","floor":11},{"not_picked":["Dagger Throw","StuffTheSpire:ClusterCrunch","ReplayTheSpireMod:Shiv Toss"],"picked":"SKIP","floor":12},{"not_picked":["aspiration:Lunge","Dagger Spray"],"picked":"Bouncing Flask","floor":13},{"not_picked":["Sucker Punch","Calculated Gamble"],"picked":"Flying Knee","floor":14},{"not_picked":["Unload","Bullet Time"],"picked":"A Thousand Cuts","floor":16},{"not_picked":["Deflect","jedi:acidrain","Deadly Poison+1"],"picked":"SKIP","floor":18},{"not_picked":["Deflect","Quick Slash"],"picked":"conspire:DoublingDagger+1","floor":19},{"not_picked":["Well Laid Plans","Dagger Spray"],"picked":"Catalyst","floor":20},{"not_picked":["Deadly Poison","StuffTheSpire:Injection+1"],"picked":"Cloak And Dagger","floor":24},{"not_picked":["Outmaneuver","Deflect+1"],"picked":"Accuracy","floor":27},{"not_picked":["jedi:acidrain","ReplayTheSpireMod:Tripwire"],"picked":"Dagger Spray+1","floor":29},{"not_picked":["Choke","Leg Sweep"],"picked":"Fluid Movement","floor":30},{"not_picked":["hubris:SlightOfHand","Cloak And Dagger"],"picked":"jedi:poisonivy","floor":31},{"not_picked":["Burst","Storm of Steel"],"picked":"After Image","floor":33},{"not_picked":["Prepared","Deflect+1"],"picked":"Noxious Fumes+1","floor":35},{"not_picked":["Outmaneuver","Prepared+1","Venomology"],"picked":"SKIP","floor":37},{"not_picked":["StuffTheSpire:Sprint+1","Deflect+1","Eviscerate+1"],"picked":"SKIP","floor":41},{"not_picked":["StuffTheSpire:Injection","Storm of Steel","Slice+1"],"picked":"SKIP","floor":44},{"not_picked":["Forethought+1","Replay:SS_fish_1+1"],"picked":"expansioncontent:AwakenDeath+1","floor":45},{"not_picked":["PiercingWail+1","Dagger Spray"],"picked":"ReplayTheSpireMod:Scrap Shanks+1","floor":47},{"not_picked":["ReplayTheSpireMod:The Works+1","Cloak And Dagger"],"picked":"Footwork+1","floor":48}],"player_experience":788738,"relics_obtained":[{"floor":3,"key":"Ring of Peace"},{"floor":3,"key":"Ring of Fury"},{"floor":6,"key":"jedi:archwizardhat"},{"floor":9,"key":"CCEMRelics:JestersCrown"},{"floor":12,"key":"jedi:matchstick"},{"floor":24,"key":"aspiration:StickyExplosives_weak"},{"floor":27,"key":"aspiration:ChemicalBlood"},{"floor":30,"key":"jedi:ghostblades"},{"floor":39,"key":"hubris:FunFungus"},{"floor":41,"key":"conspire:Flyswatter"},{"floor":43,"key":"halation:BottledLove"},{"floor":44,"key":"Simple Rune"},{"floor":48,"key":"Quantum Egg"}],"event_choices":[{"cards_removed":["Hallucinations"],"damage_healed":0,"gold_gain":0,"player_choice":"Give","damage_taken":0,"max_hp_gain":0,"max_hp_loss":0,"event_name":"betterNote:BetterNote","floor":21,"gold_loss":0,"cards_obtained":["beaked:Strike_Y"]},{"damage_healed":25,"gold_gain":0,"player_choice":"Heal","damage_taken":0,"max_hp_gain":0,"max_hp_loss":0,"event_name":"The Library","floor":28,"gold_loss":0},{"damage_healed":0,"gold_gain":0,"cards_transformed":["Strike_G"],"player_choice":"Transformed","damage_taken":0,"max_hp_gain":0,"max_hp_loss":0,"event_name":"Transmorgrifier","floor":36,"gold_loss":0,"cards_obtained":["StuffTheSpire:FinalStruggle"]},{"damage_healed":0,"gold_gain":0,"player_choice":"Fight","damage_taken":0,"max_hp_gain":0,"max_hp_loss":0,"event_name":"Mysterious Sphere","floor":39,"gold_loss":0},{"damage_healed":0,"gold_gain":0,"player_choice":"Random: Orange","damage_taken":0,"max_hp_gain":0,"max_hp_loss":0,"event_name":"betterThird:BetterPortal","floor":45,"gold_loss":0},{"damage_healed":0,"gold_gain":0,"player_choice":"2","damage_taken":0,"max_hp_gain":0,"max_hp_loss":0,"event_name":"betterMatch:BetterMatch","floor":45,"gold_loss":0,"cards_obtained":["betterMatch:ColorlessUncommonCard"]}],"is_beta":false,"boss_relics":[{"not_picked":["aspiration:MobileForge","jedi:paperlyon"],"picked":"aspiration:SecretTechniqueScroll"},{"not_picked":["construct:WeddingRing","halation:PlatinumPhoenix"],"picked":"conspire:RoyalGoblet"}],"items_purged_floors":[22,25],"is_endless":false,"potions_floor_spawned":[1,6,8,10,14,16,19,20,30,31,33,39,41],"ascension_level":1}}