{"host":"pf47v7h0307523iy","time":1607800150,"event":{"mods":["BaseMod","Minty Spire (QoL Compilation)"],"gold_per_floor":[109,120,136,48,60,60,89,89,112,112,126,138,138,165,165,237,237,250,520,180,199,278,310,310,328,381,381,381],"floor_reached":27,"playtime":1283,"items_purged":["Strike_G"],"score":486,"play_id":"bb60cfd9-2173-48d6-bb3c-3e0886fbc490","local_time":"20201212210910","is_ascension_mode":true,"campfire_choices":[{"data":"Bouncing Flask","floor":6.0,"key":"SMITH"},{"data":"Well Laid Plans","floor":8.0,"key":"SMITH"},{"data":"Neutralize","floor":13,"key":"SMITH"},{"data":"Poisoned Stab","floor":15,"key":"SMITH"},{"floor":24,"key":"REST"}],"circlet_count":0,"master_deck":["AscendersBane","Strike_G","Strike_G","Defend_G","Defend_G","Defend_G","Defend_G","Defend_G","Survivor","Neutralize+1","Escape Plan","Bouncing Flask+1","PiercingWail","Well Laid Plans+1","Poisoned Stab+1","Corpse Explosion","Night Terror","Dark Shackles","Escape Plan+1"],"relics":["Empty Cage","Tiny Chest","Bag of Marbles","Bronze Scales","Fusion Hammer","Blood Vial","Question Card","Gremlin Horn"],"acts_visited":["Exordium","TheCity"],"potions_floor_usage":[16,23],"damage_taken":[{"damage":0.0,"enemies":"Jaw Worm","floor":1.0,"turns":6.0},{"damage":0.0,"enemies":"2 Louse","floor":2.0,"turns":4.0},{"damage":3.0,"enemies":"Cultist","floor":3.0,"turns":4.0},{"damage":5.0,"enemies":"Blue Slaver","floor":5.0,"turns":5.0},{"damage":8.0,"enemies":"Lagavulin","floor":7.0,"turns":7.0},{"damage":7.0,"enemies":"3 Louse","floor":11.0,"turns":5.0},{"damage":2,"enemies":"Exordium Wildlife","floor":12,"turns":6},{"damage":12,"enemies":"3 Sentries","floor":14,"turns":4},{"damage":18,"enemies":"The Guardian","floor":16,"turns":9},{"damage":1,"enemies":"Chosen","floor":18,"turns":5},{"damage":1,"enemies":"Spheric Guardian","floor":21,"turns":3},{"damage":6,"enemies":"Gremlin Leader","floor":23,"turns":8},{"damage":10,"enemies":"Snake Plant","floor":25,"turns":3},{"damage":32,"enemies":"Slavers","floor":27,"turns":2}],"seed_played":"3684647146732849450","potions_obtained":[{"floor":2.0,"key":"SkillPotion"},{"floor":3.0,"key":"PowerPotion"},{"floor":11.0,"key":"FearPotion"},{"floor":14,"key":"DistilledChaos"}],"is_trial":false,"path_per_floor":["M","M","M","$","M","R","E","R","T","?","M","M","R","E","R","B",null,"M","?","$","M","T","E","R","M","T","E"],"character_chosen":"THE_SILENT","items_purchased":["Well Laid Plans","Blood Vial","Dark Shackles"],"campfire_rested":1,"item_purchase_floors":[4,20,20],"current_hp_per_floor":[59,59,56,56,51,51,43,43,43,43,36,34,34,22,22,4,51,50,17,17,18,18,14,33,25,25,0,0],"gold":381,"neow_bonus":"BOSS_RELIC","is_daily":false,"chose_seed":false,"campfire_upgraded":4,"win_rate":0.0,"timestamp":1607800150,"path_taken":["M","M","M","$","M","R","E","R","T","?","M","M","R","E","R","BOSS","M","?","$","?","?","E","R","M","T","E"],"items_purchased_type":["Card","Relic","Card"],"build_version":"2020-11-30","purchased_purges":1,"victory":false,"max_hp_per_floor":[66,66,66,66,66,66,66,66,66,66,66,66,66,66,66,66,66,66,66,66,66,66,66,66,66,66,66,66],"card_choices":[{"not_picked":["Dagger Throw","Skewer"],"picked":"Escape Plan","floor":1.0},{"not_picked":["All Out Attack","Backflip"],"picked":"Bouncing Flask","floor":2.0},{"not_picked":["Quick Slash","Prepared"],"picked":"PiercingWail","floor":3.0},{"not_picked":["Prepared","Cloak And Dagger"],"picked":"Poisoned Stab","floor":5.0},{"not_picked":["Dash","Eviscerate","Quick Slash"],"picked":"SKIP","floor":7.0},{"not_picked":["Cloak And Dagger","Accuracy","Dagger Spray"],"picked":"SKIP","floor":11.0},{"not_picked":["Dagger Spray","Sucker Punch"],"picked":"Corpse Explosion","floor":12},{"not_picked":["Calculated Gamble","Concentrate","Dagger Throw"],"picked":"SKIP","floor":14},{"not_picked":["Doppelganger","Envenom"],"picked":"Night Terror","floor":16},{"not_picked":["Flying Knee","Riddle With Holes","Sucker Punch"],"picked":"SKIP","floor":18},{"not_picked":["Eviscerate","Poisoned Stab","Accuracy"],"picked":"SKIP","floor":21},{"not_picked":["Endless Agony","Poisoned Stab+1","Dagger Spray"],"picked":"Escape Plan+1","floor":23},{"not_picked":["Dagger Throw","Distraction","Bane","Acrobatics"],"picked":"SKIP","floor":25}],"player_experience":1464375,"relics_obtained":[{"floor":7.0,"key":"Tiny Chest"},{"floor":9.0,"key":"Bag of Marbles"},{"floor":14,"key":"Bronze Scales"},{"floor":22,"key":"Question Card"},{"floor":23,"key":"Gremlin Horn"}],"event_choices":[{"damage_healed":0.0,"max_hp_gain":0.0,"max_hp_loss":0.0,"gold_gain":0.0,"event_name":"Liars Game","player_choice":"Ignored","floor":10.0,"gold_loss":0.0,"damage_taken":0.0},{"damage_healed":0,"gold_gain":270,"player_choice":"POTION GOLD GOLD GOLD ","damage_taken":33,"max_hp_gain":0,"max_hp_loss":0,"event_name":"Knowing Skull","floor":19,"potions_obtained":["GhostInAJar"],"gold_loss":0,"cards_obtained":[]}],"is_beta":false,"boss_relics":[{"not_picked":["WristBlade","Philosopher\u0027s Stone"],"picked":"Fusion Hammer"}],"items_purged_floors":[20],"is_endless":false,"potions_floor_spawned":[2,3,5,11,14,21],"killed_by":"Slavers","ascension_level":20}}