{"host":"w6ebodudjlk2jwu4","time":1607733339,"event":{"mods":["Act Like it!","Bard","BaseMod","Beaked The Cultist","Colored Map","Glutton Mod","Hermit","Highlight Path","Infinite Spire","Jorbs\u0027s Wanderer Trilogy","Mad Scientist","Marisa????????","Minty Spire (QoL Compilation)","Relic Stats","Replay The Spire","StSLib","The Blue Laboratory","The Bug Knight","The Construct","The Cursed","The Mystic","The Servant 0.9.4","The Witch","Wandering Minibosses"],"gold_per_floor":[115,134,134,144,157,157,192,240,265,280,313,329,344,344,344,469,469,490,509,43,43,67,67,107,107,187,208,226,226,226],"floor_reached":29,"playtime":3392,"items_purged":["Strike_R"],"score":272,"play_id":"2e958bf4-e72c-4a08-bb45-4a66e9e8faa2","local_time":"20201211163539","is_ascension_mode":true,"campfire_choices":[{"data":"Iron Wave","floor":6,"key":"SMITH"},{"data":"Iron Wave","floor":15,"key":"SMITH"},{"data":"Armaments","floor":23,"key":"SMITH"}],"circlet_count":0,"master_deck":["Strike_R","Strike_R","Strike_R","Strike_R","Defend_R","Defend_R","Defend_R","Defend_R","Bash+1","Iron Wave","Iron Wave+1","Shrug It Off","Headbutt","True Grit","True Grit","Power Through","Iron Wave+1","Impervious","Shockwave","Entrench+1","Limit Break","Metallicize","Metallicize","Armaments+1","RitualDagger","hermit:Quickdraw+1","Replay:Fractal Strike","Glutton:Overreach","J.A.X.","MagicAbsorber+1","stsjorbsmod:Goosebumps"],"relics":["Burning Blood","Meat on the Bone","Replay:Wax Seal","Omamori","ReplayFunnel","Golden Idol","Coffee Dripper","PrismaticShard","Golden Egg","Iron Hammer"],"acts_visited":["Exordium","TheCity"],"potions_floor_usage":[11,13,16,16,29],"damage_taken":[{"damage":2,"enemies":"Small Slimes","floor":1,"turns":5},{"damage":15,"enemies":"infinitespire:Voidling","floor":2,"turns":5},{"damage":0,"enemies":"Cultist","floor":4,"turns":4},{"damage":2,"enemies":"Large Slime","floor":5,"turns":7},{"damage":1,"enemies":"Replay:BlueRogue","floor":7,"turns":8},{"damage":4,"enemies":"Exordium Thugs","floor":10,"turns":4},{"damage":40,"enemies":"HollowMod:MossKnight","floor":11,"turns":12},{"damage":0,"enemies":"Looter","floor":12,"turns":4},{"damage":9,"enemies":"Exordium Wildlife","floor":13,"turns":8},{"damage":30,"enemies":"Hexaghost","floor":16,"turns":13},{"damage":14,"enemies":"Spheric Guardian","floor":18,"turns":10},{"damage":0,"enemies":"Chosen","floor":19,"turns":6},{"damage":6,"enemies":"Snecko","floor":22,"turns":9},{"damage":77,"enemies":"Nightmare","floor":24,"turns":21},{"damage":19,"enemies":"Centurion and Healer","floor":27,"turns":9},{"damage":21,"enemies":"Snake Plant","floor":28,"turns":8},{"damage":20,"enemies":"Slavers","floor":29,"turns":2}],"seed_played":"-1283446778716776344","potions_obtained":[{"floor":1,"key":"blueLaboratory:PyrophylliteBrew"},{"floor":4,"key":"blueLaboratory:FrostheartPotion"},{"floor":5,"key":"blueLaboratory:PhilterOfMotion"},{"floor":11,"key":"blueLaboratory:RememoryPotion"},{"floor":13,"key":"blueLaboratory:FruitPunch"},{"floor":27,"key":"Languid Potion"},{"floor":28,"key":"blueLaboratory:TrueEctoplasm"}],"is_trial":false,"path_per_floor":["M","M","?","M","M","R","E","T","T","M","E","M","M","?","R","B",null,"M","M","$","?","M","R","NM","?","T","M","M","E"],"character_chosen":"IRONCLAD","items_purchased":["PrismaticShard","Limit Break","Metallicize","Armaments"],"campfire_rested":0,"item_purchase_floors":[20,20,20,20],"current_hp_per_floor":[88,86,86,88,88,88,88,88,88,88,54,60,57,57,57,47,90,82,88,88,82,82,82,23,23,23,22,19,0,0],"gold":226,"neow_bonus":"TEN_PERCENT_HP_BONUS","is_daily":false,"chose_seed":false,"campfire_upgraded":3,"win_rate":0.0,"timestamp":1607733339,"path_taken":["M","M","?","?","M","R","E","?","T","M","E","M","M","?","R","BOSS","M","M","$","?","M","R","NM","?","T","M","M","E"],"items_purchased_type":["Relic","Card","Card","Card"],"build_version":"2020-11-30","purchased_purges":1,"victory":false,"max_hp_per_floor":[88,88,88,88,88,88,88,88,88,88,88,88,88,88,88,90,90,90,90,90,90,90,90,90,90,90,90,90,90,90],"relic_stats":{"counters":[17,135],"Golden Idol":54,"obtain_stats":[{"ReplayFunnel":11,"Golden Egg":24,"Golden Idol":14,"Iron Hammer":26,"Omamori":9,"Coffee Dripper":17,"Replay:Wax Seal":8,"PrismaticShard":20,"Burning Blood":0,"Meat on the Bone":7},{"ReplayFunnel":7,"Golden Egg":14,"Golden Idol":9,"Iron Hammer":14,"Omamori":5,"Coffee Dripper":10,"Replay:Wax Seal":5,"PrismaticShard":12,"Burning Blood":0,"Meat on the Bone":5},{"ReplayFunnel":45,"Golden Egg":116,"Golden Idol":57,"Iron Hammer":116,"Omamori":29,"Coffee Dripper":70,"Replay:Wax Seal":29,"PrismaticShard":86,"Burning Blood":0,"Meat on the Bone":29}],"Burning Blood":77,"Meat on the Bone":48},"card_choices":[{"not_picked":["Perfected Strike","Fire Breathing"],"picked":"Iron Wave","floor":1},{"not_picked":["ReplayTheSpireMod:Muscle Training","Sword Boomerang"],"picked":"Iron Wave","floor":2},{"not_picked":["Perfected Strike","Sword Boomerang","ReplayTheSpireMod:Corrosion Curse"],"picked":"SKIP","floor":4},{"not_picked":["Reckless Charge","Clash"],"picked":"Shrug It Off","floor":5},{"not_picked":["Entrench","Replay:Undeath\u0027s Touch"],"picked":"Headbutt","floor":7},{"not_picked":["Second Wind","Blood for Blood"],"picked":"True Grit","floor":10},{"not_picked":["Twin Strike","Rage"],"picked":"True Grit","floor":11},{"not_picked":["Clash","Run Through"],"picked":"Power Through","floor":12},{"not_picked":["Body Slam","Thunderclap"],"picked":"Iron Wave","floor":13},{"not_picked":["Fiend Fire","Corruption"],"picked":"Impervious","floor":16},{"not_picked":["Replay:Undeath\u0027s Touch","Sword Boomerang"],"picked":"Shockwave","floor":18},{"not_picked":["Twin Strike","Life Link"],"picked":"Entrench+1","floor":19},{"not_picked":["Acceleration+1","TheCursedMod:AshesToAshes"],"picked":"hermit:Quickdraw+1","floor":22},{"not_picked":["infinitespire:Execution","infinitespire:DeathsTouch"],"picked":"Replay:Fractal Strike","floor":24},{"not_picked":["TheCursedMod:CursedMace","Collapse"],"picked":"Glutton:Overreach","floor":24},{"not_picked":["Intimidate","Dodge and Roll"],"picked":"MagicAbsorber+1","floor":27},{"not_picked":["stsjorbsmod:Accumulation+1","stsjorbsmod:Inferno+1"],"picked":"stsjorbsmod:Goosebumps","floor":28}],"player_experience":56730,"relics_obtained":[{"floor":7,"key":"Meat on the Bone"},{"floor":8,"key":"Replay:Wax Seal"},{"floor":9,"key":"Omamori"},{"floor":11,"key":"ReplayFunnel"},{"floor":24,"key":"Golden Egg"},{"floor":26,"key":"Iron Hammer"}],"event_choices":[{"damage_healed":0,"gold_gain":0,"player_choice":"Forge","damage_taken":0,"max_hp_gain":0,"max_hp_loss":0,"event_name":"Accursed Blacksmith","floor":3,"gold_loss":0,"cards_upgraded":["Bash"]},{"damage_healed":0,"gold_gain":0,"player_choice":"Take Wound","damage_taken":0,"relics_obtained":["Golden Idol"],"max_hp_gain":0,"max_hp_loss":0,"event_name":"Golden Idol","floor":14,"gold_loss":0,"cards_obtained":["Injury"]},{"damage_healed":0,"gold_gain":0,"player_choice":"Joined the Cult","damage_taken":6,"max_hp_gain":0,"max_hp_loss":0,"event_name":"Nest","floor":21,"gold_loss":0,"cards_obtained":["RitualDagger"]},{"damage_healed":0,"gold_gain":0,"player_choice":"Obtain J.A.X.","damage_taken":0,"max_hp_gain":0,"max_hp_loss":0,"event_name":"Drug Dealer","floor":25,"gold_loss":0,"cards_obtained":["J.A.X."]}],"is_beta":false,"boss_relics":[{"not_picked":["infinitespire:Cupcake","Replay:Cursed D8"],"picked":"Coffee Dripper"}],"items_purged_floors":[20],"is_endless":true,"potions_floor_spawned":[1,4,5,11,13,27,28],"killed_by":"Slavers","ascension_level":1}}