{"host":"tpad8qsc9e0g0pa5","time":1607773367,"event":{"mods":["BaseMod","Minty Spire (QoL Compilation)","Quick Restart","Replay The Spire","StSLib","The Bug Knight","The Servant 0.9.4"],"gold_per_floor":[118,132,143,155,168,168,184,184,239,239,239,273,286,313,313,313,313],"floor_reached":16,"playtime":1701,"items_purged":[],"score":164,"play_id":"43f57f14-e004-4526-ab38-ea3d03132a60","local_time":"20201212194247","is_ascension_mode":false,"campfire_choices":[{"data":"BestPractice","floor":6.0,"key":"SMITH"},{"floor":8.0,"key":"REST"},{"data":"Ricochet","floor":10.0,"key":"SMITH"},{"data":"ShatteredReality","floor":15.0,"key":"SMITH"}],"circlet_count":0,"master_deck":["Strike_S","Strike_S","Strike_S","Strike_S","Defend_S","Defend_S","Defend_S","Defend_S","KidneyShot","Exchange","Revamp","ForgedInTime","Rearm","Alleviate","BestPractice+1","Ricochet+1","Reset","ShatteredReality+1","TimeWarp"],"relics":["Uniform","Anchor","Bird Faced Urn","Chameleon Ring","Toxic Egg 2"],"acts_visited":["Exordium"],"potions_floor_usage":[],"damage_taken":[{"damage":0.0,"enemies":"Cultist","floor":1.0,"turns":3.0},{"damage":10.0,"enemies":"Jaw Worm","floor":2.0,"turns":5.0},{"damage":0.0,"enemies":"2 Louse","floor":3.0,"turns":1.0},{"damage":0.0,"enemies":"2 Fungi Beasts","floor":4.0,"turns":5.0},{"damage":0.0,"enemies":"Looter","floor":5.0,"turns":5.0},{"damage":7.0,"enemies":"3 Louse","floor":7.0,"turns":6.0},{"damage":0.0,"enemies":"HollowMod:MossKnight","floor":12.0,"turns":10.0},{"damage":0.0,"enemies":"2 Fungi Beasts","floor":13.0,"turns":2.0},{"damage":0.0,"enemies":"3 Sentries","floor":14.0,"turns":6.0},{"damage":0,"enemies":"Fading Forest","floor":16,"turns":1}],"seed_played":"-8511057807916997265","potions_obtained":[{"floor":2.0,"key":"Fire Potion"},{"floor":3.0,"key":"BlessingOfTheForge"},{"floor":7.0,"key":"Reflective Coating"},{"floor":14.0,"key":"Strength Potion"}],"is_trial":false,"path_per_floor":["M","M","M","M","M","R","M","R","T","R","T","E","M","E","R","B"],"character_chosen":"THE_SERVANT","items_purchased":[],"campfire_rested":1,"item_purchase_floors":[],"current_hp_per_floor":[71,61,61,61,61,61,54,71,71,71,71,71,71,71,71,71,71],"gold":313,"neow_bonus":"TEN_PERCENT_HP_BONUS","is_daily":false,"chose_seed":false,"campfire_upgraded":3,"win_rate":0.0,"timestamp":1607773367,"path_taken":["M","M","M","?","?","R","M","R","T","R","?","E","M","E","R","BOSS"],"items_purchased_type":[],"build_version":"2020-11-30","purchased_purges":0,"victory":false,"max_hp_per_floor":[71,71,71,71,71,71,71,71,71,71,71,71,71,71,71,71,71],"card_choices":[{"not_picked":["FastForward","Misdirection"],"picked":"Revamp","floor":1.0},{"not_picked":["BottledTime","Replace"],"picked":"ForgedInTime","floor":2.0},{"not_picked":["FastForward","MoonPhase"],"picked":"Rearm","floor":3.0},{"not_picked":["TimeWarp","Spin"],"picked":"Alleviate","floor":4.0},{"not_picked":["Contraction","Unruled"],"picked":"BestPractice","floor":5.0},{"not_picked":["Reset","ShatteredReality"],"picked":"Ricochet","floor":7.0},{"not_picked":["StarChef","Spin"],"picked":"Reset","floor":12.0},{"not_picked":["Potential","DoubleEdge"],"picked":"ShatteredReality","floor":13.0},{"not_picked":["MurderousAura","MoonPhase"],"picked":"TimeWarp","floor":14.0}],"player_experience":209078,"relics_obtained":[{"floor":9.0,"key":"Anchor"},{"floor":11.0,"key":"Bird Faced Urn"},{"floor":12.0,"key":"Chameleon Ring"},{"floor":14.0,"key":"Toxic Egg 2"}],"event_choices":[],"is_beta":false,"boss_relics":[],"items_purged_floors":[],"is_endless":false,"potions_floor_spawned":[2,3,7,14],"killed_by":"Fading Forest","ascension_level":0}}