{"host":"95780gohsonvnbsu","time":1607811045,"event":{"mods":["Aspiration","BaseMod","Better Match","Better Note","Better Sensory Stone","Colored Map","Conspire","Downfall","Hubris","Infinite Spire","Minty Spire (QoL Compilation)","StSLib","slay the spire mod where everything is the same but ironclad has a cowboy hat"],"gold_per_floor":[99,99,113,113,133,133,133,133,118,143,153,200,39,55,74,173,173,173,192,208,208,224,374,398,398,415,415,429,444,457,470,485,583,583,583,596,596,596,596,611,611,624,644,644,664,664,44,44,64,64,64],"floor_reached":50,"playtime":2604,"items_purged":[],"score":450,"play_id":"e1b57ac7-bd8a-48f0-9cee-4a224306544d","local_time":"20201212171045","is_ascension_mode":false,"campfire_choices":[{"data":"Guardian:TwinSlam","floor":1,"key":"SMITH"},{"data":"Guardian:PrimingBeam","floor":4,"key":"SMITH"},{"data":"Guardian:PrismaticBeam","floor":6,"key":"SMITH"},{"data":"Guardian:MultiBeam","floor":18,"key":"SMITH"},{"data":"Guardian:CrystalBeam","floor":21,"key":"SMITH"},{"data":"Guardian:PrimingBeam","floor":25,"key":"SMITH"},{"floor":27,"key":"REST"},{"data":"Guardian:BaubleBeam","floor":35,"key":"SMITH"},{"data":"Guardian:CrystalBeam","floor":38,"key":"SMITH"},{"data":"Guardian:Strike_Guardian","floor":44,"key":"SMITH"}],"circlet_count":0,"master_deck":["Guardian:Strike_Guardian+1","Guardian:Strike_Guardian","Guardian:Defend_Guardian","Guardian:Defend_Guardian","Guardian:Defend_Guardian","Guardian:Defend_Guardian","Guardian:CurlUp","Guardian:TwinSlam+1","Guardian:PrimingBeam+1","Guardian:PrismaticBeam+1","Guardian:MultiBeam+1","Guardian:CrystalBeam+1","Guardian:Clone","Guardian:PrimingBeam+1","Guardian:BronzeOrb+1","Guardian:CrystalBeam+1","Guardian:BaubleBeam+1","Guardian:PiercingHide+1","Master of Strategy"],"relics":["Guardian:ModeShifter","aspiration:SeaSaltIceCream","aspiration:Nostalgia","Burning Blood","hubris:AstralHammer","Lantern","Guardian:StasisSlotReductionRelic","infinitespire:Satchel","Empty Cage","HornCleat","Vajra","infinitespire:BottledMercury"],"acts_visited":["Exordium","TheCity","TheBeyond"],"potions_floor_usage":[16,16,16,29,33,50,50,50],"damage_taken":[{"damage":4,"enemies":"Small Slimes","floor":3,"turns":4},{"damage":0,"enemies":"Cultist","floor":5,"turns":3},{"damage":0,"enemies":"downfall:FleeingMerchant","floor":9,"turns":4},{"damage":12,"enemies":"Lagavulin","floor":10,"turns":6},{"damage":0,"enemies":"Jaw Worm","floor":11,"turns":3},{"damage":0,"enemies":"downfall:FleeingMerchant","floor":13,"turns":4},{"damage":8,"enemies":"Exordium Wildlife","floor":14,"turns":4},{"damage":6,"enemies":"Red Slaver","floor":15,"turns":4},{"damage":33,"enemies":"downfall:Ironclad","floor":16,"turns":9},{"damage":24,"enemies":"conspire:FuzzyDice","floor":19,"turns":3},{"damage":9,"enemies":"Shell Parasite","floor":20,"turns":4},{"damage":13,"enemies":"3 Cultists","floor":22,"turns":4},{"damage":14,"enemies":"Centurion and Healer","floor":26,"turns":5},{"damage":23,"enemies":"conspire:HollyBat","floor":28,"turns":5},{"damage":2,"enemies":"Snecko","floor":29,"turns":4},{"damage":13,"enemies":"Snake Plant","floor":30,"turns":4},{"damage":0,"enemies":"Cultist and Chosen","floor":31,"turns":4},{"damage":5,"enemies":"Snecko","floor":32,"turns":3},{"damage":37,"enemies":"downfall:Watcher","floor":33,"turns":8},{"damage":0,"enemies":"Orb Walker","floor":36,"turns":3},{"damage":9,"enemies":"3 Darklings","floor":40,"turns":4},{"damage":1,"enemies":"Transient","floor":42,"turns":5},{"damage":0,"enemies":"Sphere and 2 Shapes","floor":43,"turns":4},{"damage":0,"enemies":"Jaw Worm Horde","floor":45,"turns":3},{"damage":0,"enemies":"downfall:FleeingMerchant","floor":47,"turns":4},{"damage":7,"enemies":"4 Shapes","floor":49,"turns":4},{"damage":88,"enemies":"downfall:Silent","floor":50,"turns":5}],"seed_played":"-872368864344839460","potions_obtained":[{"floor":10,"key":"Guardian:DefensiveModePotion"},{"floor":11,"key":"LiquidMemories"},{"floor":14,"key":"LiquidBronze"},{"floor":19,"key":"PowerPotion"},{"floor":22,"key":"Block Potion"},{"floor":31,"key":"BlessingOfTheForge"},{"floor":33,"key":"Guardian:BlockOnCardUsePotion"},{"floor":36,"key":"Dexterity Potion"},{"floor":45,"key":"CultistPotion"}],"is_trial":false,"path_per_floor":["R","?","M","R","M","R","T","?","$","E","M","T","$","M","M","B",null,"R","M","M","R","M","?","T","R","M","R","M","M","M","M","M","B",null,"R","M","?","R","?","M","T","M","M","R","M","?","$","?","M","B"],"character_chosen":"GUARDIAN","items_purchased":["Lantern","Vajra","Master of Strategy","infinitespire:BottledMercury"],"campfire_rested":1,"item_purchase_floors":[13,47,47,47],"current_hp_per_floor":[88,88,84,84,84,84,84,88,88,82,88,88,88,86,86,59,88,88,70,67,67,60,60,60,60,52,78,61,65,58,64,65,34,88,88,88,88,88,88,85,85,88,88,88,88,88,88,88,87,0,0],"gold":64,"neow_bonus":"TEN_PERCENT_HP_BONUS","is_daily":false,"chose_seed":false,"campfire_upgraded":9,"win_rate":0.0,"timestamp":1607811045,"path_taken":["R","?","?","R","M","R","T","?","$","E","M","?","$","?","M","BOSS","R","M","?","R","M","?","T","R","M","R","M","M","M","M","M","BOSS","R","M","?","R","?","M","T","M","M","R","?","?","$","?","M","BOSS"],"items_purchased_type":["Relic","Relic","Card","Relic"],"build_version":"2020-11-30","purchased_purges":0,"victory":false,"max_hp_per_floor":[88,88,88,88,88,88,88,88,88,88,88,88,88,88,88,88,88,88,88,88,88,88,88,88,88,88,88,88,88,88,88,88,88,88,88,88,88,88,88,88,88,88,88,88,88,88,88,88,88,88,88],"card_choices":[{"not_picked":["Guardian:WalkerClaw","Guardian:Recover"],"picked":"Guardian:PrimingBeam","floor":3},{"not_picked":["Guardian:Gem_Cyan","Guardian:Incinerate"],"picked":"Guardian:PrismaticBeam","floor":5},{"not_picked":["Guardian:DonusPower","Guardian:ArmoredProtocol"],"picked":"Guardian:Gem_Lightblue","floor":9},{"not_picked":["Guardian:GuardianWhirl","Guardian:BronzeArmor"],"picked":"Guardian:Gem_Purple","floor":10},{"not_picked":["Guardian:Suspension","Guardian:TemporalShield"],"picked":"Guardian:MultiBeam","floor":11},{"not_picked":["Guardian:TemporalStrike","Guardian:EvasiveProtocol"],"picked":"Guardian:Gem_Synthetic","floor":13},{"not_picked":["Guardian:TemporalShield","Guardian:WalkerClaw"],"picked":"Guardian:CrystalBeam","floor":14},{"not_picked":["Guardian:Planning","Guardian:PrismaticBarrier","Guardian:Repulse"],"picked":"SKIP","floor":15},{"not_picked":["Guardian:Harden","Guardian:TimeBomb+1"],"picked":"Guardian:Clone","floor":19},{"not_picked":["Guardian:Reroute","Guardian:Clone"],"picked":"Guardian:PrimingBeam","floor":20},{"not_picked":["Guardian:Reroute","Guardian:Preprogram","Guardian:PiercingHide"],"picked":"SKIP","floor":22},{"not_picked":["Guardian:PrismaticBeam","Guardian:TemporalShield","Guardian:TemporalStrike"],"picked":"SKIP","floor":26},{"not_picked":["Guardian:ShieldCharger","Guardian:Preprogram"],"picked":"Guardian:BronzeOrb+1","floor":28},{"not_picked":["Guardian:Gem_Fragmented","Guardian:ShieldSpikes","Guardian:EvasiveProtocol+1"],"picked":"SKIP","floor":29},{"not_picked":["Guardian:Gem_Cyan","Guardian:GuardianWhirl+1","Guardian:Planning"],"picked":"SKIP","floor":30},{"not_picked":["Guardian:Gem_Lightblue","Guardian:ChargeCore"],"picked":"Guardian:CrystalBeam","floor":31},{"not_picked":["Guardian:ChargeCore+1","Guardian:SpikerProtocol","Guardian:EvasiveProtocol+1"],"picked":"SKIP","floor":32},{"not_picked":["Guardian:StasisField","Guardian:HyperBeam_Guardian"],"picked":"Guardian:BaubleBeam","floor":33},{"not_picked":["Guardian:PrismaticBarrier+1","Guardian:SpikerProtocol"],"picked":"Guardian:PiercingHide+1","floor":36},{"not_picked":["Guardian:Suspension","Guardian:TimeCapacitor+1","Guardian:Planning"],"picked":"SKIP","floor":40},{"not_picked":["Guardian:PolyBeam","Guardian:PrismaticBeam+1","Guardian:CrystalBeam"],"picked":"SKIP","floor":42},{"not_picked":["Guardian:Gem_Lightblue","Guardian:Planning+1"],"picked":"Guardian:Gem_Red","floor":43},{"not_picked":["Guardian:Preprogram+1","Guardian:Planning","Guardian:Gem_Blue"],"picked":"SKIP","floor":45},{"not_picked":["Guardian:BronzeOrb+1","Guardian:PrismaticBeam","Guardian:EvasiveProtocol+1"],"picked":"SKIP","floor":47},{"not_picked":["Guardian:MultiBeam","Guardian:Planning+1","Guardian:CrystalBeam"],"picked":"SKIP","floor":49}],"player_experience":307407,"relics_obtained":[{"floor":7,"key":"aspiration:SeaSaltIceCream"},{"floor":10,"key":"hubris:AstralHammer"},{"floor":12,"key":"Nunchaku"},{"floor":24,"key":"infinitespire:Satchel"},{"floor":41,"key":"HornCleat"}],"event_choices":[{"damage_healed":0,"gold_gain":0,"player_choice":"Leave","damage_taken":0,"max_hp_gain":0,"max_hp_loss":0,"event_name":"conspire:Investor","floor":37,"gold_loss":0}],"is_beta":false,"boss_relics":[{"not_picked":["SlaversCollar","Philosopher\u0027s Stone"],"picked":"Guardian:StasisSlotReductionRelic"},{"not_picked":["Coffee Dripper","aspiration:RunicSpoon"],"picked":"Empty Cage"}],"items_purged_floors":[],"is_endless":false,"potions_floor_spawned":[10,11,14,15,19,22,31,33,36,43,45,49],"killed_by":"downfall:Silent","ascension_level":0}}