{"host":"8qb550oiisecbnz6","time":1607799349,"event":{"mods":["AchievementEnabler","BaseMod","Colored Map","Colored Powertips","Minty Spire (QoL Compilation)","Quick Restart","Slay-I","StSLib"],"gold_per_floor":[111,128,140,140,65,65,99,99,176,176,176,187,87,113,113,216,216,232,79,79,4,4,39,39,139,164,178,178,195,195,70,70,165,165,176,176,195,19,19,50,50,82,82,111,36,36,68,80,80,80,80,80,18,47,47],"floor_reached":56,"playtime":6006,"items_purged":["Regret","Strike_G","Strike_G","Concentrate+1"],"score":1492,"play_id":"4804a4ed-b9b0-4a96-b803-1b9bcfb6832a","local_time":"20201212195549","is_ascension_mode":true,"campfire_choices":[{"data":"Footwork","floor":6.0,"key":"SMITH"},{"data":"Calculated Gamble","floor":8.0,"key":"SMITH"},{"data":"Dagger Throw","floor":11.0,"key":"SMITH"},{"data":"Terror","floor":15.0,"key":"SMITH"},{"data":"Noxious Fumes","floor":24.0,"key":"SMITH"},{"data":"Dash","floor":30,"key":"SMITH"},{"floor":32,"key":"REST"},{"floor":41,"key":"REST"},{"floor":49,"key":"RECALL"},{"data":"Strike_G","floor":52,"key":"PURGE"}],"circlet_count":0,"master_deck":["Strike_G","Defend_G","Defend_G","Defend_G","Defend_G","Survivor","Neutralize+1","Dagger Throw+1","Terror+1","Footwork+1","Calculated Gamble+1","Dash+1","Noxious Fumes+1","Adrenaline+1","Dodge and Roll+1","Blur+1","Well Laid Plans","Madness+1","Madness+1","Acrobatics+1","Finisher+1","Quick Slash","Pain","Deadly Poison+1"],"relics":["Ring of the Snake","Potion Belt","Tiny Chest","Toxic Egg 2","Mercury Hourglass","HoveringKite","TwistedFunnel","Ancient Tea Set","Bag of Preparation","Black Star","Anchor","Membership Card","PreservedInsect","Blue Candle","White Beast Statue","Akabeko","Singing Bowl","Toy Ornithopter","Happy Flower","WarpedTongs","Peace Pipe","Nunchaku","Oddly Smooth Stone","Ginger"],"acts_visited":["Exordium","TheCity","TheBeyond","TheEnding"],"potions_floor_usage":[37,42,44,47,48,50,55,55,55,55],"damage_taken":[{"damage":0.0,"enemies":"Cultist","floor":1.0,"turns":4.0},{"damage":1.0,"enemies":"2 Louse","floor":2.0,"turns":3.0},{"damage":0.0,"enemies":"Small Slimes","floor":3.0,"turns":5.0},{"damage":29.0,"enemies":"Gremlin Nob","floor":7.0,"turns":6.0},{"damage":2.0,"enemies":"3 Louse","floor":12.0,"turns":3.0},{"damage":12.0,"enemies":"Lagavulin","floor":14.0,"turns":8.0},{"damage":11.0,"enemies":"Hexaghost","floor":16.0,"turns":9.0},{"damage":1.0,"enemies":"Shell Parasite","floor":18.0,"turns":5.0},{"damage":28.0,"enemies":"Slavers","floor":23.0,"turns":4.0},{"damage":0.0,"enemies":"3 Byrds","floor":27.0,"turns":3.0},{"damage":5.0,"enemies":"Snake Plant","floor":29.0,"turns":4.0},{"damage":32,"enemies":"Automaton","floor":33,"turns":10},{"damage":0,"enemies":"Orb Walker","floor":35,"turns":3},{"damage":17,"enemies":"3 Darklings","floor":37,"turns":5},{"damage":17,"enemies":"Reptomancer","floor":40,"turns":7},{"damage":0,"enemies":"Nemesis","floor":42,"turns":5},{"damage":30,"enemies":"Reptomancer","floor":44,"turns":5},{"damage":2,"enemies":"Giant Head","floor":47,"turns":7},{"damage":1,"enemies":"Spire Growth","floor":48,"turns":3},{"damage":5,"enemies":"Awakened One","floor":50,"turns":15},{"damage":1,"enemies":"Shield and Spear","floor":54,"turns":8},{"damage":67,"enemies":"The Heart","floor":55,"turns":12}],"seed_played":"-4694908062385556148","potions_obtained":[{"floor":2.0,"key":"CultistPotion"},{"floor":3.0,"key":"SpeedPotion"},{"floor":7.0,"key":"Dexterity Potion"},{"floor":27.0,"key":"Poison Potion"},{"floor":29.0,"key":"Weak Potion"},{"floor":33,"key":"Fruit Juice"},{"floor":37,"key":"CultistPotion"},{"floor":44,"key":"Poison Potion"},{"floor":47,"key":"BlessingOfTheForge"},{"floor":48,"key":"Fruit Juice"},{"floor":54,"key":"Explosive Potion"}],"is_trial":false,"path_per_floor":["M","M","M","?","$","R","E","R","T","?","R","M","$","E","R","B",null,"M","$","?","?","T","E","R","?","T","M","?","M","R","$","R","B",null,"M","T","M","$","?","E","R","E","T","E","$","?","E","M","R","B",null,"R","$","E","B",null],"character_chosen":"THE_SILENT","items_purchased":["TwistedFunnel","Membership Card","Well Laid Plans","PowerPotion","Ancient Potion"],"campfire_rested":2,"item_purchase_floors":[19,38,38,53,53],"current_hp_per_floor":[70,69,69,69,69,69,40,40,40,57,57,55,55,43,43,32,70,69,69,69,67,67,39,39,39,39,39,39,34,34,34,54,22,67,67,67,55,55,46,29,50,50,50,20,20,20,25,36,36,36,81,81,81,80,19],"gold":47,"neow_bonus":"UPGRADE_CARD","is_daily":false,"chose_seed":false,"campfire_upgraded":6,"win_rate":0.0,"timestamp":1607799349,"path_taken":["M","?","?","?","$","R","E","R","T","?","R","M","$","E","R","BOSS","M","$","?","?","?","E","R","?","T","?","?","M","R","$","R","BOSS","M","?","M","$","?","E","R","E","T","E","$","?","E","?","R","BOSS","R","$","E","BOSS"],"items_purchased_type":["Relic","Relic","Card","Potion","Potion"],"build_version":"2020-11-30","purchased_purges":4,"victory":true,"max_hp_per_floor":[70,70,70,70,70,70,70,70,70,70,70,70,70,70,70,70,70,70,70,70,67,67,67,67,67,67,67,67,67,67,67,67,67,67,67,67,72,72,72,72,72,72,72,72,72,72,74,81,81,81,81,81,81,81,81],"card_choices":[{"not_picked":["Bane","Deflect"],"picked":"Dagger Throw","floor":1.0},{"not_picked":["Acrobatics","Eviscerate"],"picked":"Terror","floor":2.0},{"not_picked":["Acrobatics","Sucker Punch"],"picked":"Footwork","floor":3.0},{"not_picked":["Endless Agony","Acrobatics"],"picked":"Calculated Gamble","floor":7.0},{"not_picked":["Skewer","Backflip+1"],"picked":"Dash","floor":12.0},{"not_picked":["Eviscerate","Leg Sweep+1","Blade Dance+1"],"picked":"SKIP","floor":14.0},{"not_picked":["Backstab+1","Flechettes+1"],"picked":"Noxious Fumes","floor":18.0},{"not_picked":["Dodge and Roll+1","Accuracy+1","Acrobatics+1"],"picked":"SKIP","floor":23.0},{"not_picked":["Sucker Punch+1","Dagger Throw","Concentrate+1"],"picked":"SKIP","floor":27.0},{"not_picked":["Outmaneuver+1","Bane","All Out Attack"],"picked":"SKIP","floor":29.0},{"not_picked":["Glass Knife","Wraith Form v2"],"picked":"Adrenaline+1","floor":33},{"not_picked":["Flying Knee","Backstab+1"],"picked":"Dodge and Roll+1","floor":35},{"not_picked":["Flying Knee","Dagger Throw"],"picked":"Blur+1","floor":37},{"not_picked":["Outmaneuver+1","A Thousand Cuts"],"picked":"Acrobatics+1","floor":40},{"not_picked":["Endless Agony+1","Bouncing Flask+1"],"picked":"Finisher+1","floor":42},{"not_picked":["Poisoned Stab+1","Sucker Punch"],"picked":"Quick Slash","floor":44},{"not_picked":["Reflex+1","Dagger Spray+1","Riddle With Holes"],"picked":"Singing Bowl","floor":47},{"not_picked":["Masterful Stab","Underhanded Strike+1","Expertise+1"],"picked":"Singing Bowl","floor":48},{"not_picked":["Quick Slash","Venomology+1"],"picked":"Deadly Poison+1","floor":54}],"player_experience":322311,"relics_obtained":[{"floor":7.0,"key":"Tiny Chest"},{"floor":9.0,"key":"Toxic Egg 2"},{"floor":14.0,"key":"Mercury Hourglass"},{"floor":23.0,"key":"Ancient Tea Set"},{"floor":26.0,"key":"Bag of Preparation"},{"floor":36,"key":"Anchor"},{"floor":40,"key":"PreservedInsect"},{"floor":40,"key":"Blue Candle"},{"floor":42,"key":"White Beast Statue"},{"floor":42,"key":"Akabeko"},{"floor":43,"key":"Singing Bowl"},{"floor":44,"key":"Toy Ornithopter"},{"floor":44,"key":"Happy Flower"},{"floor":47,"key":"Peace Pipe"},{"floor":47,"key":"Nunchaku"},{"floor":54,"key":"Oddly Smooth Stone"},{"floor":54,"key":"Ginger"}],"event_choices":[{"damage_healed":0.0,"max_hp_gain":0.0,"max_hp_loss":0.0,"gold_gain":0.0,"event_name":"Big Fish","player_choice":"Box","floor":4.0,"gold_loss":0.0,"damage_taken":0.0,"relics_obtained":["Potion Belt"],"cards_obtained":["Regret"]},{"damage_healed":17.0,"max_hp_gain":0.0,"max_hp_loss":0.0,"gold_gain":0.0,"event_name":"Mushrooms","player_choice":"Healed and dodged fight","floor":10.0,"gold_loss":0.0,"damage_taken":0.0,"cards_obtained":["Parasite"]},{"cards_removed":["Defend_G"],"damage_healed":0.0,"max_hp_gain":0.0,"max_hp_loss":0.0,"gold_gain":0.0,"event_name":"Back to Basics","player_choice":"Elegance","floor":20.0,"gold_loss":0.0,"damage_taken":0.0},{"cards_removed":["Parasite"],"damage_healed":0.0,"max_hp_gain":0.0,"max_hp_loss":0.0,"gold_gain":0.0,"event_name":"Beggar","player_choice":"Gave Gold","floor":21.0,"gold_loss":75.0,"damage_taken":0.0},{"damage_healed":0.0,"max_hp_gain":0.0,"max_hp_loss":0.0,"gold_gain":100.0,"event_name":"Golden Shrine","player_choice":"Pray","floor":25.0,"gold_loss":0.0,"damage_taken":0.0},{"damage_healed":0.0,"max_hp_gain":0.0,"max_hp_loss":0.0,"gold_gain":0.0,"cards_transformed":["Strike_G"],"event_name":"Transmorgrifier","player_choice":"Transformed","floor":28.0,"gold_loss":0.0,"damage_taken":0.0,"cards_obtained":["Concentrate"]},{"damage_healed":0,"gold_gain":0,"player_choice":"Embrace Madness","damage_taken":9,"max_hp_gain":0,"max_hp_loss":0,"event_name":"Winding Halls","floor":39,"gold_loss":0,"cards_obtained":["Madness","Madness"]},{"damage_healed":0,"gold_gain":0,"player_choice":"Rummage","damage_taken":0,"relics_obtained":["WarpedTongs"],"max_hp_gain":0,"max_hp_loss":0,"event_name":"Accursed Blacksmith","floor":46,"gold_loss":0,"cards_obtained":["Pain"]}],"is_beta":false,"boss_relics":[{"not_picked":["Fusion Hammer","Runic Dome"],"picked":"HoveringKite"},{"not_picked":["Tiny House","Coffee Dripper"],"picked":"Black Star"}],"items_purged_floors":[5,13,31,45],"is_endless":false,"potions_floor_spawned":[2,3,7,27,29,33,37,44,47,48,54],"ascension_level":4}}