{"host":"j06fkfseroga8i8e","time":1607809028,"event":{"mods":["BaseMod","Bestiary","Colored Map","Colored Powertips","Minty Spire (QoL Compilation)","Relic Stats","StSLib"],"gold_per_floor":[112,112,125,206,12,46,46,71,97,132,144,163,183,203,203,306,306,306],"floor_reached":17,"playtime":406,"items_purged":[],"score":303,"play_id":"858b1a0b-34ea-4417-8fba-eaf16c7f9f66","local_time":"20201212163708","is_ascension_mode":true,"campfire_choices":[{"data":"Bash","floor":7,"key":"SMITH"},{"data":"Sever Soul","floor":15,"key":"SMITH"}],"circlet_count":0,"master_deck":["AscendersBane","Strike_R","Strike_R","Strike_R","Strike_R","Defend_R","Defend_R","Defend_R","Defend_R","Bash+1","Sever Soul+1","Battle Trance","Infernal Blade+1","Limit Break+1","True Grit+1","Seeing Red+1","Carnage","Warcry+1","Disarm+1","Cleave","Immolate"],"relics":["Black Blood","NeowsBlessing","Toxic Egg 2","Bag of Marbles","Du-Vu Doll","Oddly Smooth Stone","Centennial Puzzle","Bronze Scales"],"acts_visited":["Exordium","TheCity"],"potions_floor_usage":[16],"damage_taken":[{"damage":0,"enemies":"2 Louse","floor":1,"turns":1},{"damage":0,"enemies":"Jaw Worm","floor":3,"turns":1},{"damage":0,"enemies":"3 Sentries","floor":6,"turns":1},{"damage":35,"enemies":"Lagavulin","floor":8,"turns":4},{"damage":4,"enemies":"3 Sentries","floor":10,"turns":8},{"damage":10,"enemies":"Small Slimes","floor":11,"turns":2},{"damage":0,"enemies":"3 Louse","floor":12,"turns":1},{"damage":4,"enemies":"Red Slaver","floor":13,"turns":2},{"damage":0,"enemies":"Blue Slaver","floor":14,"turns":3},{"damage":10,"enemies":"The Guardian","floor":16,"turns":10}],"seed_played":"-3145631692578149348","potions_obtained":[{"floor":10,"key":"BlessingOfTheForge"},{"floor":11,"key":"PowerPotion"},{"floor":12,"key":"LiquidMemories"}],"is_trial":false,"path_per_floor":["M","?","M","T","$","E","R","E","T","E","M","M","M","M","R","B",null],"character_chosen":"IRONCLAD","items_purchased":["Infernal Blade+1","Bag of Marbles"],"campfire_rested":0,"item_purchase_floors":[5,5],"current_hp_per_floor":[78,71,77,77,77,80,80,51,51,53,49,55,57,63,63,59,75,75],"gold":306,"neow_bonus":"THREE_ENEMY_KILL","is_daily":false,"chose_seed":false,"campfire_upgraded":2,"win_rate":0.0,"timestamp":1607809028,"path_taken":["M","?","M","?","$","E","R","E","T","E","M","M","M","M","R","BOSS"],"items_purchased_type":["Card","Relic"],"build_version":"2020-11-30","purchased_purges":0,"victory":false,"max_hp_per_floor":[80,80,80,80,80,80,80,80,80,80,80,80,80,80,80,80,80,80],"relic_stats":{"Centennial Puzzle":[9],"counters":[10,33],"Bronze Scales":[54],"Black Blood":57,"obtain_stats":[{"Du-Vu Doll":6,"Centennial Puzzle":9,"NeowsBlessing":0,"Bronze Scales":10,"Oddly Smooth Stone":8,"Black Blood":17,"Bag of Marbles":5,"Toxic Egg 2":4,"Burning Blood":0},{"Du-Vu Doll":3,"Centennial Puzzle":4,"NeowsBlessing":0,"Bronze Scales":5,"Oddly Smooth Stone":4,"Black Blood":10,"Bag of Marbles":2,"Toxic Egg 2":2,"Burning Blood":0},{"Du-Vu Doll":3,"Centennial Puzzle":7,"NeowsBlessing":0,"Bronze Scales":15,"Oddly Smooth Stone":7,"Black Blood":33,"Bag of Marbles":2,"Toxic Egg 2":2,"Burning Blood":0}]},"card_choices":[{"not_picked":["Warcry","Anger"],"picked":"Sever Soul","floor":1},{"not_picked":["Warcry","Perfected Strike"],"picked":"Battle Trance","floor":3},{"not_picked":["Burning Pact+1","Clothesline"],"picked":"Limit Break+1","floor":6},{"not_picked":["Armaments+1","Carnage"],"picked":"True Grit+1","floor":8},{"not_picked":["Body Slam","Ghostly Armor+1"],"picked":"Seeing Red+1","floor":10},{"not_picked":["Searing Blow","Cleave"],"picked":"Carnage","floor":11},{"not_picked":["Second Wind+1","Perfected Strike"],"picked":"Warcry+1","floor":12},{"not_picked":["Heavy Blade","Immolate"],"picked":"Disarm+1","floor":13},{"not_picked":["Twin Strike","Wild Strike"],"picked":"Cleave","floor":14},{"not_picked":["Offering+1","Brutality"],"picked":"Immolate","floor":16}],"player_experience":498468,"relics_obtained":[{"floor":4,"key":"Toxic Egg 2"},{"floor":6,"key":"Du-Vu Doll"},{"floor":8,"key":"Oddly Smooth Stone"},{"floor":9,"key":"Centennial Puzzle"},{"floor":10,"key":"Bronze Scales"}],"event_choices":[{"cards_removed":["Strike_R"],"damage_healed":0,"gold_gain":0,"player_choice":"Card Removal","damage_taken":7,"max_hp_gain":0,"max_hp_loss":0,"event_name":"Golden Wing","floor":2,"gold_loss":0}],"is_beta":false,"boss_relics":[{"not_picked":["Runic Cube","Coffee Dripper"],"picked":"Black Blood"}],"items_purged_floors":[],"is_endless":false,"potions_floor_spawned":[10,11,12,14],"ascension_level":10}}