{"host":"10b2ljh1rg6srmxa","time":1607775066,"event":{"mods":["AchievementEnabler","BaseMod","Colored Powertips","Hermit","Infinite Spire","Minty Spire (QoL Compilation)","Replay The Spire","StSLib"],"gold_per_floor":[112,131,131,150,164,197,197,155,155,155,155,221,69,101,101,276,276,317,317,368,376,376,437,437,46,46,46,115,115,115,115,115,311,311,378,435,435,514,514,619,619,711,711,836,932,932,932,1042,1042,1096,1096],"floor_reached":50,"playtime":3444,"items_purged":["Injury","Searing Blow","Corruption"],"score":860,"play_id":"7a7d0a5c-a6b6-45a0-8ee3-258145f8bdd7","local_time":"20201212131106","is_ascension_mode":true,"campfire_choices":[{"floor":7,"key":"REST"},{"floor":10,"key":"REST"},{"floor":24,"key":"REST"},{"floor":27,"key":"REST"},{"data":"Combust","floor":29,"key":"SMITH"},{"floor":32,"key":"REST"},{"data":"ReplayTheSpireMod:Chaos Vortex","floor":32,"key":"SMITH"},{"floor":41,"key":"REST"},{"data":"infinitespire:OneForAll","floor":41,"key":"SMITH"},{"floor":47,"key":"REST"},{"data":"Rage","floor":47,"key":"SMITH"},{"floor":49,"key":"REST"},{"data":"Pummel","floor":49,"key":"SMITH"}],"circlet_count":0,"master_deck":["Strike_R","Strike_R","Strike_R","Strike_R","Strike_R","Defend_R+1","Defend_R","Defend_R+1","Defend_R+1","Bash","Shrug It Off","Pommel Strike","Offering","Ghostly Armor","Rage+1","Combust+1","Cleave","Blood for Blood","Intimidate","Necronomicurse","ReplayTheSpireMod:Chaos Vortex+1","Hallucinations","infinitespire:OneForAll+1","Warcry+1","Spreading Infection","Pummel+1"],"relics":["Burning Blood","Red Skull","infinitespire:Midas Blood","Replay:Bandana","Golden Idol","Happy Flower","Busted Crown","Necronomicon","Bottled Tornado","ChewingGum","Boot","Pen Nib","infinitespire:Lucky Rock","Self Forming Clay","War Paint","infinitespire:Magic Flask","Ring of Hypnosis","infinitespire:EvilPickle","Cursed Key","Mango","Eternal Feather","Mirror","Shuriken"],"acts_visited":["Exordium","TheCity","TheBeyond"],"potions_floor_usage":[6,16,16,16,16,20,33,50,50],"damage_taken":[{"damage":8,"enemies":"2 Louse","floor":1,"turns":3},{"damage":4,"enemies":"Small Slimes","floor":2,"turns":4},{"damage":6,"enemies":"Jaw Worm","floor":4,"turns":4},{"damage":7,"enemies":"Looter","floor":5,"turns":3},{"damage":60,"enemies":"Gremlin Nob","floor":6,"turns":6},{"damage":30,"enemies":"3 Sentries","floor":12,"turns":9},{"damage":15,"enemies":"Blue Slaver","floor":14,"turns":3},{"damage":35,"enemies":"Fading Forest","floor":16,"turns":11},{"damage":16,"enemies":"Chosen","floor":18,"turns":6},{"damage":32,"enemies":"Shell Parasite","floor":20,"turns":6},{"damage":14,"enemies":"Slavers","floor":23,"turns":4},{"damage":18,"enemies":"Book of Stabbing","floor":28,"turns":5},{"damage":28,"enemies":"Pondfish","floor":33,"turns":10},{"damage":10,"enemies":"3 Shapes","floor":35,"turns":2},{"damage":7,"enemies":"Orb Walker","floor":36,"turns":2},{"damage":31,"enemies":"Transient","floor":38,"turns":5},{"damage":15,"enemies":"Reptomancer","floor":40,"turns":6},{"damage":29,"enemies":"Jaw Worm Horde","floor":42,"turns":3},{"damage":66,"enemies":"Giant Head","floor":44,"turns":8},{"damage":9,"enemies":"Writhing Mass","floor":45,"turns":4},{"damage":11,"enemies":"Maw","floor":48,"turns":6},{"damage":91,"enemies":"infinitespire:MassOfShapes","floor":50,"turns":7}],"seed_played":"4760034708794159350","potions_obtained":[{"floor":4,"key":"SkillPotion"},{"floor":6,"key":"Energy Potion"},{"floor":15,"key":"SkillPotion"},{"floor":15,"key":"Flashbang"},{"floor":16,"key":"Swift Potion"},{"floor":18,"key":"SpeedPotion"},{"floor":28,"key":"Languid Potion"},{"floor":35,"key":"Elixir"},{"floor":45,"key":"EssenceOfSteel"}],"is_trial":false,"path_per_floor":["M","M","?","M","M","E","R","?","T","R","?","E","$","M","R","B",null,"M","?","M","?","AVR","E","R","$","T","R","E","R","T","?","R","B",null,"M","M","AVR","M","?","E","R","M","T","E","M","?","R","M","R","B"],"character_chosen":"IRONCLAD","items_purchased":["Combust","Pen Nib","infinitespire:Lucky Rock"],"campfire_rested":8,"item_purchase_floors":[13,25,25],"current_hp_per_floor":[78,80,80,80,79,25,49,49,49,73,73,49,49,40,40,11,80,70,70,56,40,40,32,56,56,56,80,68,68,68,68,80,58,80,76,75,89,64,64,55,94,71,71,11,8,8,51,46,89,0,0],"gold":1096,"neow_bonus":"RANDOM_EVENT","is_daily":false,"chose_seed":false,"campfire_upgraded":5,"win_rate":0.0,"timestamp":1607775066,"path_taken":["M","M","?","M","M","E","R","?","T","R","?","E","$","M","R","BOSS","M","?","M","?","AVR","E","R","$","T","R","E","R","?","?","R","BOSS","M","M","AVR","M","?","E","R","?","T","E","?","?","R","M","R","BOSS"],"items_purchased_type":["Card","Relic","Relic"],"build_version":"2020-11-30","purchased_purges":3,"victory":false,"max_hp_per_floor":[80,80,80,80,80,80,80,80,80,80,80,80,80,80,80,80,80,80,80,80,80,80,80,80,80,80,80,80,80,80,80,80,80,80,80,80,94,94,94,94,94,94,94,94,94,94,94,94,94,94,94],"card_choices":[{"not_picked":["Intimidate","Cleave"],"picked":"Shrug It Off","floor":1},{"not_picked":["True Grit","Abandon"],"picked":"Pommel Strike","floor":2},{"not_picked":["Cleave","Wild Strike"],"picked":"Offering","floor":4},{"not_picked":["Burning Pact","Anger"],"picked":"Ghostly Armor","floor":5},{"not_picked":["Cleave","Flex"],"picked":"Searing Blow","floor":6},{"not_picked":["Anger","Warcry"],"picked":"Rage","floor":12},{"not_picked":["True Grit","ReplayTheSpireMod:Strike From Hell"],"picked":"Cleave","floor":14},{"not_picked":["Brutality","Double Tap"],"picked":"Corruption","floor":16},{"not_picked":["Headbutt+1"],"picked":"SKIP","floor":18},{"not_picked":[],"picked":"Intimidate","floor":20},{"not_picked":["Fire Breathing"],"picked":"SKIP","floor":23},{"not_picked":["ReplayTheSpireMod:LeadingStrike"],"picked":"SKIP","floor":28},{"not_picked":[],"picked":"infinitespire:OneForAll","floor":35},{"not_picked":["Defy Death+1"],"picked":"SKIP","floor":36},{"not_picked":["Twin Strike"],"picked":"SKIP","floor":38},{"not_picked":[],"picked":"Warcry+1","floor":40},{"not_picked":["Wild Strike"],"picked":"SKIP","floor":42},{"not_picked":["Second Wind+1"],"picked":"SKIP","floor":44},{"not_picked":["Anger"],"picked":"SKIP","floor":45},{"not_picked":[],"picked":"Pummel","floor":48}],"player_experience":212454,"relics_obtained":[{"floor":3,"key":"Red Skull"},{"floor":6,"key":"infinitespire:Midas Blood"},{"floor":9,"key":"Replay:Bandana"},{"floor":12,"key":"Happy Flower"},{"floor":21,"key":"Necronomicon"},{"floor":23,"key":"Boot"},{"floor":26,"key":"Self Forming Clay"},{"floor":28,"key":"War Paint"},{"floor":30,"key":"infinitespire:Magic Flask"},{"floor":31,"key":"Ring of Hypnosis"},{"floor":40,"key":"Eternal Feather"},{"floor":43,"key":"Mirror"},{"floor":44,"key":"Shuriken"}],"event_choices":[{"damage_healed":0,"gold_gain":0,"player_choice":"Left Gold","damage_taken":0,"max_hp_gain":0,"max_hp_loss":0,"event_name":"World of Goop","floor":8,"gold_loss":42},{"damage_healed":0,"gold_gain":0,"player_choice":"Take Wound","damage_taken":0,"relics_obtained":["Golden Idol"],"max_hp_gain":0,"max_hp_loss":0,"event_name":"Golden Idol","floor":11,"gold_loss":0,"cards_obtained":["Injury"]},{"damage_healed":0,"gold_gain":0,"player_choice":"Read","damage_taken":0,"max_hp_gain":0,"max_hp_loss":0,"event_name":"The Library","floor":19,"gold_loss":0,"cards_obtained":["Blood for Blood"]},{"damage_healed":0,"gold_gain":0,"player_choice":"Obtained Book","damage_taken":16,"max_hp_gain":0,"max_hp_loss":0,"event_name":"Cursed Tome","floor":21,"gold_loss":0},{"damage_healed":0,"gold_gain":0,"player_choice":"Ignored","damage_taken":0,"max_hp_gain":0,"max_hp_loss":0,"event_name":"SecretPortal","floor":39,"gold_loss":0},{"damage_healed":0,"gold_gain":0,"player_choice":"Memory 1","damage_taken":0,"max_hp_gain":0,"max_hp_loss":0,"event_name":"SensoryStone","floor":46,"gold_loss":0}],"is_beta":false,"boss_relics":[{"not_picked":["Painkiller Herb","Replay:Drink Me"],"picked":"Busted Crown"},{"not_picked":["Runic Dome","Ooze Armor"],"picked":"Cursed Key"}],"items_purged_floors":[13,22,25],"is_endless":false,"potions_floor_spawned":[4,6,16,18,28,35,40,45,48],"killed_by":"infinitespire:MassOfShapes","ascension_level":4}}