{"host":"qnk15saze0ayia2v","time":1607810830,"event":{"mods":["BaseMod","GifTheSpireLib","Koishi","Marisa????????","Minty Spire (QoL Compilation)","Replay The Spire","StSLib","The Necromancer","The Servant 0.9.4"],"gold_per_floor":[111,111,123,149,149,177,177,102,102,122,147,147,178,228,228,330,330,346,271,118,131,131,156,156,170,170,200,220,232,250,262,262,360,360,372,372,372,72,83,108,108,127,201,275,48,48,48,64,64,64],"floor_reached":51,"playtime":9923,"items_purged":["Replay:Sluggish","Voices","Decay","Delirium"],"score":833,"play_id":"e04edc40-8022-49d4-bedf-08873577c75e","local_time":"20201212230710","is_ascension_mode":false,"campfire_choices":[{"data":"Bone_Bullets","floor":7,"key":"SMITH"},{"data":"Thousand_Bone_Knives","floor":12,"key":"SMITH"},{"data":"Bone_Spikes","floor":15,"key":"SMITH"},{"floor":24,"key":"REST"},{"floor":32,"key":"REST"},{"floor":41,"key":"RECALL"},{"floor":46,"key":"REST"},{"floor":49,"key":"REST"}],"circlet_count":0,"master_deck":["Strike_W","Strike_W","Strike_W","Defend_W","Defend_W","Defend_W","Defend_W","Negative_Energy_Arrows","Bone_Wall","Bone_Bullets+1","Life_Drain","Bone_Spikes+1","Thousand_Bone_Knives+1","Bone_Armor","Life_Drain","Detonate_Bones","Bone_Armory+1","Life_Drain","Shade_Step+1","Bone_Prison+1","Spectral_Armor+1","Summon_Undead_Army+1","Bone_Prison+1","Clumsy"],"relics":["Vampire_Amulet","NeowsBlessing","Simple Rune","Blue Doll","PreservedInsect","Singing Bowl","Unceasing Top","Darkstone Periapt","Ring of Fury","Ring of Greed","Replay:Wax Seal","Membership Card","Fusion Hammer","Vajra","Bag of Marbles","Frozen Egg 2","Anchor","Velvet Choker","BargainBundle","War Paint","Bottled Tornado","ReplayTheSpireMod:Shallot","Iron Hammer","Shuriken","Du-Vu Doll"],"acts_visited":["Exordium","TheCity","TheBeyond"],"potions_floor_usage":[11,13,16,23,33,50,50,50],"damage_taken":[{"damage":0,"enemies":"Cultist","floor":1,"turns":1},{"damage":0,"enemies":"2 Louse","floor":3,"turns":1},{"damage":0,"enemies":"Gremlin Nob","floor":6,"turns":1},{"damage":2,"enemies":"Small Slimes","floor":10,"turns":3},{"damage":18,"enemies":"3 Sentries","floor":11,"turns":5},{"damage":10,"enemies":"Gremlin Nob","floor":13,"turns":3},{"damage":59,"enemies":"Fading Forest","floor":16,"turns":11},{"damage":17,"enemies":"2 Thieves","floor":18,"turns":4},{"damage":10,"enemies":"Shell Parasite","floor":21,"turns":3},{"damage":26,"enemies":"Book of Stabbing","floor":23,"turns":4},{"damage":20,"enemies":"Centurion and Healer","floor":25,"turns":4},{"damage":38,"enemies":"Replay:Snechameleon","floor":27,"turns":4},{"damage":11,"enemies":"Snecko","floor":28,"turns":3},{"damage":5,"enemies":"Snake Plant","floor":29,"turns":2},{"damage":18,"enemies":"Shelled Parasite and Fungi","floor":30,"turns":4},{"damage":6,"enemies":"3 Cultists","floor":31,"turns":4},{"damage":49,"enemies":"Champ","floor":33,"turns":8},{"damage":7,"enemies":"3 Darklings","floor":35,"turns":5},{"damage":9,"enemies":"3 Shapes","floor":39,"turns":4},{"damage":4,"enemies":"Giant Head","floor":40,"turns":7},{"damage":6,"enemies":"Writhing Mass","floor":42,"turns":4},{"damage":24,"enemies":"3 Darklings","floor":48,"turns":4},{"damage":86,"enemies":"Awakened One","floor":50,"turns":10}],"seed_played":"-3390871352423146498","potions_obtained":[{"floor":6,"key":"Adrenaline Potion"},{"floor":10,"key":"ColorlessPotion"},{"floor":13,"key":"Block Potion"},{"floor":18,"key":"Strength Potion"},{"floor":21,"key":"CultistPotion"},{"floor":23,"key":"FearPotion"},{"floor":28,"key":"PowerPotion"},{"floor":33,"key":"LifebloodPotion"},{"floor":48,"key":"Elixir"}],"is_trial":false,"path_per_floor":["M","?","M","T","?","E","R","$","T","M","E","R","E","?","R","B",null,"M","?","$","M","?","E","R","M","T","E","M","M","M","M","R","B",null,"M","?","?","$","M","E","R","M","T","T","$","R","?","M","R","B",null],"character_chosen":"NECROMANCER","items_purchased":["Vajra","Bone_Armory+1","BargainBundle","War Paint","Spectral_Armor+1","Summon_Undead_Army+1","Bottled Tornado","Du-Vu Doll"],"campfire_rested":4,"item_purchase_floors":[20,20,38,38,38,38,38,45],"current_hp_per_floor":[75,75,75,75,72,74,74,74,74,75,69,69,67,73,73,68,89,90,90,90,88,88,77,95,87,87,63,66,77,85,99,107,71,109,107,107,107,107,108,119,119,121,121,127,127,127,127,125,129,69],"gold":64,"neow_bonus":"THREE_ENEMY_KILL","is_daily":false,"chose_seed":false,"campfire_upgraded":3,"win_rate":0.0,"timestamp":1607810830,"path_taken":["M","?","?","?","?","E","R","$","T","M","E","R","E","?","R","BOSS","M","?","$","M","?","E","R","M","T","E","M","?","M","M","R","BOSS","M","?","?","$","?","E","R","?","T","?","$","R","?","?","R","BOSS"],"items_purchased_type":["Relic","Card","Relic","Relic","Card","Card","Relic","Relic"],"build_version":"2020-11-30","purchased_purges":4,"victory":true,"max_hp_per_floor":[75,75,75,75,75,75,75,75,75,75,77,77,77,83,83,89,89,91,91,91,93,93,95,95,97,97,97,97,99,105,107,107,109,109,111,111,111,111,111,119,119,121,121,127,127,127,127,129,129,129],"card_choices":[{"not_picked":["Blood_Is_Power","Whirlwind_of_Bones"],"picked":"Bone_Bullets","floor":1},{"not_picked":["Blood_Curse","Negative_Energy_Javelin"],"picked":"Bone_Spikes","floor":3},{"not_picked":["Necrotic_Claws","Shackles_Of_Pain"],"picked":"Thousand_Bone_Knives","floor":6},{"not_picked":["Finger_Of_Death","Chill_Blood"],"picked":"Bone_Armor","floor":10},{"not_picked":["Blood_Whip","Shackles_Of_Pain","Uncharnel"],"picked":"Singing Bowl","floor":11},{"not_picked":["Negative_Energy_Burst","Scare"],"picked":"Life_Drain","floor":13},{"not_picked":["Summon_Death_Knight","Negative_Energy_Bomb"],"picked":"Detonate_Bones","floor":16},{"not_picked":["Blood_Whip","Acid_Javelin+1","Shackles_Of_Pain"],"picked":"Singing Bowl","floor":18},{"not_picked":["Blood_Whip","Chill_Blood","Shackles_Of_Pain"],"picked":"Singing Bowl","floor":21},{"not_picked":["Negative_Energy_Mist","Stop_Heart","Shackles_Of_Pain"],"picked":"Singing Bowl","floor":23},{"not_picked":["Death_Coil","Blood_for_Blood","Negative_Energy_Shield"],"picked":"Singing Bowl","floor":25},{"not_picked":["Bone_Bullets+1","Blood_Wake"],"picked":"Life_Drain","floor":27},{"not_picked":["Finger_Of_Death","Pandemic+1"],"picked":"Shade_Step","floor":28},{"not_picked":["Death_March_Dance+1","Toxic_Smoke_Screen","Negative_Energy_Burst+1"],"picked":"Singing Bowl","floor":29},{"not_picked":["Bone_Armory+1","Death_March_Dance+1"],"picked":"Bone_Prison","floor":30},{"not_picked":["Blood_Curse","Vampiric_Strike","Bone_Bullets"],"picked":"Singing Bowl","floor":31},{"not_picked":["Blood_Magic+1","Reap_The_Weak","Detonate_Bones"],"picked":"Singing Bowl","floor":33},{"not_picked":["Negative_Energy_Mist","Death_Coil+1","Bone_Spikes"],"picked":"Singing Bowl","floor":35},{"not_picked":["Pandemic","Stop_Heart"],"picked":"Bone_Prison+1","floor":39},{"not_picked":["Blood_Is_Power","Bone_Bullets+1","Vampiric_Strike"],"picked":"Singing Bowl","floor":40},{"not_picked":["Bone_Armor","Scare","Death_Coil"],"picked":"Singing Bowl","floor":42},{"not_picked":["Negative_Energy_Sphere","Spectral_Armor+1","Vampiric_Strike"],"picked":"Singing Bowl","floor":48}],"player_experience":369547,"relics_obtained":[{"floor":4,"key":"Simple Rune"},{"floor":6,"key":"PreservedInsect"},{"floor":9,"key":"Singing Bowl"},{"floor":11,"key":"Unceasing Top"},{"floor":13,"key":"Darkstone Periapt"},{"floor":14,"key":"Ring of Fury"},{"floor":14,"key":"Ring of Greed"},{"floor":14,"key":"Replay:Wax Seal"},{"floor":14,"key":"Membership Card"},{"floor":23,"key":"Bag of Marbles"},{"floor":26,"key":"Frozen Egg 2"},{"floor":27,"key":"Anchor"},{"floor":40,"key":"ReplayTheSpireMod:Shallot"},{"floor":43,"key":"Iron Hammer"},{"floor":44,"key":"Shuriken"}],"event_choices":[{"damage_healed":0,"gold_gain":0,"player_choice":"2 cards matched","damage_taken":0,"max_hp_gain":0,"max_hp_loss":0,"event_name":"Match and Keep!","floor":2,"gold_loss":0,"cards_obtained":["Replay:Sluggish","Life_Drain"]},{"damage_healed":0,"gold_gain":0,"player_choice":"Success","damage_taken":3,"relics_obtained":["Blue Doll"],"max_hp_gain":0,"max_hp_loss":0,"event_name":"Scrap Ooze","floor":5,"gold_loss":0},{"cards_removed":["Regret"],"damage_healed":0,"gold_gain":0,"player_choice":"Gave Gold","damage_taken":0,"max_hp_gain":0,"max_hp_loss":0,"event_name":"Beggar","floor":19,"gold_loss":75},{"damage_healed":0,"gold_gain":0,"cards_transformed":["Strike_W"],"player_choice":"Transformed","damage_taken":0,"max_hp_gain":0,"max_hp_loss":0,"event_name":"Transmorgrifier","floor":22,"gold_loss":0,"cards_obtained":["Stop_Heart"]},{"damage_healed":0,"gold_gain":0,"player_choice":"Ignored","damage_taken":0,"max_hp_gain":0,"max_hp_loss":0,"event_name":"Tomb of Lord Red Mask","floor":36,"gold_loss":0},{"damage_healed":0,"gold_gain":0,"player_choice":"Forge","damage_taken":0,"max_hp_gain":0,"max_hp_loss":0,"event_name":"Accursed Blacksmith","floor":37,"gold_loss":0,"cards_upgraded":["Shade_Step"]},{"cards_removed":["Stop_Heart"],"damage_healed":0,"gold_gain":0,"player_choice":"Offered Uncommon","damage_taken":0,"max_hp_gain":0,"max_hp_loss":0,"event_name":"Bonfire Elementals","floor":47,"gold_loss":0}],"is_beta":false,"boss_relics":[{"not_picked":["Black Star","Coffee Dripper"],"picked":"Fusion Hammer"},{"not_picked":["Kintsugi","Replay:Drink Me"],"picked":"Velvet Choker"}],"items_purged_floors":[8,20,38,45],"is_endless":false,"potions_floor_spawned":[6,10,13,18,21,23,28,31,33,40,48],"ascension_level":0}}