{"host":"8fup84v061vi31le","time":1607740342,"event":{"mods":["BaseMod","Better Match","Better Third Choice","Minty Spire (QoL Compilation)","Replay The Spire","StSLib"],"gold_per_floor":[115,125,125,50,60,90,90,124,200,200,210,210,230,230,230,330,330,346,357,368,368,283,283,183,183,236,256,131,150,164,164,164,260,260,271,121,139,150,169,195,195,295,295,120,131,146,158,203,203,203],"floor_reached":51,"playtime":1573,"items_purged":["Strike_R","Strike_R","Defend_R","Defend_R","Feed+1"],"score":870,"play_id":"1ab6b6aa-0603-483f-ae02-8e2623608eb7","local_time":"20201212103222","is_ascension_mode":true,"campfire_choices":[{"floor":7.0,"key":"REST"},{"floor":10.0,"key":"REST"},{"data":"Thunderclap","floor":23.0,"key":"SMITH"},{"data":"Bash","floor":32.0,"key":"SMITH"},{"data":"Feed","floor":41.0,"key":"SMITH"},{"floor":49.0,"key":"REST"}],"circlet_count":0,"master_deck":["Strike_R+1","Defend_R","Bash+1","Wild Strike+1","Whirlwind+1","Thunderclap+1","Infernal Blade+1","Offering+1","Flex+1","Clash","Flex+1"],"relics":["Burning Blood","NeowsBlessing","Champion Belt","ReplayTheSpireMod:Spearhead","Toxic Egg 2","Durian","Busted Crown","Replay:Bottled Eggs","Potion Belt","SlaversCollar","Red Skull","Unceasing Top","FossilizedHelix"],"acts_visited":["Exordium","TheCity","TheBeyond"],"potions_floor_usage":[50,50,50,50,50],"damage_taken":[{"damage":0.0,"enemies":"2 Louse","floor":1.0,"turns":1.0},{"damage":0.0,"enemies":"Cultist","floor":2.0,"turns":1.0},{"damage":0.0,"enemies":"Jaw Worm","floor":5.0,"turns":1.0},{"damage":32.0,"enemies":"Gremlin Nob","floor":6.0,"turns":4.0},{"damage":43.0,"enemies":"3 Sentries","floor":8.0,"turns":6.0},{"damage":12.0,"enemies":"Gremlin Gang","floor":11.0,"turns":2.0},{"damage":8.0,"enemies":"Looter","floor":13.0,"turns":2.0},{"damage":31.0,"enemies":"Slime Boss","floor":16.0,"turns":8.0},{"damage":6.0,"enemies":"Spheric Guardian","floor":18.0,"turns":1.0},{"damage":6.0,"enemies":"3 Byrds","floor":19.0,"turns":2.0},{"damage":6.0,"enemies":"Snecko","floor":20.0,"turns":2.0},{"damage":10.0,"enemies":"3 Cultists","floor":27.0,"turns":3.0},{"damage":9.0,"enemies":"Cultist and Chosen","floor":29.0,"turns":3.0},{"damage":16.0,"enemies":"Centurion and Healer","floor":30.0,"turns":2.0},{"damage":43.0,"enemies":"Champ","floor":33.0,"turns":9.0},{"damage":6.0,"enemies":"Orb Walker","floor":35.0,"turns":1.0},{"damage":0.0,"enemies":"3 Darklings","floor":37.0,"turns":1.0},{"damage":4.0,"enemies":"Maw","floor":38.0,"turns":5.0},{"damage":6.0,"enemies":"Spire Growth","floor":39.0,"turns":1.0},{"damage":17.0,"enemies":"Nemesis","floor":40.0,"turns":3.0},{"damage":27.0,"enemies":"4 Shapes","floor":45.0,"turns":2.0},{"damage":0.0,"enemies":"Jaw Worm Horde","floor":46.0,"turns":2.0},{"damage":31.0,"enemies":"Transient","floor":47.0,"turns":5.0},{"damage":24.0,"enemies":"2 Orb Walkers","floor":48.0,"turns":2.0},{"damage":0,"enemies":"Awakened One","floor":50,"turns":5}],"seed_played":"2113108836472315909","potions_obtained":[{"floor":2.0,"key":"SteroidPotion"},{"floor":6.0,"key":"DistilledChaos"},{"floor":16.0,"key":"ColorlessPotion"},{"floor":18.0,"key":"Explosive Potion"},{"floor":29.0,"key":"SteroidPotion"},{"floor":33.0,"key":"ElixirPotion"},{"floor":35.0,"key":"SkillPotion"},{"floor":45.0,"key":"SkillPotion"},{"floor":48.0,"key":"BlessingOfTheForge"}],"is_trial":false,"path_per_floor":["M","M","?","$","M","E","R","E","T","R","M","?","M","?","R","B",null,"M","M","M","?","?","R","$","?","T","M","$","M","M","?","R","B",null,"M","$","M","M","M","E","R","?","T","$","M","M","M","?","R","B",null],"character_chosen":"IRONCLAD","items_purchased":[],"campfire_rested":3,"item_purchase_floors":[],"current_hp_per_floor":[80,80,64,64,70,44,68,31,31,55,49,49,47,52,52,30,88,88,91,91,91,91,91,91,91,91,90,90,87,77,77,77,40,94,94,94,94,94,94,86,86,86,86,86,65,71,46,28,57,63],"gold":203,"neow_bonus":"THREE_ENEMY_KILL","is_daily":false,"chose_seed":false,"campfire_upgraded":3,"win_rate":0.0,"timestamp":1607740342,"path_taken":["M","M","?","$","M","E","R","E","T","R","M","?","?","?","R","BOSS","M","M","?","?","?","R","$","?","T","M","$","?","M","?","R","BOSS","M","$","M","M","M","E","R","?","T","$","M","M","?","?","R","BOSS"],"items_purchased_type":[],"build_version":"2020-11-30","purchased_purges":5,"victory":true,"max_hp_per_floor":[80,80,80,80,80,80,80,80,80,80,80,80,80,85,85,88,88,88,91,91,91,91,91,91,91,91,94,94,94,94,94,94,94,94,94,94,94,94,94,97,97,97,97,97,97,97,97,97,97,97],"card_choices":[{"not_picked":["Replay:Undeath\u0027s Touch","ReplayTheSpireMod:Corrosion Curse"],"picked":"Wild Strike","floor":1.0},{"not_picked":["ReplayTheSpireMod:LeadingStrike","Run Through"],"picked":"Whirlwind","floor":2.0},{"not_picked":["Body Slam","Warcry","Massacre"],"picked":"SKIP","floor":5.0},{"not_picked":["Carnage","Pummel","Cleave"],"picked":"SKIP","floor":6.0},{"not_picked":["Immolate","Heavy Blade"],"picked":"Thunderclap","floor":8.0},{"not_picked":["Sword Boomerang","Cleave","Pommel Strike"],"picked":"SKIP","floor":11.0},{"not_picked":["True Grit+1","Replay:Undeath\u0027s Touch"],"picked":"Infernal Blade+1","floor":13.0},{"not_picked":["Eclipse+1","Demon Form"],"picked":"Offering+1","floor":16.0},{"not_picked":["Heavy Blade"],"picked":"SKIP","floor":18.0},{"not_picked":["Infernal Blade+1"],"picked":"SKIP","floor":19.0},{"not_picked":["Flex+1"],"picked":"SKIP","floor":20.0},{"not_picked":[],"picked":"Flex+1","floor":27.0},{"not_picked":["ReplayReversal+1"],"picked":"SKIP","floor":29.0},{"not_picked":["Fire Breathing+1"],"picked":"SKIP","floor":30.0},{"not_picked":["Life Link+1"],"picked":"SKIP","floor":35.0},{"not_picked":["Pummel+1"],"picked":"SKIP","floor":37.0},{"not_picked":["Flex+1"],"picked":"SKIP","floor":38.0},{"not_picked":["Flex+1"],"picked":"SKIP","floor":39.0},{"not_picked":["Perfected Strike"],"picked":"SKIP","floor":40.0},{"not_picked":["Perfected Strike"],"picked":"SKIP","floor":45.0},{"not_picked":[],"picked":"Clash","floor":46.0},{"not_picked":[],"picked":"Flex+1","floor":47.0}],"player_experience":62207,"relics_obtained":[{"floor":6.0,"key":"Champion Belt"},{"floor":8.0,"key":"ReplayTheSpireMod:Spearhead"},{"floor":9.0,"key":"Toxic Egg 2"},{"floor":26.0,"key":"Potion Belt"},{"floor":40.0,"key":"Red Skull"},{"floor":43.0,"key":"Unceasing Top"},{"floor":48.0,"key":"FossilizedHelix"}],"event_choices":[{"damage_healed":80.0,"max_hp_gain":0.0,"max_hp_loss":80.0,"gold_gain":0.0,"event_name":"betterThird:BetterShining","player_choice":"Upgrade","floor":3.0,"gold_loss":0.0,"damage_taken":16.0,"cards_upgraded":["Wild Strike","Strike_R"]},{"damage_healed":0.0,"max_hp_gain":0.0,"max_hp_loss":0.0,"gold_gain":0.0,"cards_transformed":["Defend_R"],"event_name":"Transmorgrifier","player_choice":"Transformed","floor":12.0,"gold_loss":0.0,"damage_taken":0.0,"cards_obtained":["Warcry"]},{"cards_removed":["Warcry"],"damage_healed":0.0,"max_hp_gain":0.0,"max_hp_loss":0.0,"gold_gain":0.0,"event_name":"WeMeetAgain","player_choice":"Gave Card","floor":14.0,"gold_loss":0.0,"damage_taken":0.0,"relics_obtained":["Durian"]},{"damage_healed":0.0,"max_hp_gain":0.0,"max_hp_loss":0.0,"gold_gain":0.0,"event_name":"betterMatch:BetterMatch","player_choice":"3","floor":21.0,"gold_loss":0.0,"damage_taken":0.0,"cards_obtained":["betterMatch:RareCard"]},{"damage_healed":0.0,"max_hp_gain":0.0,"max_hp_loss":0.0,"gold_gain":0.0,"event_name":"Addict","player_choice":"Obtained Relic","floor":22.0,"gold_loss":85.0,"damage_taken":0.0,"relics_obtained":["Replay:Bottled Eggs"]},{"cards_removed":["Strike_R"],"damage_healed":0.0,"max_hp_gain":0.0,"max_hp_loss":0.0,"gold_gain":0.0,"event_name":"Bonfire Elementals","player_choice":"Offered Basic","floor":31.0,"gold_loss":0.0,"damage_taken":0.0},{"damage_healed":0.0,"max_hp_gain":0.0,"max_hp_loss":0.0,"gold_gain":100.0,"event_name":"Golden Shrine","player_choice":"Pray","floor":42.0,"gold_loss":0.0,"damage_taken":0.0},{"damage_healed":0.0,"max_hp_gain":0.0,"max_hp_loss":0.0,"gold_gain":0.0,"event_name":"Mysterious Sphere","player_choice":"Fight","floor":48.0,"gold_loss":0.0,"damage_taken":0.0}],"is_beta":false,"boss_relics":[{"not_picked":["Calling Bell","Runic Pyramid"],"picked":"Busted Crown"},{"not_picked":["Velvet Choker","ReplayTheSpireMod:DimensionalGlitch"],"picked":"SlaversCollar"}],"items_purged_floors":[4,24,28,36,44],"is_endless":false,"potions_floor_spawned":[2,6,16,18,29,33,35,45,48],"ascension_level":3}}