{"host":"5qvc9xokjbltoe4j","time":1607784262,"event":{"mods":["BaseMod","Colored Map","Colored Powertips","Downfall","HololiveMod","Hubris","Infinite Spire","Jorbs\u0027s Wanderer Trilogy","Marisa????????","Minty Spire (QoL Compilation)","Remilia??????","Replay The Spire","StSLib","The Animator","The Bug Knight","The Cursed","The Disciple","The Hierophant","The Jungle","The Senshi","The Servant 0.9.4"],"gold_per_floor":[109,109,55,55,55,81,100,128,128,128,14,41,41,66,66,165,165,176,176,192,210,79,79,111,111,137,163,207,219,231,269,281,397,409,439,463,521,546,558,603,615,642,654,695,707,427,457,470,470,470],"floor_reached":51,"playtime":4068,"items_purged":["Eruption","Strike_P+1","Strike_P"],"score":725,"play_id":"2c9473f3-bf5e-4736-aef2-2e0f67687e65","local_time":"20201212154422","is_ascension_mode":true,"campfire_choices":[{"floor":10.0,"key":"REST"},{"data":"Nirvana","floor":13.0,"key":"SMITH"},{"data":"infinitespire:Starlight","floor":15.0,"key":"SMITH"},{"data":"LikeWater","floor":23.0,"key":"SMITH"},{"data":"Study","floor":32.0,"key":"SMITH"},{"data":"infinitespire:FutureSight","floor":41.0,"key":"SMITH"},{"data":"ClearTheMind","floor":45,"key":"SMITH"},{"floor":49,"key":"REST"}],"circlet_count":0,"master_deck":["DevaForm+1","Strike_P","Strike_P","Defend_P","Defend_P","Defend_P","Defend_P","Vigilance","Crescendo+1","ClearTheMind+1","Wireheading+1","infinitespire:Starlight+1","Study+1","Consecrate+1","Nirvana+1","SandsOfTime+1","Protect+1","Protect+1","Devotion+1","LikeWater+1","LessonLearned+1","Fasting2+1","Fasting2+1","MasterReality+1","infinitespire:FutureSight+1"],"relics":["PureWater","infinitespire:Broken Mirror","Calipers","Kunai","Golden Egg","Smiling Mask","Replay:Bottled Steam","SacredBark","Simple Rune","MawBank","hubris:FunFungus","Enchiridion","Letter Opener","Bronze Scales","hubris:ScarierMask","Durian","Bottled Flame","Pear","Iron Hammer","Replay:Rubber Ducky","infinitespire:EmpoweringShard"],"acts_visited":[],"potions_floor_usage":[44,48],"damage_taken":[{"damage":0.0,"enemies":"Cultist","floor":1.0,"turns":2.0},{"damage":35.0,"enemies":"Lagavulin","floor":6.0,"turns":8.0},{"damage":7.0,"enemies":"Jaw Worm","floor":7.0,"turns":5.0},{"damage":25.0,"enemies":"HollowMod:MossKnight","floor":8.0,"turns":7.0},{"damage":0.0,"enemies":"Lagavulin","floor":12.0,"turns":6.0},{"damage":13.0,"enemies":"Replay:BlueRogue","floor":14.0,"turns":6.0},{"damage":14.0,"enemies":"Slime Boss","floor":16.0,"turns":9.0},{"damage":12.0,"enemies":"Shell Parasite","floor":18.0,"turns":5.0},{"damage":0.0,"enemies":"Chosen","floor":20.0,"turns":8.0},{"damage":20.0,"enemies":"Centurion and Healer","floor":21.0,"turns":8.0},{"damage":29.0,"enemies":"Book of Stabbing","floor":24.0,"turns":8.0},{"damage":19.0,"enemies":"Snake Plant","floor":27.0,"turns":7.0},{"damage":41.0,"enemies":"Slavers","floor":28.0,"turns":8.0},{"damage":2.0,"enemies":"HollowMod:Nosk","floor":31.0,"turns":9.0},{"damage":12.0,"enemies":"Champ","floor":33.0,"turns":13.0},{"damage":18.0,"enemies":"3 Darklings","floor":35.0,"turns":7.0},{"damage":12.0,"enemies":"Orb Walker","floor":36.0,"turns":5.0},{"damage":23.0,"enemies":"2 Orb Walkers","floor":37.0,"turns":5.0},{"damage":73.0,"enemies":"Spire Growth","floor":38.0,"turns":6.0},{"damage":108.0,"enemies":"Reptomancer","floor":40.0,"turns":15.0},{"damage":10.0,"enemies":"Jaw Worm Horde","floor":42.0,"turns":5.0},{"damage":48,"enemies":"Nemesis","floor":44,"turns":10},{"damage":7,"enemies":"R_Hoarder","floor":47,"turns":6},{"damage":35,"enemies":"Transient","floor":48,"turns":5},{"damage":65,"enemies":"Replay:Hell Engine","floor":50,"turns":14}],"seed_played":"-6450563373435717848","potions_obtained":[{"floor":8.0,"key":"PowerPotion"},{"floor":16.0,"key":"PowerPotion"},{"floor":20.0,"key":"Reflective Coating"},{"floor":21.0,"key":"FearPotion"},{"floor":33.0,"key":"Weak Potion"},{"floor":37.0,"key":"Reflective Coating"}],"is_trial":false,"path_per_floor":["M","T","$","?","?","E","M","E","T","R","$","E","R","E","R","B",null,"M","?","M","M","$","R","E","?","T","M","E","?","T","E","R","B",null,"M","M","?","M","AVR","E","R","M","T","E","R","$","E","M","R","B",null],"character_chosen":"WATCHER","items_purchased":["Wireheading+1","SandsOfTime","Protect","Fasting2","infinitespire:EmpoweringShard"],"campfire_rested":2,"item_purchase_floors":[3,11,11,22,46],"current_hp_per_floor":[72,72,72,72,54,29,32,17,17,38,38,48,48,45,45,46,72,72,72,72,67,67,67,53,53,53,34,48,32,32,72,72,72,72,69,57,54,50,50,78,78,70,70,47,47,47,58,39,65,49],"gold":470,"neow_bonus":"THREE_CARDS","is_daily":false,"chose_seed":false,"campfire_upgraded":6,"win_rate":0.0,"timestamp":1607784262,"path_taken":["M","?","$","?","?","E","M","E","T","R","?","E","R","E","R","BOSS","M","?","M","M","$","R","E","?","T","M","E","?","?","E","R","BOSS","M","M","?","M","AVR","E","R","M","T","E","R","$","E","M","R","BOSS"],"items_purchased_type":["Card","Card","Card","Card","Relic"],"build_version":"2020-11-30","purchased_purges":3,"victory":true,"max_hp_per_floor":[72,72,72,72,72,72,72,72,72,72,72,72,72,72,72,72,72,72,72,72,72,72,72,72,72,72,72,72,72,72,72,72,72,72,72,72,77,77,77,87,87,87,87,87,87,87,87,87,87,87],"card_choices":[{"not_picked":["Halt","FlurryOfBlows"],"picked":"Crescendo","floor":0.0},{"not_picked":["BowlingBash","Crescendo"],"picked":"ClearTheMind","floor":1.0},{"not_picked":["ReplayTheSpireMod:Chaos Vortex","infinitespire:FinalStrike"],"picked":"infinitespire:Starlight","floor":5.0},{"not_picked":["Evaluate","Protect"],"picked":"Study","floor":6.0},{"not_picked":["Evaluate","EmptyFist"],"picked":"Consecrate","floor":7.0},{"not_picked":["Replay:ManipulateFuture","CutThroughFate"],"picked":"Nirvana","floor":8.0},{"not_picked":["FollowUp","Replay:Battleflow","EmptyMind"],"picked":"SKIP","floor":12.0},{"not_picked":["Sanctity","Replay:DivineShield","ThirdEye"],"picked":"SKIP","floor":14.0},{"not_picked":["Alpha","Ragnarok"],"picked":"Devotion","floor":16.0},{"not_picked":["Prostrate+1","CrushJoints+1","Protect"],"picked":"SKIP","floor":18.0},{"not_picked":["Pray+1","EmptyFist+1"],"picked":"LessonLearned","floor":20.0},{"not_picked":["ThirdEye","Replay:AtTheReady","Halt"],"picked":"SKIP","floor":21.0},{"not_picked":["EmptyMind+1","Meditate+1","DeusExMachina"],"picked":"SKIP","floor":24.0},{"not_picked":["BowlingBash","Replay:Hum"],"picked":"Fasting2","floor":27.0},{"not_picked":["ClearTheMind+1","Crescendo","CrushJoints"],"picked":"SKIP","floor":28.0},{"not_picked":["DeceiveReality","EmptyBody+1","Conclude+1"],"picked":"SKIP","floor":31.0},{"not_picked":["Wish","Replay:AllIn"],"picked":"MasterReality","floor":33.0},{"not_picked":["Replay:Battleflow","FlurryOfBlows","PathToVictory"],"picked":"SKIP","floor":35.0},{"not_picked":["ClearTheMind+1","SashWhip","Vengeance"],"picked":"SKIP","floor":36.0},{"not_picked":["CutThroughFate","EmptyBody+1","CarveReality+1"],"picked":"SKIP","floor":38.0},{"not_picked":["FlyingSleeves","Prostrate+1","SashWhip"],"picked":"SKIP","floor":40.0},{"not_picked":["PathToVictory+1","FlurryOfBlows+1","SashWhip"],"picked":"SKIP","floor":42.0},{"not_picked":["Vengeance+1","JustLucky+1","Replay:ManipulateFuture"],"picked":"SKIP","floor":44},{"not_picked":["Replay:ManipulateFuture","EmptyFist+1","Replay:Vibes+1"],"picked":"SKIP","floor":47},{"not_picked":["Crescendo+1","FlyingSleeves+1","Replay:Anticipation"],"picked":"SKIP","floor":48}],"player_experience":72552,"relics_obtained":[{"floor":2.0,"key":"infinitespire:Broken Mirror"},{"floor":6.0,"key":"Calipers"},{"floor":8.0,"key":"Kunai"},{"floor":9.0,"key":"Golden Egg"},{"floor":12.0,"key":"Smiling Mask"},{"floor":14.0,"key":"Replay:Bottled Steam"},{"floor":24.0,"key":"Simple Rune"},{"floor":26.0,"key":"MawBank"},{"floor":28.0,"key":"hubris:FunFungus"},{"floor":29.0,"key":"Enchiridion"},{"floor":30.0,"key":"Letter Opener"},{"floor":31.0,"key":"Bronze Scales"},{"floor":37.0,"key":"Durian"},{"floor":40.0,"key":"Pear"},{"floor":43.0,"key":"Iron Hammer"},{"floor":44,"key":"Replay:Rubber Ducky"}],"event_choices":[{"damage_healed":0.0,"max_hp_gain":0.0,"max_hp_loss":0.0,"gold_gain":0.0,"event_name":"The Library","player_choice":"Read","floor":19.0,"gold_loss":0.0,"damage_taken":0.0,"cards_obtained":["LikeWater"]},{"damage_healed":0.0,"max_hp_gain":0.0,"max_hp_loss":0.0,"gold_gain":0.0,"event_name":"Cursed Tome","player_choice":"Obtained Book","floor":29.0,"gold_loss":0.0,"damage_taken":16.0},{"damage_healed":0.0,"max_hp_gain":0.0,"max_hp_loss":0.0,"gold_gain":0.0,"event_name":"Mysterious Sphere","player_choice":"Fight","floor":37.0,"gold_loss":0.0,"damage_taken":0.0}],"is_beta":false,"boss_relics":[{"not_picked":["Fusion Hammer","Cursed Key"],"picked":"SacredBark"},{"not_picked":["Hololive_ChaosS","Replay:Grab Bag"],"picked":"hubris:ScarierMask"}],"items_purged_floors":[22,39,46],"is_endless":false,"potions_floor_spawned":[8,16,20,21,27,33,37,40,42,47],"ascension_level":1}}