{"host":"5mo0809oo9tcrmpl","time":1607747129,"event":{"mods":["BaseMod","Highlight Path","Minty Spire (QoL Compilation)","Relic Stats","Slay the Relics Exporter"],"gold_per_floor":[114,37,37,54,73,73,102,117,117,130,141,159,159,183,183,278,278,261,276,276,276,29,67,67,90,137,137,162,162,162,1,1,1,1],"floor_reached":33,"playtime":1496,"items_purged":["Strike_G"],"score":538,"play_id":"b54a1098-baf3-4efd-bdd3-ab7c907db4af","local_time":"20201211222529","is_ascension_mode":true,"campfire_choices":[{"data":"Cloak And Dagger","floor":6.0,"key":"SMITH"},{"floor":15.0,"key":"REST"},{"data":"Neutralize","floor":24.0,"key":"SMITH"},{"floor":27.0,"key":"DIG"},{"data":"Well Laid Plans","floor":30,"key":"SMITH"},{"floor":32,"key":"DIG"}],"circlet_count":0,"master_deck":["AscendersBane","Strike_G+1","Strike_G+1","Defend_G+1","Defend_G+1","Defend_G+1","Defend_G+1","Defend_G+1","Survivor","Neutralize+1","Deadly Poison","Predator","Cloak And Dagger+1","Masterful Stab","Noxious Fumes","Terror","Skewer","Well Laid Plans+1","Blade Dance+1","Adrenaline","CurseOfTheBell","Cloak And Dagger","PiercingWail","Finisher","Skewer","Leg Sweep+1","Deflect+1"],"relics":["Ring of the Snake","Blood Vial","Art of War","Golden Idol","Calling Bell","Dream Catcher","Mercury Hourglass","Shovel","TheAbacus","Eternal Feather","War Paint","CaptainsWheel","Ancient Tea Set","Ornamental Fan"],"acts_visited":["Exordium","TheCity"],"potions_floor_usage":[28,33],"damage_taken":[{"damage":0.0,"enemies":"Jaw Worm","floor":1.0,"turns":7.0},{"damage":0.0,"enemies":"Cultist","floor":4.0,"turns":3.0},{"damage":2.0,"enemies":"2 Louse","floor":5.0,"turns":3.0},{"damage":19.0,"enemies":"Lagavulin","floor":7.0,"turns":6.0},{"damage":1.0,"enemies":"Looter","floor":8.0,"turns":4.0},{"damage":13.0,"enemies":"Exordium Thugs","floor":10.0,"turns":5.0},{"damage":15.0,"enemies":"Lots of Slimes","floor":11.0,"turns":4.0},{"damage":0.0,"enemies":"Looter","floor":12.0,"turns":3.0},{"damage":14.0,"enemies":"Large Slime","floor":14.0,"turns":7.0},{"damage":28.0,"enemies":"Slime Boss","floor":16.0,"turns":9.0},{"damage":6.0,"enemies":"2 Thieves","floor":18.0,"turns":4.0},{"damage":0.0,"enemies":"Chosen","floor":19.0,"turns":3.0},{"damage":10.0,"enemies":"Gremlin Leader","floor":23.0,"turns":6.0},{"damage":23.0,"enemies":"Snecko","floor":25.0,"turns":6.0},{"damage":0,"enemies":"Cultist and Chosen","floor":28,"turns":5},{"damage":70,"enemies":"Collector","floor":33,"turns":8}],"seed_played":"2641939231873558887","potions_obtained":[{"floor":1.0,"key":"Ancient Potion"},{"floor":3.0,"key":"DuplicationPotion"},{"floor":3.0,"key":"Strength Potion"},{"floor":8.0,"key":"GhostInAJar"},{"floor":11.0,"key":"Swift Potion"},{"floor":12.0,"key":"Dexterity Potion"},{"floor":18.0,"key":"SteroidPotion"},{"floor":23.0,"key":"SteroidPotion"},{"floor":25.0,"key":"FearPotion"}],"is_trial":false,"path_per_floor":["M","$","?","M","M","R","E","M","T","M","M","M","?","M","R","B",null,"M","M","?","?","$","E","R","M","T","R","M","?","R","$","R","B"],"character_chosen":"THE_SILENT","items_purchased":["Predator","TheAbacus","Ancient Tea Set"],"campfire_rested":1,"item_purchase_floors":[2,22,31],"current_hp_per_floor":[65,65,65,65,63,63,44,45,45,34,21,23,23,11,30,4,50,46,48,48,48,48,40,55,34,34,49,51,51,65,65,65,0,0],"gold":1,"neow_bonus":"TEN_PERCENT_HP_BONUS","is_daily":false,"chose_seed":false,"campfire_upgraded":3,"win_rate":0.0,"timestamp":1607747129,"path_taken":["M","$","?","M","M","R","E","?","T","?","M","M","?","M","R","BOSS","M","M","?","?","$","E","R","M","T","R","M","?","R","?","R","BOSS"],"items_purchased_type":["Card","Relic","Relic"],"build_version":"2020-11-30","purchased_purges":1,"victory":false,"max_hp_per_floor":[72,72,72,72,72,72,72,72,72,72,72,72,65,65,65,65,65,65,65,65,65,65,65,65,65,65,65,65,65,65,65,65,65,65],"relic_stats":{"counters":[16,82],"Golden Idol":50,"Eternal Feather":44,"War Paint":["Blade Dance","Deflect"],"Mercury Hourglass":[151],"Blood Vial":22,"Dream Catcher":0,"Shovel":2,"TheAbacus":[18],"Ornamental Fan":[16],"Art of War":[3],"obtain_stats":[{"Golden Idol":13,"Eternal Feather":23,"War Paint":26,"Ancient Tea Set":31,"Mercury Hourglass":17,"Blood Vial":7,"Calling Bell":17,"Dream Catcher":17,"CaptainsWheel":27,"Shovel":17,"TheAbacus":22,"Ornamental Fan":32,"Art of War":9,"Ring of the Snake":0},{"Golden Idol":8,"Eternal Feather":13,"War Paint":14,"Ancient Tea Set":15,"Mercury Hourglass":10,"Blood Vial":4,"Calling Bell":10,"Dream Catcher":10,"CaptainsWheel":14,"Shovel":10,"TheAbacus":12,"Ornamental Fan":15,"Art of War":5,"Ring of the Snake":0},{"Golden Idol":35,"Eternal Feather":64,"War Paint":69,"Ancient Tea Set":74,"Mercury Hourglass":51,"Blood Vial":19,"Calling Bell":51,"Dream Catcher":51,"CaptainsWheel":69,"Shovel":51,"TheAbacus":58,"Ornamental Fan":74,"Art of War":23,"Ring of the Snake":0}],"Ring of the Snake":[32]},"card_choices":[{"not_picked":["Noxious Fumes","Finisher"],"picked":"Deadly Poison","floor":1.0},{"not_picked":["Blur","PiercingWail"],"picked":"Cloak And Dagger","floor":4.0},{"not_picked":["Bouncing Flask","Poisoned Stab"],"picked":"Masterful Stab","floor":5.0},{"not_picked":["Eviscerate","Concentrate"],"picked":"Noxious Fumes","floor":7.0},{"not_picked":["Backflip","Storm of Steel","Flechettes"],"picked":"SKIP","floor":8.0},{"not_picked":["Crippling Poison","Endless Agony"],"picked":"Terror","floor":10.0},{"not_picked":["All Out Attack","Outmaneuver"],"picked":"Skewer","floor":11.0},{"not_picked":["Blade Dance","Caltrops"],"picked":"Well Laid Plans","floor":12.0},{"not_picked":["Heel Hook","Concentrate"],"picked":"Blade Dance","floor":14.0},{"not_picked":["Night Terror","Storm of Steel"],"picked":"Adrenaline","floor":16.0},{"not_picked":["Quick Slash","Flechettes"],"picked":"Cloak And Dagger","floor":18.0},{"not_picked":["Die Die Die","Calculated Gamble"],"picked":"PiercingWail","floor":19.0},{"not_picked":["Masterful Stab","Sucker Punch"],"picked":"Leg Sweep+1","floor":23.0},{"not_picked":["Backflip","Underhanded Strike"],"picked":"Deflect","floor":25.0},{"not_picked":["PiercingWail","Dagger Throw+1","Dodge and Roll"],"picked":"SKIP","floor":28}],"player_experience":1243749,"relics_obtained":[{"floor":7.0,"key":"Blood Vial"},{"floor":9.0,"key":"Art of War"},{"floor":17.0,"key":"Dream Catcher"},{"floor":17.0,"key":"Mercury Hourglass"},{"floor":17.0,"key":"Shovel"},{"floor":23.0,"key":"Eternal Feather"},{"floor":26.0,"key":"War Paint"},{"floor":27.0,"key":"CaptainsWheel"},{"floor":32,"key":"Ornamental Fan"}],"event_choices":[{"damage_healed":0.0,"max_hp_gain":0.0,"max_hp_loss":0.0,"gold_gain":0.0,"event_name":"Lab","player_choice":"Got Potions","floor":3.0,"gold_loss":0.0,"damage_taken":0.0},{"damage_healed":0.0,"max_hp_gain":0.0,"max_hp_loss":7.0,"gold_gain":0.0,"event_name":"Golden Idol","player_choice":"Lose Max HP","floor":13.0,"gold_loss":0.0,"damage_taken":0.0,"relics_obtained":["Golden Idol"]},{"damage_healed":0.0,"max_hp_gain":0.0,"max_hp_loss":0.0,"gold_gain":0.0,"cards_transformed":["Strike_G","Strike_G"],"event_name":"Drug Dealer","player_choice":"Became Test Subject","floor":20.0,"gold_loss":0.0,"damage_taken":0.0,"cards_obtained":["Finisher","Skewer"]},{"damage_healed":0.0,"max_hp_gain":0.0,"max_hp_loss":0.0,"gold_gain":0.0,"event_name":"Cursed Tome","player_choice":"Ignored","floor":21.0,"gold_loss":0.0,"damage_taken":0.0},{"damage_healed":0,"gold_gain":0,"player_choice":"Simplicity","damage_taken":0,"max_hp_gain":0,"max_hp_loss":0,"event_name":"Back to Basics","floor":29,"gold_loss":0,"cards_upgraded":["Strike_G","Strike_G","Defend_G","Defend_G","Defend_G","Defend_G","Defend_G"]}],"is_beta":false,"boss_relics":[{"not_picked":["Snecko Eye","Velvet Choker"],"picked":"Calling Bell"}],"items_purged_floors":[22],"is_endless":false,"potions_floor_spawned":[1,8,10,11,12,14,18,23,25],"killed_by":"Collector","ascension_level":20}}