{"host":"d8hh7rr4yzitjeuj","time":1607796898,"event":{"mods":["2.2 Compatiblity","AchievementEnabler","BaseMod","CapriCore","Colored Map","Colored Powertips","Highlight Path","Keyboard Shortcuts","Minty Spire (QoL Compilation)","Permanent Neow","Quick Restart","StSLib","SuperFastMode"],"gold_per_floor":[112,262,242,258,269,269,279,293,345,358,87,87,100,115,115,192,192,207,107,107,124,124,124,124],"floor_reached":23,"playtime":511,"items_purged":["Doubt","Strike_B"],"score":395,"play_id":"a57f766d-c287-4fc7-bae2-c05567a77a1a","local_time":"20201213031458","is_ascension_mode":true,"campfire_choices":[{"data":"Sunder","floor":6.0,"key":"SMITH"},{"floor":15.0,"key":"REST"}],"circlet_count":0,"master_deck":["AscendersBane","Defend_B","Defend_B","Defend_B","Defend_B","Zap","Dualcast","Sunder+1","Chill","Aggregate","Sweeping Beam","Go for the Eyes","Cold Snap","Discovery","Capacitor","Doom and Gloom+1","Sweeping Beam+1","Meteor Strike+1","Chaos+1","Bite+1","Bite+1","Bite+1","Bite+1","Bite+1","Turbo","Decay"],"relics":["Philosopher\u0027s Stone","Lantern","Molten Egg 2","Runic Pyramid"],"acts_visited":["Exordium","TheCity"],"potions_floor_usage":[23,23],"damage_taken":[{"damage":0.0,"enemies":"Small Slimes","floor":1.0,"turns":3.0},{"damage":3.0,"enemies":"Jaw Worm","floor":4.0,"turns":3.0},{"damage":2.0,"enemies":"Cultist","floor":5.0,"turns":3.0},{"damage":23.0,"enemies":"Exordium Thugs","floor":7.0,"turns":4.0},{"damage":4.0,"enemies":"2 Fungi Beasts","floor":8.0,"turns":2.0},{"damage":14.0,"enemies":"Large Slime","floor":10.0,"turns":5.0},{"damage":3.0,"enemies":"Blue Slaver","floor":13.0,"turns":4.0},{"damage":1.0,"enemies":"Looter","floor":14.0,"turns":2.0},{"damage":12.0,"enemies":"The Guardian","floor":16.0,"turns":8.0},{"damage":0.0,"enemies":"Chosen","floor":18.0,"turns":4.0},{"damage":38.0,"enemies":"2 Thieves","floor":21.0,"turns":3.0},{"damage":21,"enemies":"Slavers","floor":23,"turns":1}],"seed_played":"-153780057280102472","potions_obtained":[{"floor":1.0,"key":"CultistPotion"},{"floor":3.0,"key":"Fire Potion"},{"floor":8.0,"key":"Explosive Potion"},{"floor":13.0,"key":"BlessingOfTheForge"},{"floor":16.0,"key":"AttackPotion"},{"floor":21.0,"key":"Strength Potion"}],"is_trial":false,"path_per_floor":["M","?","?","M","M","R","M","M","T","M","$","?","M","M","R","B",null,"M","$","?","M","?","E"],"character_chosen":"DEFECT","items_purchased":["Discovery","Capacitor"],"campfire_rested":1,"item_purchase_floors":[11,11],"current_hp_per_floor":[64,64,64,61,59,59,36,32,32,18,18,13,10,9,30,18,58,58,58,49,17,17,0,0],"gold":124,"neow_bonus":"BOSS_RELIC","is_daily":false,"chose_seed":false,"campfire_upgraded":1,"win_rate":0.0,"timestamp":1607796898,"path_taken":["M","?","?","M","M","R","M","M","T","?","$","?","M","M","R","BOSS","M","$","?","M","?","E"],"items_purchased_type":["Card","Card"],"build_version":"2020-11-30","purchased_purges":2,"victory":false,"max_hp_per_floor":[71,71,71,71,71,71,71,71,71,71,71,71,71,71,71,71,71,71,71,49,49,49,49,49],"card_choices":[{"not_picked":["Barrage","Conserve Battery"],"picked":"Sunder","floor":1.0},{"not_picked":["Turbo","Hologram"],"picked":"Chill","floor":4.0},{"not_picked":["Scrape","Hologram"],"picked":"Aggregate","floor":5.0},{"not_picked":["Leap","Redo"],"picked":"Sweeping Beam","floor":7.0},{"not_picked":["Sweeping Beam","Recycle"],"picked":"Go for the Eyes","floor":8.0},{"not_picked":["Amplify","Barrage"],"picked":"Cold Snap","floor":10.0},{"not_picked":["BootSequence","Turbo"],"picked":"Doom and Gloom+1","floor":13.0},{"not_picked":["Turbo","Hologram"],"picked":"Sweeping Beam+1","floor":14.0},{"not_picked":["Echo Form","Seek"],"picked":"Meteor Strike+1","floor":16.0},{"not_picked":["Chill","Redo"],"picked":"Chaos+1","floor":18.0},{"not_picked":["Gash+1","Barrage+1"],"picked":"Turbo","floor":21.0}],"player_experience":1328835,"relics_obtained":[{"floor":9.0,"key":"Lantern"}],"event_choices":[{"damage_healed":0.0,"max_hp_gain":0.0,"max_hp_loss":0.0,"gold_gain":150.0,"event_name":"Liars Game","player_choice":"AGREE","floor":2.0,"gold_loss":0.0,"damage_taken":0.0,"cards_obtained":["Doubt"]},{"damage_healed":0.0,"max_hp_gain":0.0,"max_hp_loss":0.0,"gold_gain":0.0,"event_name":"The Woman in Blue","player_choice":"Bought 1 Potion","floor":3.0,"gold_loss":0.0,"damage_taken":0.0},{"damage_healed":0.0,"max_hp_gain":0.0,"max_hp_loss":0.0,"gold_gain":0.0,"event_name":"Scrap Ooze","player_choice":"Success","floor":12.0,"gold_loss":0.0,"damage_taken":5.0,"relics_obtained":["Molten Egg 2"]},{"damage_healed":0.0,"max_hp_gain":0.0,"max_hp_loss":22.0,"gold_gain":0.0,"event_name":"Vampires","player_choice":"Became a vampire","floor":20.0,"gold_loss":0.0,"damage_taken":0.0,"cards_obtained":["Bite","Bite","Bite","Bite","Bite"]},{"damage_healed":0.0,"max_hp_gain":0.0,"max_hp_loss":0.0,"gold_gain":0.0,"event_name":"Forgotten Altar","player_choice":"Smashed Altar","floor":22.0,"gold_loss":0.0,"damage_taken":0.0,"cards_obtained":["Decay"]}],"is_beta":false,"boss_relics":[{"not_picked":["Ectoplasm","Pandora\u0027s Box"],"picked":"Runic Pyramid"}],"items_purged_floors":[11,19],"is_endless":false,"potions_floor_spawned":[1,7,8,13,16,21],"killed_by":"Slavers","ascension_level":20}}