{"host":"0azimyi6n3ugndj4","time":1607768499,"event":{"mods":["BaseMod","Bestiary","Conspire","Curses Come First","Defuse TimeMaze Blight","Hyrulean Relics","Infinite Spire","Minty Spire (QoL Compilation)","Relic Stats","Replay The Spire","StSLib","SuperFastMode","Uncapped","¡¼?Úª?ø«¡½REMEMod"],"gold_per_floor":[99,99,99,132,183,183,21,116,116,116,143,143,230,69,69,77,77],"floor_reached":16,"playtime":148,"items_purged":[],"score":633,"play_id":"5f0140df-8574-4644-a0d3-2a232754a1ad","local_time":"20201212192139","daily_mods":["Draft","Hoarder","Insanity","Chimera","Specialized","Vintage","ControlledChaos","Allstar","Diverse","Colorless Cards","Heirloom","Time Dilation","Flight","Binary","Elite Swarm","Lethality","Midas","Night Terrors","Binary"],"is_ascension_mode":true,"campfire_choices":[{"floor":6,"key":"DIG"},{"data":"Replay:AtTheReady","floor":12,"key":"PURGE"},{"data":"Replay:AtTheReady","floor":15,"key":"PURGE"}],"circlet_count":0,"master_deck":["Demon Form","Wraith Form v2","Echo Form","DevaForm","AscendersBane","Survivor","Zap","Strike_R","Strike_G","Strike_B","Defend_R","Defend_G","Defend_P","Ball Lightning","Rupture","Thunderclap","WindmillStrike","Choke","Dropkick","Deadly Poison","Havoc","ReachHeaven","Sentinel","Masterful Stab","Panic Button","Ghostly Armor","SandsOfTime","REME_GreenPollution","Finisher","Eviscerate","Flying Knee","PathToVictory","Body Slam","Adaptation","Body Slam","Sweeping Beam","Well Laid Plans","Headbutt","Dagger Spray","FlurryOfBlows","Prostrate","Mind Blast","Coolheaded","Havoc","Coolheaded","Chill","Tempest","Prostrate","Deflect","Consecrate","Quick Slash","Evaluate","Hidden Blade","Cleave","Forethought","Chaos","BowlingBash","Halt","REME_Repentance","Massacre","Skim","Run Through","Wild Strike","conspire:Rain","conspire:Rain","conspire:Rain","conspire:Rain","conspire:Rain","conspire:Rain","conspire:Rain","conspire:Rain","conspire:Rain","conspire:Rain","conspire:Rain","conspire:Rain","conspire:Rain","conspire:Rain","conspire:Rain","Beam Cell","Beam Cell","Beam Cell","Clash","Clash","Clash","Rebound","Rebound","Rebound","Mind Blast","Mind Blast","Mind Blast","Gash","Gash","Gash","Beam Cell","Beam Cell","Beam Cell","Dagger Throw","Dagger Throw","Dagger Throw","Flying Knee","Flying Knee","Flying Knee","Redo","Redo","Redo","Clash","Clash","Clash","Replay:AtTheReady","EmptyFist","EmptyFist","EmptyFist","Replay:Vibes","Replay:Vibes","Replay:Vibes","Sneak Up","Sneak Up","Sneak Up","Armaments","Armaments","Armaments","Venomology","Venomology","Venomology","Venomology","Venomology","Venomology","Venomology","Venomology","Venomology","Venomology","Venomology","Venomology","Venomology","Venomology","Venomology","Halt","Halt","Halt","Blade Dance","Blade Dance","Blade Dance","Underhanded Strike","Underhanded Strike","Underhanded Strike","Crystallizer","Crystallizer","Crystallizer","Flex","Flex","Flex","Body Slam","Body Slam","Body Slam","Weave","Weave","Weave","Doom and Gloom","Doom and Gloom","Doom and Gloom","JustLucky","JustLucky","JustLucky","conspire:DoublingDagger","conspire:DoublingDagger","conspire:DoublingDagger","EmptyFist","EmptyFist","EmptyFist","REME_Compress","REME_Compress","REME_Compress","FlyingSleeves","FlyingSleeves","FlyingSleeves","SashWhip","SashWhip","SashWhip","Swivel","Swivel","Swivel","Defy Death","Defy Death","Defy Death","Eruption","Eruption","Eruption"],"relics":["Frozen Eye","Busted Crown","REME_ComplimentaryCards","Pocketwatch","Replay:Multitool","Replay:M_SmolderingBlood","infinitespire:Lucky Rock","Du-Vu Doll","Replay:Bandana","conspire:TreasureMap","zeldaRelics:CourageTriforce","zeldaRelics:WisdomPiece","Sling"],"acts_visited":["Exordium"],"potions_floor_usage":[16,16],"damage_taken":[{"damage":0,"enemies":"Jaw Worm","floor":4,"turns":1},{"damage":0,"enemies":"Cultist","floor":5,"turns":1},{"damage":0,"enemies":"Gremlin Nob","floor":8,"turns":1},{"damage":0,"enemies":"3 Sentries","floor":13,"turns":2},{"damage":67,"enemies":"The Guardian","floor":16,"turns":5}],"seed_played":"-4528885370963097865","potions_obtained":[{"floor":4,"key":"PowerPotion"},{"floor":5,"key":"PowerPotion"}],"is_trial":true,"path_per_floor":["WH","?","$","M","M","R","$","E","T","?","T","R","E","$","R","B"],"character_chosen":"IRONCLAD","items_purchased":["conspire:TreasureMap","Sling"],"campfire_rested":0,"item_purchase_floors":[7,14],"current_hp_per_floor":[68,68,68,68,68,68,68,68,68,61,61,61,61,61,61,0,0],"gold":77,"neow_bonus":"","is_daily":false,"chose_seed":false,"campfire_upgraded":0,"win_rate":0.0,"timestamp":1607768499,"path_taken":["WH","?","$","?","?","R","?","E","T","?","?","R","E","$","R","BOSS"],"items_purchased_type":["Relic","Relic"],"build_version":"2020-11-30","purchased_purges":0,"victory":false,"max_hp_per_floor":[75,75,75,75,75,75,75,75,75,75,75,75,75,75,75,75,75],"relic_stats":{"Busted Crown":6,"counters":[5,10],"obtain_stats":[{"conspire:TreasureMap":7,"zeldaRelics:WisdomPiece":13,"Replay:Multitool":1,"infinitespire:Lucky Rock":4,"Sling":14,"Burning Blood":0,"zeldaRelics:CourageTriforce":11,"Du-Vu Doll":5,"Frozen Eye":0,"Replay:Bandana":6,"Busted Crown":0,"Replay:M_SmolderingBlood":2,"zeldaRelics:CouragePiece":8,"REME_ComplimentaryCards":0,"Pocketwatch":0},{"conspire:TreasureMap":2,"zeldaRelics:WisdomPiece":4,"Replay:Multitool":0,"infinitespire:Lucky Rock":1,"Sling":4,"Burning Blood":0,"zeldaRelics:CourageTriforce":3,"Du-Vu Doll":2,"Frozen Eye":0,"Replay:Bandana":2,"Busted Crown":0,"Replay:M_SmolderingBlood":0,"zeldaRelics:CouragePiece":3,"REME_ComplimentaryCards":0,"Pocketwatch":0},{"conspire:TreasureMap":2,"zeldaRelics:WisdomPiece":5,"Replay:Multitool":0,"infinitespire:Lucky Rock":1,"Sling":5,"Burning Blood":0,"zeldaRelics:CourageTriforce":3,"Du-Vu Doll":2,"Frozen Eye":0,"Replay:Bandana":2,"Busted Crown":0,"Replay:M_SmolderingBlood":0,"zeldaRelics:CouragePiece":3,"REME_ComplimentaryCards":0,"Pocketwatch":0}],"Pocketwatch":[6]},"card_choices":[{"not_picked":["Replay:AtTheReady","Cold Snap"],"picked":"Beam Cell","floor":0},{"not_picked":["Iron Wave","Deadly Poison"],"picked":"Clash","floor":0},{"not_picked":["Steam","Thunderclap"],"picked":"Rebound","floor":0},{"not_picked":["Fluid Movement","PiercingWail"],"picked":"Mind Blast","floor":0},{"not_picked":["Acrobatics","Warcry"],"picked":"Gash","floor":0},{"not_picked":["Rampage","PathToVictory"],"picked":"Beam Cell","floor":0},{"not_picked":["Conserve Battery","Storm"],"picked":"Dagger Throw","floor":0},{"not_picked":["Entrench","Havoc"],"picked":"Flying Knee","floor":0},{"not_picked":["Storm","Coolheaded"],"picked":"Redo","floor":0},{"not_picked":["Prostrate","EmptyFist"],"picked":"Clash","floor":0},{"not_picked":["Bouncing Flask","Quick Slash"],"picked":"Replay:AtTheReady","floor":0},{"not_picked":["Perseverance","conspire:DoublingDagger"],"picked":"EmptyFist","floor":0},{"not_picked":["Outmaneuver","Armaments"],"picked":"Replay:Vibes","floor":0},{"not_picked":["Masterful Stab","Prostrate"],"picked":"Sneak Up","floor":0},{"not_picked":["Halt","Prostrate"],"picked":"Armaments","floor":0},{"not_picked":["EmptyFist","Havoc"],"picked":"Halt","floor":1},{"not_picked":["ReplaySort","Sweeping Beam"],"picked":"Blade Dance","floor":1},{"not_picked":["Sucker Punch","Backflip"],"picked":"Underhanded Strike","floor":1},{"not_picked":["ClearTheMind","Warcry"],"picked":"Crystallizer","floor":1},{"not_picked":["Whirlwind","Leg Sweep"],"picked":"Flex","floor":1},{"not_picked":["Consecrate","Bandage Up"],"picked":"Body Slam","floor":1},{"not_picked":["Blade Dance","Panic Button"],"picked":"Weave","floor":1},{"not_picked":["Hologram","Fluid Movement"],"picked":"Doom and Gloom","floor":1},{"not_picked":["Redo","Capacitor"],"picked":"JustLucky","floor":1},{"not_picked":["Poisoned Stab","Anger"],"picked":"conspire:DoublingDagger","floor":1},{"not_picked":["Infernal Blade","Stack"],"picked":"EmptyFist","floor":1},{"not_picked":["Rebound","Replay:Bootleg Shield Generator"],"picked":"REME_Compress","floor":1},{"not_picked":["Dagger Spray","Heel Hook"],"picked":"FlyingSleeves","floor":1},{"not_picked":["Cloak And Dagger","Perfected Strike"],"picked":"SashWhip","floor":1},{"not_picked":["Shrug It Off","Protect"],"picked":"Swivel","floor":1}],"player_experience":1441873,"relics_obtained":[{"floor":4,"key":"infinitespire:Lucky Rock"},{"floor":5,"key":"Du-Vu Doll"},{"floor":6,"key":"Replay:Bandana"},{"floor":8,"key":"zeldaRelics:CouragePiece"},{"floor":9,"key":"zeldaRelics:CouragePiece"},{"floor":11,"key":"zeldaRelics:CouragePiece"},{"floor":13,"key":"zeldaRelics:WisdomPiece"}],"event_choices":[{"cards_removed":["Eruption"],"damage_healed":0,"gold_gain":0,"player_choice":"Card Removal","damage_taken":7,"max_hp_gain":0,"max_hp_loss":0,"event_name":"Golden Wing","floor":10,"gold_loss":0}],"is_beta":false,"boss_relics":[],"items_purged_floors":[],"is_endless":false,"potions_floor_spawned":[4,5],"killed_by":"The Guardian","ascension_level":20}}