{"host":"dcj2yvrgcvh5dl2s","time":1607787369,"event":{"mods":["BaseMod","Better Note","Colored Powertips","Minty Spire (QoL Compilation)","Quick Restart","Rare Cards Sparkle","StSLib"],"gold_per_floor":[113,113,113,131,148,148,183,198,275,275,293,326,326,346,346,448,448,468,468,468,10,22,22,56,56,56,69,69,102,112,145,145,246,246,256,266,282,63,63,92,92,123,123,154,154,188,208,208,208,208],"floor_reached":51,"playtime":1933,"items_purged":["Strike_R"],"score":1166,"play_id":"d641eef8-92fc-447b-a0d6-5c289dbde865","local_time":"20201213013609","is_ascension_mode":true,"campfire_choices":[{"data":"Whirlwind","floor":6,"key":"SMITH"},{"floor":10,"key":"REST"},{"floor":15,"key":"REST"},{"floor":23,"key":"REST"},{"data":"Uppercut","floor":25,"key":"SMITH"},{"floor":28,"key":"REST"},{"data":"Seeing Red","floor":32,"key":"SMITH"},{"floor":41,"key":"REST"},{"floor":49,"key":"REST"}],"circlet_count":0,"master_deck":["Strike_R","Strike_R+1","Defend_R","Defend_R","Defend_R","Defend_R+1","Bash","Offering","Heavy Blade","Cleave","Whirlwind+1","Intimidate","Offering","Uppercut+1","Shrug It Off+1","Seeing Red+1","Flex+1","Sword Boomerang","Demon Form","Sword Boomerang+1","Flex","Parasite","Pummel+1","Dramatic Entrance","Panacea","Finesse","Thunderclap+1","Parasite","Flex+1","Sword Boomerang+1"],"relics":["Burning Blood","Self Forming Clay","Happy Flower","Shuriken","White Beast Statue","Du-Vu Doll","SacredBark","Chemical X","Vajra","Anchor","Strawberry","Art of War","Question Card","Ancient Tea Set","Cursed Key","Orichalcum","Oddly Smooth Stone","Champion Belt","StrikeDummy","Bottled Tornado","Toy Ornithopter"],"acts_visited":["Exordium","TheCity","TheBeyond"],"potions_floor_usage":[12,16,17,18,24,24,24,29,31,33,33,36,37,42,44,46,50,50,50],"damage_taken":[{"damage":6,"enemies":"Cultist","floor":1,"turns":2},{"damage":6,"enemies":"Small Slimes","floor":4,"turns":2},{"damage":1,"enemies":"2 Louse","floor":5,"turns":2},{"damage":16,"enemies":"Gremlin Nob","floor":7,"turns":3},{"damage":17,"enemies":"Exordium Thugs","floor":8,"turns":2},{"damage":14,"enemies":"Blue Slaver","floor":11,"turns":3},{"damage":12,"enemies":"3 Sentries","floor":12,"turns":4},{"damage":9,"enemies":"Looter","floor":14,"turns":2},{"damage":16,"enemies":"Slime Boss","floor":16,"turns":8},{"damage":20,"enemies":"2 Thieves","floor":18,"turns":3},{"damage":12,"enemies":"Spheric Guardian","floor":22,"turns":1},{"damage":21,"enemies":"Gremlin Leader","floor":24,"turns":3},{"damage":27,"enemies":"Snake Plant","floor":27,"turns":3},{"damage":10,"enemies":"Book of Stabbing","floor":29,"turns":5},{"damage":6,"enemies":"3 Cultists","floor":30,"turns":2},{"damage":14,"enemies":"Gremlin Leader","floor":31,"turns":2},{"damage":37,"enemies":"Collector","floor":33,"turns":7},{"damage":6,"enemies":"3 Darklings","floor":35,"turns":1},{"damage":22,"enemies":"3 Shapes","floor":36,"turns":2},{"damage":12,"enemies":"Writhing Mass","floor":37,"turns":3},{"damage":15,"enemies":"Giant Head","floor":40,"turns":4},{"damage":15,"enemies":"Nemesis","floor":42,"turns":3},{"damage":6,"enemies":"Reptomancer","floor":44,"turns":2},{"damage":9,"enemies":"Giant Head","floor":46,"turns":4},{"damage":6,"enemies":"3 Darklings","floor":47,"turns":2},{"damage":14,"enemies":"Donu and Deca","floor":50,"turns":2}],"seed_played":"-7017310478439178567","potions_obtained":[{"floor":4,"key":"LiquidBronze"},{"floor":8,"key":"Regen Potion"},{"floor":11,"key":"SmokeBomb"},{"floor":12,"key":"BloodPotion"},{"floor":14,"key":"Dexterity Potion"},{"floor":16,"key":"Fruit Juice"},{"floor":18,"key":"GamblersBrew"},{"floor":22,"key":"HeartOfIron"},{"floor":24,"key":"SkillPotion"},{"floor":27,"key":"LiquidBronze"},{"floor":29,"key":"Energy Potion"},{"floor":30,"key":"Dexterity Potion"},{"floor":31,"key":"SpeedPotion"},{"floor":33,"key":"GamblersBrew"},{"floor":35,"key":"Strength Potion"},{"floor":36,"key":"LiquidMemories"},{"floor":37,"key":"Weak Potion"},{"floor":40,"key":"SteroidPotion"},{"floor":42,"key":"SneckoOil"},{"floor":44,"key":"Ancient Potion"},{"floor":46,"key":"Energy Potion"}],"is_trial":false,"path_per_floor":["M","T","?","M","M","R","E","M","T","R","M","E","?","M","R","B",null,"M","?","?","$","M","R","E","R","T","M","R","E","M","E","R","B",null,"M","M","M","$","?","E","R","E","T","E","?","E","M","?","R","B",null],"character_chosen":"IRONCLAD","items_purchased":["Chemical X","Vajra","Anchor","Orichalcum"],"campfire_rested":6,"item_purchase_floors":[21,21,21,38],"current_hp_per_floor":[51,51,51,51,56,56,46,35,35,59,51,57,41,38,62,52,83,90,72,72,72,66,94,86,86,86,65,95,91,91,83,83,52,90,90,74,68,68,58,49,79,70,70,70,70,67,67,67,96,97],"gold":208,"neow_bonus":"THREE_RARE_CARDS","is_daily":false,"chose_seed":false,"campfire_upgraded":3,"win_rate":0.0,"timestamp":1607787369,"path_taken":["M","?","?","M","?","R","E","M","T","R","M","E","?","M","R","BOSS","M","?","?","$","?","R","E","R","T","M","R","E","M","E","R","BOSS","M","M","M","$","?","E","R","E","T","E","?","E","M","?","R","BOSS"],"items_purchased_type":["Relic","Relic","Relic","Relic"],"build_version":"2020-11-30","purchased_purges":1,"victory":true,"max_hp_per_floor":[80,80,80,80,80,80,80,80,80,80,80,80,80,80,80,80,90,90,95,95,95,95,95,102,102,102,102,102,102,102,102,102,102,102,102,102,102,102,102,102,102,102,102,102,102,102,102,97,97,97],"card_choices":[{"not_picked":["Impervious","Demon Form"],"picked":"Offering","floor":0},{"not_picked":["True Grit","Body Slam"],"picked":"Heavy Blade","floor":1},{"not_picked":["Pommel Strike","Second Wind"],"picked":"Cleave","floor":4},{"not_picked":["Metallicize","Carnage"],"picked":"Whirlwind","floor":5},{"not_picked":["Pommel Strike","Clothesline","Warcry"],"picked":"SKIP","floor":7},{"not_picked":["Brutality","Anger","Twin Strike"],"picked":"SKIP","floor":8},{"not_picked":["Spot Weakness","Hemokinesis","Searing Blow"],"picked":"SKIP","floor":11},{"not_picked":["Havoc","Cleave","Headbutt"],"picked":"SKIP","floor":12},{"not_picked":["Headbutt","Hemokinesis"],"picked":"Intimidate","floor":14},{"not_picked":["Barricade","Fiend Fire"],"picked":"Offering","floor":16},{"not_picked":["Warcry","Armaments"],"picked":"Uppercut","floor":18},{"not_picked":["Rampage","Perfected Strike+1","True Grit"],"picked":"SKIP","floor":22},{"not_picked":["Barricade","Searing Blow","Pommel Strike"],"picked":"SKIP","floor":24},{"not_picked":["Rampage","Perfected Strike"],"picked":"Shrug It Off+1","floor":27},{"not_picked":["Cleave","Spot Weakness"],"picked":"Seeing Red","floor":29},{"not_picked":["Fire Breathing","Reckless Charge","Heavy Blade"],"picked":"Flex+1","floor":30},{"not_picked":["Clothesline","Perfected Strike","Dropkick"],"picked":"Sword Boomerang","floor":31},{"not_picked":["Offering","Juggernaut","Feed"],"picked":"Demon Form","floor":33},{"not_picked":["Havoc","Perfected Strike","Ghostly Armor+1"],"picked":"Sword Boomerang+1","floor":35},{"not_picked":["Havoc","Sword Boomerang","Metallicize"],"picked":"Flex","floor":36},{"not_picked":["Clothesline","Barricade","Body Slam"],"picked":"Pummel+1","floor":37},{"not_picked":["PanicButton","Flash of Steel","Good Instincts"],"picked":"Dramatic Entrance","floor":39},{"not_picked":["The Bomb","Deep Breath","Good Instincts"],"picked":"Panacea","floor":39},{"not_picked":["Panacea","Forethought","Good Instincts"],"picked":"Finesse","floor":39},{"not_picked":["Iron Wave","Havoc+1","Heavy Blade"],"picked":"Thunderclap+1","floor":40},{"not_picked":["Rupture","Hemokinesis","Corruption","Fire Breathing"],"picked":"SKIP","floor":42},{"not_picked":["Hemokinesis","Searing Blow+1","Iron Wave+1"],"picked":"Flex+1","floor":44},{"not_picked":["Sever Soul+1","Anger+1","Warcry"],"picked":"Sword Boomerang+1","floor":46},{"not_picked":["Wild Strike","Anger+1","Flame Barrier","Dropkick"],"picked":"SKIP","floor":47}],"player_experience":1951510,"relics_obtained":[{"floor":2,"key":"Self Forming Clay"},{"floor":3,"key":"Happy Flower"},{"floor":7,"key":"Shuriken"},{"floor":9,"key":"White Beast Statue"},{"floor":12,"key":"Du-Vu Doll"},{"floor":24,"key":"Strawberry"},{"floor":26,"key":"Art of War"},{"floor":29,"key":"Question Card"},{"floor":31,"key":"Ancient Tea Set"},{"floor":40,"key":"Oddly Smooth Stone"},{"floor":42,"key":"Champion Belt"},{"floor":43,"key":"StrikeDummy"},{"floor":44,"key":"Bottled Tornado"},{"floor":46,"key":"Toy Ornithopter"}],"event_choices":[{"damage_healed":0,"gold_gain":0,"player_choice":"Relic","damage_taken":0,"max_hp_gain":0,"max_hp_loss":0,"event_name":"Wheel of Change","floor":3,"gold_loss":0},{"damage_healed":0,"gold_gain":0,"player_choice":"Entered Light","damage_taken":16,"max_hp_gain":0,"max_hp_loss":0,"event_name":"Shining Light","floor":13,"gold_loss":0,"cards_upgraded":["Defend_R","Strike_R"]},{"damage_healed":0,"gold_gain":0,"player_choice":"Shed Blood","damage_taken":23,"max_hp_gain":5,"max_hp_loss":0,"event_name":"Forgotten Altar","floor":19,"gold_loss":0},{"cards_removed":["Strike_R"],"damage_healed":0,"gold_gain":0,"player_choice":"Card Removal","damage_taken":0,"max_hp_gain":0,"max_hp_loss":0,"event_name":"Wheel of Change","floor":20,"gold_loss":0},{"damage_healed":0,"gold_gain":0,"player_choice":"Memory 3","damage_taken":10,"max_hp_gain":0,"max_hp_loss":0,"event_name":"SensoryStone","floor":39,"gold_loss":0},{"cards_removed":["Strike_R"],"damage_healed":0,"gold_gain":0,"player_choice":"Removed Attack","damage_taken":0,"max_hp_gain":0,"max_hp_loss":0,"event_name":"Falling","floor":45,"gold_loss":0},{"damage_healed":0,"gold_gain":0,"player_choice":"Max HP","damage_taken":0,"max_hp_gain":0,"max_hp_loss":5,"event_name":"Winding Halls","floor":48,"gold_loss":0}],"is_beta":false,"boss_relics":[{"not_picked":["Runic Cube","Ectoplasm"],"picked":"SacredBark"},{"not_picked":["Runic Dome","Astrolabe"],"picked":"Cursed Key"}],"items_purged_floors":[38],"is_endless":false,"potions_floor_spawned":[4,8,11,12,14,16,18,22,24,27,29,30,31,33,35,36,37,40,42,44,46,47],"ascension_level":7}}