{"host":"fdq5pmhluajjrf8d","time":1607785875,"event":{"mods":["BaseMod","Minty Spire (QoL Compilation)"],"gold_per_floor":[109,109,122,138,138,172,172,28,28,28,54,129,48,63,63,63,63],"floor_reached":16,"playtime":890,"items_purged":[],"score":211,"play_id":"d7a2d684-b83c-4588-a5be-3d2a9d99306c","local_time":"20201212101115","is_ascension_mode":true,"campfire_choices":[{"floor":7,"key":"REST"},{"floor":10,"key":"REST"},{"data":"White Noise","floor":15,"key":"SMITH"}],"circlet_count":0,"master_deck":["AscendersBane","Strike_B","Strike_B","Strike_B","Strike_B","Defend_B","Defend_B","Defend_B","Defend_B","Zap","Dualcast","Beam Cell","Rip and Tear","Gash","Glacier","FTL+1","Go for the Eyes+1","White Noise+1","Defragment","Genetic Algorithm"],"relics":["Cracked Core","Molten Egg 2","Potion Belt","Eternal Feather","Mummified Hand"],"acts_visited":["Exordium"],"potions_floor_usage":[11,16],"damage_taken":[{"damage":0,"enemies":"2 Louse","floor":1,"turns":2},{"damage":8,"enemies":"Small Slimes","floor":3,"turns":4},{"damage":2,"enemies":"Jaw Worm","floor":4,"turns":2},{"damage":55,"enemies":"3 Sentries","floor":6,"turns":10},{"damage":24,"enemies":"Lagavulin","floor":11,"turns":8},{"damage":2,"enemies":"Large Slime","floor":14,"turns":4},{"damage":40,"enemies":"Hexaghost","floor":16,"turns":11}],"seed_played":"4108025858676884479","potions_obtained":[{"floor":6,"key":"EssenceOfSteel"},{"floor":11,"key":"Ancient Potion"},{"floor":14,"key":"BlessingOfTheForge"}],"is_trial":false,"path_per_floor":["M","?","M","M","?","E","R","$","T","R","E","?","$","M","R","B"],"character_chosen":"DEFECT","items_purchased":["FTL+1","Go for the Eyes+1","Defragment"],"campfire_rested":2,"item_purchase_floors":[8,8,13],"current_hp_per_floor":[71,76,68,66,61,6,30,30,30,63,39,28,28,26,38,0,0],"gold":63,"neow_bonus":"TEN_PERCENT_HP_BONUS","is_daily":false,"chose_seed":false,"campfire_upgraded":1,"win_rate":0.0,"timestamp":1607785875,"path_taken":["M","?","M","M","?","E","R","?","T","R","E","?","$","?","R","BOSS"],"items_purchased_type":["Card","Card","Card"],"build_version":"2020-11-30","purchased_purges":0,"victory":false,"max_hp_per_floor":[78,83,83,83,83,83,83,83,83,83,83,83,83,83,83,83,83],"card_choices":[{"not_picked":["Cold Snap","Hologram"],"picked":"Beam Cell","floor":1},{"not_picked":["Blizzard","Redo"],"picked":"Rip and Tear","floor":3},{"not_picked":["Reprogram","Ball Lightning"],"picked":"Gash","floor":4},{"not_picked":["Redo","Force Field"],"picked":"Glacier","floor":6},{"not_picked":["Go for the Eyes+1","Streamline+1"],"picked":"White Noise","floor":11},{"not_picked":["Double Energy","Undo"],"picked":"Genetic Algorithm","floor":14}],"player_experience":1821748,"relics_obtained":[{"floor":6,"key":"Potion Belt"},{"floor":9,"key":"Eternal Feather"},{"floor":11,"key":"Mummified Hand"}],"event_choices":[{"damage_healed":0,"gold_gain":0,"player_choice":"Donut","damage_taken":0,"max_hp_gain":5,"max_hp_loss":0,"event_name":"Big Fish","floor":2,"gold_loss":0},{"damage_healed":0,"gold_gain":0,"player_choice":"Success","damage_taken":5,"relics_obtained":["Molten Egg 2"],"max_hp_gain":0,"max_hp_loss":0,"event_name":"Scrap Ooze","floor":5,"gold_loss":0},{"damage_healed":0,"gold_gain":75,"player_choice":"Gather Gold","damage_taken":11,"max_hp_gain":0,"max_hp_loss":0,"event_name":"World of Goop","floor":12,"gold_loss":0}],"is_beta":false,"boss_relics":[],"items_purged_floors":[],"is_endless":false,"potions_floor_spawned":[6,11,14],"killed_by":"Hexaghost","ascension_level":19}}