{"host":"zksvs3x2ysy9npnz","time":1607795656,"event":{"mods":["Aspiration","BaseMod","Beaked The Cultist","BetterRewards","Colored Map","Conspire","Duelist Mod","Halation","Highlight Path","Hubris","Infinite Spire","Jedi Mod","Minty Spire (QoL Compilation)","Permanent Neow","Quick Restart","Relic Stats","Replay The Spire","Retaliation","Shop Mod","StSLib"],"gold_per_floor":[143,162,173,183,194,194,194,245,293,293,323,323,323,342,342,438,438,454,454,456,190,190,190,202,202],"floor_reached":24,"playtime":1281,"items_purged":["theDuelist:Sparks","theDuelist:Sparks"],"score":388,"play_id":"52128f20-d4df-49cf-a134-26b3939392d1","local_time":"20201212185416","is_ascension_mode":true,"campfire_choices":[{"data":"theDuelist:OhFish","floor":6.0,"key":"SMITH"},{"floor":10.0,"key":"REST"},{"floor":12.0,"key":"REST"},{"floor":15.0,"key":"DIG"},{"data":"infinitespire:Starlight","floor":23.0,"key":"SMITH"}],"circlet_count":0,"master_deck":["theDuelist:SevenColoredFish","theDuelist:SevenColoredFish","theDuelist:AquaSpirit","theDuelist:CastleWalls","theDuelist:CastleWalls","AscendersBane","theDuelist:IslandTurtle","theDuelist:IslandTurtle","theDuelist:RevivalJam","theDuelist:Monokeros","theDuelist:HydraViper","theDuelist:FishborgLauncher","theDuelist:OhFish+1","theDuelist:CallAtlanteans","theDuelist:GraydleAlligator","theDuelist:MorayGreed","infinitespire:Starlight+1","theDuelist:SphereKuriboh","infinitespire:Starlight","theDuelist:IslandTurtle","Pot Of Greed","Pot Of Greed"],"relics":["theDuelist:MillenniumPuzzle","theDuelist:ChallengePuzzle","theDuelist:CardPoolRelic","theDuelist:CardPoolBasicRelic","theDuelist:BoosterPackPoolRelic","theDuelist:CardPoolAddRelic","theDuelist:CardPoolMinusRelic","theDuelist:CardPoolSaveRelic","theDuelist:CardPoolOptionsRelic","Lantern","theDuelist:BoosterExtraAllRaresRelic","Bronze Scales","conspire:TopHat","Smiling Mask","Snake Skull","infinitespire:Midas Blood","beaked:SacredDeck","OrangePellets","Grinning Jar","halation:EternalFortune"],"acts_visited":["Exordium","TheCity"],"potions_floor_usage":[24,24],"damage_taken":[{"damage":9.0,"enemies":"Cultist","floor":1.0,"turns":5.0},{"damage":7.0,"enemies":"Jaw Worm","floor":2.0,"turns":4.0},{"damage":0.0,"enemies":"Small Slimes","floor":3.0,"turns":3.0},{"damage":3.0,"enemies":"2 Fungi Beasts","floor":4.0,"turns":4.0},{"damage":0.0,"enemies":"Blue Slaver","floor":5.0,"turns":4.0},{"damage":36.0,"enemies":"Gremlin Nob","floor":11.0,"turns":5.0},{"damage":3.0,"enemies":"Looter","floor":14.0,"turns":3.0},{"damage":52.0,"enemies":"Hexaghost","floor":16.0,"turns":12.0},{"damage":14.0,"enemies":"Spheric Guardian","floor":18.0,"turns":8.0},{"damage":63,"enemies":"Slavers","floor":24,"turns":6}],"seed_played":"-4101053214788003749","potions_obtained":[{"floor":2.0,"key":"Regen Potion"},{"floor":4.0,"key":"GamblersBrew"},{"floor":5.0,"key":"DuplicationPotion"},{"floor":16.0,"key":"Strength Potion"}],"is_trial":false,"path_per_floor":["M","M","M","M","M","R","?","T","T","R","E","R","?","M","R_BF","B",null,"M","AVR","?","$","?","R","E"],"character_chosen":"THE_DUELIST","items_purchased":["theDuelist:IslandTurtle","Grinning Jar"],"campfire_rested":2,"item_purchase_floors":[21,21],"current_hp_per_floor":[54,47,47,44,44,44,36,36,36,57,35,56,56,53,53,1,53,49,49,29,29,32,32,0,0],"gold":202,"neow_bonus":"RANDOM_COMMON_RELIC","is_daily":false,"chose_seed":false,"campfire_upgraded":2,"win_rate":0.0,"timestamp":1607795656,"path_taken":["M","?","?","M","M","R","?","?","T","R","E","R","?","M","R_BF","BOSS","M","AVR","?","$","?","R","E"],"items_purchased_type":["Card","Relic"],"build_version":"2020-11-30","purchased_purges":2,"victory":false,"max_hp_per_floor":[70,70,70,70,70,70,70,70,70,70,70,70,70,70,70,70,70,70,70,75,75,78,78,78,78],"relic_stats":{"OrangePellets":[0],"counters":[10,54],"Bronze Scales":[128],"Snake Skull":[0],"Smiling Mask":25,"obtain_stats":[{"Lantern":0,"theDuelist:BoosterExtraAllRaresRelic":7,"Snake Skull":13,"theDuelist:MillenniumPuzzle":0,"theDuelist:CardPoolSaveRelic":0,"Smiling Mask":11,"theDuelist:ChallengePuzzle":0,"conspire:TopHat":9,"OrangePellets":19,"theDuelist:BoosterPackPoolRelic":0,"theDuelist:CardPoolMinusRelic":0,"theDuelist:CardPoolBasicRelic":0,"Bronze Scales":8,"beaked:SacredDeck":17,"halation:EternalFortune":22,"theDuelist:CardPoolAddRelic":0,"theDuelist:CardPoolOptionsRelic":0,"Grinning Jar":21,"theDuelist:CardPoolRelic":0,"infinitespire:Midas Blood":15},{"Lantern":0,"theDuelist:BoosterExtraAllRaresRelic":5,"Snake Skull":6,"theDuelist:MillenniumPuzzle":0,"theDuelist:CardPoolSaveRelic":0,"Smiling Mask":6,"theDuelist:ChallengePuzzle":0,"conspire:TopHat":5,"OrangePellets":9,"theDuelist:BoosterPackPoolRelic":0,"theDuelist:CardPoolMinusRelic":0,"theDuelist:CardPoolBasicRelic":0,"Bronze Scales":5,"beaked:SacredDeck":8,"halation:EternalFortune":9,"theDuelist:CardPoolAddRelic":0,"theDuelist:CardPoolOptionsRelic":0,"Grinning Jar":9,"theDuelist:CardPoolRelic":0,"infinitespire:Midas Blood":7},{"Lantern":0,"theDuelist:BoosterExtraAllRaresRelic":20,"Snake Skull":25,"theDuelist:MillenniumPuzzle":0,"theDuelist:CardPoolSaveRelic":0,"Smiling Mask":25,"theDuelist:ChallengePuzzle":0,"conspire:TopHat":20,"OrangePellets":48,"theDuelist:BoosterPackPoolRelic":0,"theDuelist:CardPoolMinusRelic":0,"theDuelist:CardPoolBasicRelic":0,"Bronze Scales":20,"beaked:SacredDeck":40,"halation:EternalFortune":48,"theDuelist:CardPoolAddRelic":0,"theDuelist:CardPoolOptionsRelic":0,"Grinning Jar":48,"theDuelist:CardPoolRelic":0,"infinitespire:Midas Blood":28}]},"card_choices":[{"not_picked":["theDuelist:SeaLordAmulet","theDuelist:EvigishkiLevianima","theDuelist:ColdEnchanter","theDuelist:AtlanteanAttackSquad"],"picked":"theDuelist:Monokeros","floor":1.0},{"not_picked":["theDuelist:MermaidKnight","theDuelist:GraydleAlligator","theDuelist:GishkiBeast","theDuelist:HyperancientShark"],"picked":"theDuelist:HydraViper","floor":2.0},{"not_picked":["theDuelist:SevenColoredFish","theDuelist:ImperialCustom","theDuelist:Cryomancer","theDuelist:CorrodingShark"],"picked":"theDuelist:FishborgLauncher","floor":3.0},{"not_picked":["theDuelist:BoulderTortoise","theDuelist:RevivalJam","theDuelist:FishSwaps","theDuelist:GraydleAlligator"],"picked":"theDuelist:OhFish","floor":4.0},{"not_picked":["theDuelist:LightningVortex","theDuelist:Fissure","theDuelist:GilfordLegend","theDuelist:GishkiMarker","theDuelist:BlizzardDefender"],"picked":"SKIP","floor":5.0},{"not_picked":["theDuelist:GraydleEagle","theDuelist:IceHand","theDuelist:GishkiAriel","theDuelist:LegendaryOcean"],"picked":"theDuelist:CallAtlanteans","floor":11.0},{"not_picked":["theDuelist:MermaidKnight","theDuelist:GraydleSlime","theDuelist:GishkiAvance","theDuelist:BigWaveSmallWave"],"picked":"theDuelist:GraydleAlligator","floor":14.0},{"not_picked":["theDuelist:SplashCapture","theDuelist:GamecieltheSeaTurtleKaiju","theDuelist:AtlanteanAttackSquad","theDuelist:AquaactressArowana"],"picked":"theDuelist:MorayGreed","floor":16.0},{"not_picked":["theDuelist:GilfordLegend","theDuelist:FreezingBeast","theDuelist:ShardGreed","theDuelist:BlueBloodedOni"],"picked":"theDuelist:SphereKuriboh","floor":18.0}],"player_experience":1202415,"relics_obtained":[{"floor":8.0,"key":"Bronze Scales"},{"floor":9.0,"key":"conspire:TopHat"},{"floor":11.0,"key":"Smiling Mask"},{"floor":15.0,"key":"infinitespire:Midas Blood"}],"event_choices":[{"damage_healed":0.0,"max_hp_gain":0.0,"max_hp_loss":0.0,"gold_gain":0.0,"event_name":"Aknamkanon\u0027s Tomb","player_choice":"Dig - random Duelist relic","duelist":true,"floor":7.0,"gold_loss":0.0,"damage_taken":0.0},{"damage_healed":0.0,"max_hp_gain":5.0,"max_hp_loss":0.0,"gold_gain":0.0,"event_name":"Forgotten Altar","player_choice":"Shed Blood","floor":20.0,"gold_loss":0.0,"damage_taken":25.0}],"is_beta":false,"boss_relics":[{"not_picked":["Cursed Key","Snecko Heart"],"picked":"beaked:SacredDeck"}],"items_purged_floors":[19,21],"is_endless":false,"potions_floor_spawned":[2,4,5,16,18],"killed_by":"Slavers","ascension_level":20}}