{"host":"f9xhx7hoqq8tf21i","time":1607786253,"event":{"mods":["AchievementEnabler","BaseMod","Block Reminder","Colored Map","Colored Powertips","GifTheSpireLib","Key Reminder","Minty Spire (QoL Compilation)","Quick Restart","StSLib","Synergy Search"],"gold_per_floor":[112,127,77,77,77,77,89,89,89,65,65,96,115,126,126,226,226,238,153,252,177,177,177,197,97,150,166,166,166,166,185,185,185],"floor_reached":32,"playtime":533,"items_purged":["Strike_R+1","Defend_R"],"score":338,"play_id":"8455d987-4d70-401e-a6a2-47b548bd2e7a","local_time":"20201212151733","is_ascension_mode":false,"campfire_choices":[{"data":"Demon Form","floor":6,"key":"SMITH"},{"data":"Bash","floor":8,"key":"SMITH"},{"data":"Flex","floor":11,"key":"SMITH"},{"data":"Strike_R","floor":15,"key":"SMITH"},{"data":"J.A.X.","floor":23,"key":"SMITH"},{"floor":28,"key":"REST"},{"floor":30,"key":"REST"},{"floor":32,"key":"REST"}],"circlet_count":0,"master_deck":["Strike_R","Strike_R","Strike_R","Strike_R","Defend_R","Defend_R","Bash+1","Demon Form+1","Flex+1","Offering+1","Battle Trance+1","J.A.X.+1"],"relics":["Sozu","Pear","Anchor","Question Card","Mango","keyreminder:keyreminder","Philosopher\u0027s Stone","War Paint","Ancient Tea Set"],"acts_visited":["Exordium","TheCity"],"potions_floor_usage":[],"damage_taken":[{"damage":11,"enemies":"Jaw Worm","floor":1,"turns":2},{"damage":5,"enemies":"Small Slimes","floor":2,"turns":3},{"damage":1,"enemies":"2 Louse","floor":7,"turns":3},{"damage":0,"enemies":"Lagavulin","floor":12,"turns":4},{"damage":0,"enemies":"2 Fungi Beasts","floor":13,"turns":3},{"damage":0,"enemies":"Looter","floor":14,"turns":2},{"damage":0,"enemies":"Slime Boss","floor":16,"turns":6},{"damage":39,"enemies":"3 Byrds","floor":18,"turns":4},{"damage":9,"enemies":"Spheric Guardian","floor":24,"turns":2},{"damage":27,"enemies":"3 Cultists","floor":27,"turns":4},{"damage":12,"enemies":"Centurion and Healer","floor":31,"turns":2}],"seed_played":"4656360515385345861","potions_obtained":[],"is_trial":false,"path_per_floor":["M","M","?","T","?","R","M","R","T","$","R","E","M","M","R","B",null,"M","?","?","$","?","R","M","$","T","M","R","?","R","M","R"],"character_chosen":"IRONCLAD","items_purchased":["Flex"],"campfire_rested":3,"item_purchase_floors":[10],"current_hp_per_floor":[69,64,64,74,56,56,55,55,55,55,55,69,69,69,69,69,104,65,65,65,65,65,65,56,56,56,29,60,60,91,79,104,104],"gold":185,"neow_bonus":"BOSS_RELIC","is_daily":false,"chose_seed":false,"campfire_upgraded":5,"win_rate":0.0,"timestamp":1607786253,"path_taken":["M","M","?","?","?","R","M","R","T","$","R","E","M","M","R","BOSS","M","?","?","$","?","R","M","$","T","M","R","?","R","M","R"],"items_purchased_type":["Card"],"build_version":"2020-11-30","purchased_purges":2,"victory":false,"max_hp_per_floor":[80,80,80,90,90,90,90,90,90,90,90,104,104,104,104,104,104,104,104,104,104,104,104,104,104,104,104,104,104,104,104,104,104],"card_choices":[{"not_picked":["Pommel Strike","Sword Boomerang","Metallicize"],"picked":"SKIP","floor":1},{"not_picked":["Infernal Blade","Warcry"],"picked":"Demon Form","floor":2},{"not_picked":["Pummel","Anger","Twin Strike"],"picked":"SKIP","floor":7},{"not_picked":["Reckless Charge","Second Wind","Armaments","Sever Soul"],"picked":"SKIP","floor":12},{"not_picked":["Reckless Charge","Warcry","Wild Strike","Cleave"],"picked":"SKIP","floor":13},{"not_picked":["Anger","Pommel Strike","Metallicize","Sword Boomerang"],"picked":"SKIP","floor":14},{"not_picked":["Bludgeon","Reaper","Demon Form"],"picked":"Offering","floor":16},{"not_picked":["Feel No Pain+1","Thunderclap+1","True Grit"],"picked":"Battle Trance","floor":18},{"not_picked":["Anger+1","Heavy Blade","Body Slam+1","Perfected Strike"],"picked":"SKIP","floor":24},{"not_picked":["Iron Wave+1","True Grit+1","Pommel Strike+1","Warcry"],"picked":"SKIP","floor":27},{"not_picked":["Battle Trance","Seeing Red+1","Bloodletting","Uppercut"],"picked":"SKIP","floor":31}],"player_experience":82740,"relics_obtained":[{"floor":4,"key":"Pear"},{"floor":9,"key":"Question Card"},{"floor":12,"key":"Mango"},{"floor":26,"key":"Ancient Tea Set"}],"event_choices":[{"cards_removed":["Defend_R"],"damage_healed":0,"gold_gain":0,"player_choice":"Card Removal","damage_taken":0,"max_hp_gain":0,"max_hp_loss":0,"event_name":"The Cleric","floor":3,"gold_loss":50},{"damage_healed":0,"gold_gain":0,"player_choice":"Success","damage_taken":18,"relics_obtained":["Anchor"],"max_hp_gain":0,"max_hp_loss":0,"event_name":"Scrap Ooze","floor":5,"gold_loss":0},{"damage_healed":0,"gold_gain":0,"player_choice":"Obtained Relic","damage_taken":0,"relics_obtained":["War Paint"],"max_hp_gain":0,"max_hp_loss":0,"event_name":"Addict","floor":19,"gold_loss":85},{"damage_healed":0,"gold_gain":99,"player_choice":"Stole From Cult","damage_taken":0,"max_hp_gain":0,"max_hp_loss":0,"event_name":"Nest","floor":20,"gold_loss":0},{"damage_healed":0,"gold_gain":0,"player_choice":"Obtain J.A.X.","damage_taken":0,"max_hp_gain":0,"max_hp_loss":0,"event_name":"Drug Dealer","floor":22,"gold_loss":0,"cards_obtained":["J.A.X."]},{"damage_healed":0,"gold_gain":0,"player_choice":"Ignored","damage_taken":0,"max_hp_gain":0,"max_hp_loss":0,"event_name":"Ghosts","floor":29,"gold_loss":0}],"is_beta":false,"boss_relics":[{"not_picked":["Velvet Choker","Calling Bell"],"picked":"Philosopher\u0027s Stone"}],"items_purged_floors":[21,25],"is_endless":false,"potions_floor_spawned":[2,7,13,27,31],"ascension_level":0}}