{"host":"p7j7o00jacnw7qzt","time":1607808418,"event":{"mods":["BaseMod","Colored Map","Colored Powertips","DeckTracker","Highlight Path","Minty Spire (QoL Compilation)","Relic Stats"],"gold_per_floor":[116,41,41,41,55,86,86,121,144,144,174,174,174,74,74,146,146,157,176,176,176,195,222,241,268,292,292,319,319,355,375,375,461,461,477,493,511,230,250,287,298,324,347,374,374,411,216,249,249,249,249,249,249,50,77,77],"floor_reached":57,"playtime":4127,"items_purged":["Strike_R","Strike_R","Strike_R","Strike_R+1","Bash+1"],"score":3628,"play_id":"c490db95-1c7a-4b75-af79-4c06582ad261","local_time":"20201212162658","is_ascension_mode":true,"campfire_choices":[{"data":"Rampage","floor":7.0,"key":"SMITH"},{"data":"Burning Pact","floor":10.0,"key":"SMITH"},{"data":"Feel No Pain","floor":13.0,"key":"SMITH"},{"floor":15.0,"key":"RECALL"},{"data":"Pommel Strike","floor":27.0,"key":"SMITH"},{"data":"Offering","floor":29.0,"key":"SMITH"},{"data":"Havoc","floor":32.0,"key":"SMITH"},{"data":"Madness","floor":45.0,"key":"SMITH"},{"data":"Madness","floor":49.0,"key":"SMITH"},{"data":"Shrug It Off","floor":53.0,"key":"SMITH"}],"circlet_count":0,"master_deck":["AscendersBane","Defend_R","Defend_R","Defend_R","Defend_R","Rampage+1","Burning Pact+1","Feel No Pain+1","Barricade+1","Battle Trance+1","Ghostly","Ghostly","Ghostly","Evolve","Pommel Strike+1","Seeing Red+1","Offering+1","Burning Pact+1","Havoc+1","Double Tap","Madness+1","Madness+1","Warcry","Impatience","Shockwave","Shrug It Off+1","Warcry+1","Bloodletting","Rupture"],"relics":["Burning Blood","NeowsBlessing","Centennial Puzzle","Whetstone","Nunchaku","Toy Ornithopter","Matryoshka","Runic Dome","Bottled Flame","MealTicket","Happy Flower","Champion Belt","CeramicFish","Runic Cube","Membership Card","PreservedInsect","Orichalcum","Dream Catcher","Meat on the Bone","Bag of Preparation","Mummified Hand","Pen Nib","Akabeko"],"acts_visited":["Exordium","TheCity","TheBeyond","TheEnding"],"potions_floor_usage":[56,56,56],"damage_taken":[{"damage":0.0,"enemies":"Small Slimes","floor":1.0,"turns":1.0},{"damage":0.0,"enemies":"Jaw Worm","floor":5.0,"turns":1.0},{"damage":0.0,"enemies":"Lagavulin","floor":6.0,"turns":1.0},{"damage":45.0,"enemies":"3 Sentries","floor":8.0,"turns":11.0},{"damage":0.0,"enemies":"Gremlin Nob","floor":11.0,"turns":3.0},{"damage":41.0,"enemies":"Hexaghost","floor":16.0,"turns":6.0},{"damage":18.0,"enemies":"2 Thieves","floor":18.0,"turns":4.0},{"damage":0.0,"enemies":"Chosen","floor":19.0,"turns":5.0},{"damage":15.0,"enemies":"3 Cultists","floor":22.0,"turns":4.0},{"damage":16.0,"enemies":"Gremlin Leader","floor":23.0,"turns":4.0},{"damage":0.0,"enemies":"Cultist and Chosen","floor":24.0,"turns":5.0},{"damage":20.0,"enemies":"Book of Stabbing","floor":25.0,"turns":5.0},{"damage":13.0,"enemies":"Gremlin Leader","floor":28.0,"turns":7.0},{"damage":10.0,"enemies":"Book of Stabbing","floor":30.0,"turns":4.0},{"damage":1.0,"enemies":"Snecko","floor":31.0,"turns":4.0},{"damage":1.0,"enemies":"Collector","floor":33.0,"turns":5.0},{"damage":0.0,"enemies":"Orb Walker","floor":35.0,"turns":4.0},{"damage":2.0,"enemies":"3 Darklings","floor":36.0,"turns":3.0},{"damage":9.0,"enemies":"Spire Growth","floor":39.0,"turns":4.0},{"damage":1.0,"enemies":"Giant Head","floor":40.0,"turns":4.0},{"damage":4.0,"enemies":"Sphere and 2 Shapes","floor":41.0,"turns":4.0},{"damage":30.0,"enemies":"Nemesis","floor":42.0,"turns":5.0},{"damage":1.0,"enemies":"Maw","floor":44.0,"turns":4.0},{"damage":6.0,"enemies":"Giant Head","floor":46.0,"turns":5.0},{"damage":5.0,"enemies":"Reptomancer","floor":48.0,"turns":3.0},{"damage":9.0,"enemies":"Time Eater","floor":50.0,"turns":5.0},{"damage":7.0,"enemies":"Awakened One","floor":51.0,"turns":3.0},{"damage":5,"enemies":"Shield and Spear","floor":55,"turns":3},{"damage":21,"enemies":"The Heart","floor":56,"turns":5}],"seed_played":"-3416906447061965066","potions_obtained":[{"floor":1.0,"key":"Weak Potion"},{"floor":8.0,"key":"Block Potion"},{"floor":16.0,"key":"Energy Potion"},{"floor":19.0,"key":"DistilledChaos"},{"floor":23.0,"key":"AttackPotion"},{"floor":25.0,"key":"Fruit Juice"},{"floor":28.0,"key":"SmokeBomb"},{"floor":31.0,"key":"Fruit Juice"},{"floor":36.0,"key":"Explosive Potion"},{"floor":39.0,"key":"Swift Potion"},{"floor":44.0,"key":"Strength Potion"},{"floor":46.0,"key":"EntropicBrew"}],"is_trial":false,"path_per_floor":["M","$","?","?","M","E","R","E","T","R","E","?","R","$","R","B",null,"M","M","?","?","M","E","M","E","T","R","E","R","E","M","R","B",null,"M","M","?","$","M","E","M","E","T","M","R","E","$","E","R","B","B",null,"R","$","E","B",null],"character_chosen":"IRONCLAD","items_purchased":["Membership Card","Warcry","Impatience","Bag of Preparation","Rupture","ColorlessPotion","Pen Nib"],"campfire_rested":0,"item_purchase_floors":[38,38,38,47,47,54,54],"current_hp_per_floor":[74,74,69,62,68,74,74,35,35,35,46,51,51,51,51,16,64,52,63,40,40,36,30,36,22,22,22,25,25,21,31,31,46,49,50,50,41,50,47,50,50,31,31,36,36,41,50,50,50,50,49,50,50,50,50,44],"gold":77,"neow_bonus":"THREE_ENEMY_KILL","is_daily":false,"chose_seed":false,"campfire_upgraded":9,"win_rate":0.0,"timestamp":1607808418,"path_taken":["M","$","?","?","M","E","R","E","T","R","E","?","R","?","R","BOSS","M","M","?","?","M","E","M","E","T","R","E","R","E","M","R","BOSS","M","?","?","$","M","E","M","E","T","M","R","E","$","E","R","BOSS","BOSS","R","$","E","BOSS"],"items_purchased_type":["Relic","Card","Card","Relic","Card","Potion","Relic"],"build_version":"2020-11-30","purchased_purges":5,"victory":true,"max_hp_per_floor":[75,75,75,75,75,75,75,75,75,75,75,80,80,80,80,80,80,80,80,40,40,40,40,40,40,40,40,45,45,45,45,45,50,50,50,50,50,50,50,50,50,50,50,50,50,50,50,50,50,50,50,50,50,50,50,50],"relic_stats":{"Happy Flower":[24],"counters":[29,122],"CeramicFish":108,"PreservedInsect":320,"Pen Nib":[2],"Bag of Preparation":[10],"Whetstone":["Strike_R","Bash"],"Orichalcum":[0],"Burning Blood":157,"Centennial Puzzle":[66],"Nunchaku":[24],"Dream Catcher":0,"Mummified Hand":[19],"MealTicket":18,"Champion Belt":[16],"obtain_stats":[{"NeowsBlessing":0,"Happy Flower":26,"CeramicFish":30,"PreservedInsect":40,"Pen Nib":54,"Bag of Preparation":47,"Whetstone":6,"Orichalcum":42,"Burning Blood":0,"Akabeko":55,"Runic Dome":17,"Centennial Puzzle":3,"Nunchaku":8,"Bottled Flame":25,"Dream Catcher":43,"Matryoshka":11,"Mummified Hand":48,"MealTicket":26,"Champion Belt":28,"Membership Card":38,"Toy Ornithopter":9,"Runic Cube":34,"Meat on the Bone":46},{"NeowsBlessing":0,"Happy Flower":12,"CeramicFish":14,"PreservedInsect":20,"Pen Nib":27,"Bag of Preparation":24,"Whetstone":3,"Orichalcum":22,"Burning Blood":0,"Akabeko":28,"Runic Dome":6,"Centennial Puzzle":1,"Nunchaku":4,"Bottled Flame":12,"Dream Catcher":22,"Matryoshka":5,"Mummified Hand":25,"MealTicket":12,"Champion Belt":13,"Membership Card":18,"Toy Ornithopter":4,"Runic Cube":16,"Meat on the Bone":24},{"NeowsBlessing":0,"Happy Flower":50,"CeramicFish":61,"PreservedInsect":85,"Pen Nib":114,"Bag of Preparation":103,"Whetstone":3,"Orichalcum":94,"Burning Blood":0,"Akabeko":117,"Runic Dome":23,"Centennial Puzzle":1,"Nunchaku":14,"Bottled Flame":50,"Dream Catcher":94,"Matryoshka":17,"Mummified Hand":106,"MealTicket":50,"Champion Belt":57,"Membership Card":77,"Toy Ornithopter":14,"Runic Cube":70,"Meat on the Bone":103}],"Toy Ornithopter":58,"Runic Cube":[46],"Meat on the Bone":0},"card_choices":[{"not_picked":["Sword Boomerang","Pummel"],"picked":"Rampage","floor":1.0},{"not_picked":["Body Slam","Cleave"],"picked":"Burning Pact","floor":5.0},{"not_picked":["Dropkick","Sever Soul","Rupture"],"picked":"SKIP","floor":6.0},{"not_picked":["Clothesline","Warcry","Spot Weakness"],"picked":"SKIP","floor":8.0},{"not_picked":["Sever Soul","Flame Barrier"],"picked":"Feel No Pain","floor":11.0},{"not_picked":["Corruption","Brutality"],"picked":"Barricade","floor":16.0},{"not_picked":["Seeing Red","Blood for Blood"],"picked":"Battle Trance+1","floor":18.0},{"not_picked":["Fire Breathing+1","Perfected Strike","Dropkick"],"picked":"SKIP","floor":19.0},{"not_picked":["Cleave","Havoc+1"],"picked":"Evolve","floor":22.0},{"not_picked":["Inflame","Armaments"],"picked":"Pommel Strike","floor":23.0},{"not_picked":["Thunderclap","Perfected Strike","Intimidate"],"picked":"SKIP","floor":24.0},{"not_picked":["Twin Strike","Cleave"],"picked":"Seeing Red+1","floor":25.0},{"not_picked":["Fire Breathing","Power Through"],"picked":"Offering","floor":28.0},{"not_picked":["Dropkick","Heavy Blade"],"picked":"Burning Pact+1","floor":30.0},{"not_picked":["Body Slam","Entrench+1"],"picked":"Havoc","floor":31.0},{"not_picked":["Immolate","Reaper"],"picked":"Double Tap","floor":33.0},{"not_picked":["Entrench","Reckless Charge","True Grit"],"picked":"SKIP","floor":35.0},{"not_picked":["True Grit","Fire Breathing+1","Rampage"],"picked":"SKIP","floor":36.0},{"not_picked":["Carnage","Shockwave","Fire Breathing+1"],"picked":"SKIP","floor":39.0},{"not_picked":["Carnage","Shockwave","Fire Breathing+1"],"picked":"SKIP","floor":39.0},{"not_picked":["Carnage","Fire Breathing+1"],"picked":"Shockwave","floor":39.0},{"not_picked":["Armaments","Headbutt"],"picked":"Shrug It Off","floor":40.0},{"not_picked":["Pommel Strike","Twin Strike+1","Infernal Blade"],"picked":"SKIP","floor":41.0},{"not_picked":["Armaments","Cleave","True Grit"],"picked":"SKIP","floor":42.0},{"not_picked":["Twin Strike","Dropkick"],"picked":"Warcry+1","floor":44.0},{"not_picked":["Immolate","Clash+1"],"picked":"Bloodletting","floor":46.0},{"not_picked":["Cleave","Twin Strike","Battle Trance"],"picked":"SKIP","floor":48.0},{"not_picked":["Ghostly Armor+1","Spot Weakness+1","Pommel Strike"],"picked":"SKIP","floor":55}],"player_experience":813584,"relics_obtained":[{"floor":6.0,"key":"Whetstone"},{"floor":8.0,"key":"Nunchaku"},{"floor":9.0,"key":"Toy Ornithopter"},{"floor":11.0,"key":"Matryoshka"},{"floor":25.0,"key":"Bottled Flame"},{"floor":26.0,"key":"MealTicket"},{"floor":26.0,"key":"Happy Flower"},{"floor":28.0,"key":"Champion Belt"},{"floor":30.0,"key":"CeramicFish"},{"floor":40.0,"key":"PreservedInsect"},{"floor":42.0,"key":"Orichalcum"},{"floor":43.0,"key":"Dream Catcher"},{"floor":46.0,"key":"Meat on the Bone"},{"floor":48.0,"key":"Mummified Hand"},{"floor":55,"key":"Akabeko"}],"event_choices":[{"damage_healed":0.0,"max_hp_gain":0.0,"max_hp_loss":0.0,"gold_gain":0.0,"event_name":"Scrap Ooze","player_choice":"Success","floor":3.0,"gold_loss":0.0,"damage_taken":5.0,"relics_obtained":["Centennial Puzzle"]},{"cards_removed":["Strike_R"],"damage_healed":0.0,"max_hp_gain":0.0,"max_hp_loss":0.0,"gold_gain":0.0,"event_name":"Golden Wing","player_choice":"Card Removal","floor":4.0,"gold_loss":0.0,"damage_taken":7.0},{"damage_healed":0.0,"max_hp_gain":5.0,"max_hp_loss":0.0,"gold_gain":0.0,"event_name":"Big Fish","player_choice":"Donut","floor":12.0,"gold_loss":0.0,"damage_taken":0.0},{"damage_healed":0.0,"max_hp_gain":0.0,"max_hp_loss":40.0,"gold_gain":0.0,"event_name":"Ghosts","player_choice":"Became a Ghost","floor":20.0,"gold_loss":0.0,"damage_taken":0.0,"cards_obtained":["Ghostly","Ghostly","Ghostly"]},{"damage_healed":0.0,"max_hp_gain":0.0,"max_hp_loss":0.0,"gold_gain":0.0,"event_name":"Upgrade Shrine","player_choice":"Upgraded","floor":21.0,"gold_loss":0.0,"damage_taken":0.0,"cards_upgraded":["Barricade"]},{"damage_healed":0.0,"max_hp_gain":0.0,"max_hp_loss":0.0,"gold_gain":0.0,"event_name":"Winding Halls","player_choice":"Embrace Madness","floor":37.0,"gold_loss":0.0,"damage_taken":9.0,"cards_obtained":["Madness","Madness"]}],"is_beta":false,"boss_relics":[{"not_picked":["Astrolabe","Tiny House"],"picked":"Runic Dome"},{"not_picked":["SacredBark","Busted Crown"],"picked":"Runic Cube"}],"items_purged_floors":[2,14,38,47,54],"is_endless":false,"potions_floor_spawned":[1,8,16,19,23,25,28,31,36,39,44,46,48],"ascension_level":20}}