{"host":"xd92u7alcwi518yp","time":1607758349,"event":{"mods":["Aspiration","BaseMod","BetterRewards","Colored Map","Colored Powertips","Hubris","Minty Spire (QoL Compilation)","Quick Restart","StSLib"],"gold_per_floor":[114,127,140,90,100,129,148,148,220,220,233,233,247,275,275,379,379,399,143,242,242,261,261,294,25,25,37,37,37,37,50,50,154,154,170,170,188,158,173,173,203,203,203,17,46,66,66,66],"floor_reached":47,"playtime":3594,"items_purged":[],"score":565,"play_id":"7fb9261a-c3d3-4473-b849-024a7fece2ad","local_time":"20201211233229","is_ascension_mode":false,"campfire_choices":[{"data":"Armaments","floor":8,"key":"SMITH"},{"floor":10,"key":"RECALL"},{"data":"Combust","floor":12,"key":"SMITH"},{"data":"Infernal Blade","floor":15,"key":"SMITH"},{"floor":23,"key":"REST"},{"floor":28,"key":"REST"},{"data":"1","floor":30,"key":"LIFT"},{"data":"2","floor":32,"key":"LIFT"},{"data":"3","floor":40,"key":"LIFT"},{"data":"Limit Break","floor":42,"key":"SMITH"}],"circlet_count":0,"master_deck":["Defend_R","Defend_R","Bash","Double Tap","Combust","Armaments+1","Metallicize","Entrench","Combust+1","Flame Barrier","Shrug It Off","Impervious","Cleave","Rage","Infernal Blade+1","hubris:StunningStrike","Iron Wave","J.A.X.","hubris:SharpeningStone+1","Blood for Blood+1","Rupture","Inflame","Cleave","Neutralize","Riddle With Holes","Die Die Die","hubris:ReadiedAction+1","Barricade","hubris:CleavingFinish+1","Headbutt+1","Inflame+1","Heavy Blade+1","Body Slam","Body Slam","Limit Break+1","Spot Weakness","Rupture","Flex","Entrench","Ghostly Armor"],"relics":["Burning Blood","Prayer Wheel","MealTicket","hubris:Backtick","Girya","Ancient Tea Set","Nunchaku","Membership Card","aspiration:FrozenJewel","Singing Bowl","Astrolabe","Akabeko","aspiration:SeaSaltIceCream","aspiration:Nostalgia","Cracked Core","Regal Pillow","Lantern","aspiration:Lifesprig"],"acts_visited":["Exordium","TheCity","TheBeyond"],"potions_floor_usage":[5,6,14,18,27,33,37,39,39,46],"damage_taken":[{"damage":10,"enemies":"Jaw Worm","floor":1,"turns":4},{"damage":8,"enemies":"2 Louse","floor":2,"turns":3},{"damage":5,"enemies":"Small Slimes","floor":3,"turns":5},{"damage":3,"enemies":"Exordium Wildlife","floor":5,"turns":3},{"damage":12,"enemies":"Lagavulin","floor":6,"turns":6},{"damage":7,"enemies":"Blue Slaver","floor":7,"turns":5},{"damage":8,"enemies":"Large Slime","floor":11,"turns":4},{"damage":3,"enemies":"Red Slaver","floor":13,"turns":7},{"damage":18,"enemies":"3 Sentries","floor":14,"turns":5},{"damage":36,"enemies":"Slime Boss","floor":16,"turns":7},{"damage":23,"enemies":"Shell Parasite","floor":18,"turns":9},{"damage":25,"enemies":"Spheric Guardian","floor":22,"turns":6},{"damage":38,"enemies":"Gremlin Leader","floor":24,"turns":8},{"damage":17,"enemies":"Shelled Parasite and Fungi","floor":27,"turns":4},{"damage":13,"enemies":"Snake Plant","floor":31,"turns":3},{"damage":41,"enemies":"Champ","floor":33,"turns":9},{"damage":0,"enemies":"3 Shapes","floor":35,"turns":3},{"damage":9,"enemies":"Orb Walker","floor":37,"turns":4},{"damage":14,"enemies":"Sphere and 2 Shapes","floor":39,"turns":3},{"damage":11,"enemies":"Nemesis","floor":41,"turns":4},{"damage":46,"enemies":"Reptomancer","floor":45,"turns":5},{"damage":32,"enemies":"Writhing Mass","floor":46,"turns":4},{"damage":20,"enemies":"3 Darklings","floor":47,"turns":3}],"seed_played":"-1547217201905255628","potions_obtained":[{"floor":1,"key":"Block Potion"},{"floor":5,"key":"DistilledChaos"},{"floor":7,"key":"PowerPotion"},{"floor":14,"key":"ColorlessPotion"},{"floor":18,"key":"Fire Potion"},{"floor":24,"key":"SmokeBomb"},{"floor":31,"key":"SneckoOil"},{"floor":35,"key":"ElixirPotion"},{"floor":37,"key":"DistilledChaos"},{"floor":38,"key":"DistilledChaos"},{"floor":38,"key":"Dexterity Potion"},{"floor":41,"key":"ElixirPotion"},{"floor":45,"key":"Fire Potion"}],"is_trial":false,"path_per_floor":["M","M","M","?","M","E","M","R","T","R","M","R","M","E","R","B",null,"M","$","?","?","M","R","E","$","T","M","R","?","R","M","R","B",null,"M","?","M","?","M","R","E","R","T","$","E","M","M"],"character_chosen":"IRONCLAD","items_purchased":["Ancient Tea Set","CultistPotion","Membership Card","aspiration:FrozenJewel","Regal Pillow","Lantern","Rupture"],"campfire_rested":2,"item_purchase_floors":[19,19,25,25,44,44,44],"current_hp_per_floor":[76,74,75,75,78,72,71,71,71,71,69,69,72,60,60,30,80,63,78,78,78,59,80,48,63,63,52,76,76,76,71,71,36,82,86,86,83,83,75,75,70,70,70,85,45,19,0,0],"gold":66,"neow_bonus":"ONE_RANDOM_RARE_CARD","is_daily":false,"chose_seed":false,"campfire_upgraded":4,"win_rate":0.0,"timestamp":1607758349,"path_taken":["M","M","M","?","M","E","M","R","T","R","M","R","M","E","R","BOSS","M","$","?","?","M","R","E","$","T","M","R","?","R","?","R","BOSS","M","?","M","?","M","R","E","R","T","$","E","?","M"],"items_purchased_type":["Relic","Potion","Relic","Relic","Relic","Relic","Card"],"build_version":"2020-11-30","purchased_purges":0,"victory":false,"max_hp_per_floor":[80,80,80,80,80,80,80,80,80,80,80,80,80,80,80,80,80,80,80,80,80,80,80,80,80,80,80,80,80,80,82,82,82,82,86,86,86,86,86,86,86,86,86,86,86,86,86,86],"card_choices":[{"not_picked":["Anger","Clothesline"],"picked":"Combust","floor":1},{"not_picked":["Dual Wield","Flame Barrier"],"picked":"Armaments","floor":2},{"not_picked":["Clothesline","Clash"],"picked":"hubris:SharpeningStone","floor":3},{"not_picked":["Dropkick","Clash"],"picked":"Metallicize","floor":5},{"not_picked":["Power Through","Sentinel"],"picked":"Entrench","floor":6},{"not_picked":["True Grit","Dual Wield"],"picked":"Combust","floor":7},{"not_picked":["Iron Wave","Warcry"],"picked":"Flame Barrier","floor":7},{"not_picked":["Hemokinesis","Anger"],"picked":"Shrug It Off","floor":11},{"not_picked":["Power Through","Headbutt"],"picked":"Impervious","floor":11},{"not_picked":["Heavy Blade","Shrug It Off"],"picked":"Cleave","floor":13},{"not_picked":["Blood for Blood","Second Wind"],"picked":"Rage","floor":13},{"not_picked":["Ghostly Armor","Power Through"],"picked":"Infernal Blade","floor":14},{"not_picked":["Impervious","Brutality"],"picked":"hubris:StunningStrike","floor":16},{"not_picked":["Wild Strike+1","Sever Soul"],"picked":"Iron Wave","floor":18},{"not_picked":["Reckless Charge","Clash","Heavy Blade"],"picked":"SKIP","floor":18},{"not_picked":["Heavy Blade","Clash"],"picked":"hubris:SharpeningStone+1","floor":22},{"not_picked":["Pummel","Anger"],"picked":"Blood for Blood+1","floor":22},{"not_picked":["Cleave","Body Slam+1"],"picked":"Rupture","floor":24},{"not_picked":["Armaments","Iron Wave"],"picked":"Inflame","floor":27},{"not_picked":["Dropkick+1","Reckless Charge"],"picked":"Cleave","floor":27},{"not_picked":["Clothesline","Pommel Strike","Feel No Pain+1"],"picked":"Singing Bowl","floor":31},{"not_picked":["Clash","Sword Boomerang"],"picked":"hubris:ReadiedAction+1","floor":31},{"not_picked":["hubris:StunningStrike","Feed"],"picked":"Barricade","floor":33},{"not_picked":["Sever Soul+1","Sword Boomerang","Headbutt"],"picked":"Singing Bowl","floor":35},{"not_picked":["Iron Wave+1","Anger+1","Combust"],"picked":"Singing Bowl","floor":35},{"not_picked":["Iron Wave+1","Body Slam"],"picked":"Heavy Blade+1","floor":37},{"not_picked":["Thunderclap+1","Wild Strike+1"],"picked":"Body Slam","floor":37},{"not_picked":["Thunderclap+1","Havoc"],"picked":"Body Slam","floor":39},{"not_picked":["Dual Wield","Wild Strike"],"picked":"Limit Break","floor":39},{"not_picked":["Juggernaut","Bludgeon"],"picked":"Spot Weakness","floor":41},{"not_picked":["Bludgeon","Dark Embrace"],"picked":"Flex","floor":45},{"not_picked":["Heavy Blade","Blood for Blood"],"picked":"Entrench","floor":46},{"not_picked":["Burning Pact","Iron Wave"],"picked":"Ghostly Armor","floor":46}],"player_experience":307037,"relics_obtained":[{"floor":6,"key":"Prayer Wheel"},{"floor":14,"key":"MealTicket"},{"floor":24,"key":"Nunchaku"},{"floor":26,"key":"Singing Bowl"},{"floor":41,"key":"Akabeko"},{"floor":43,"key":"aspiration:SeaSaltIceCream"},{"floor":45,"key":"aspiration:Lifesprig"}],"event_choices":[{"cards_removed":["Strike_R"],"damage_healed":0,"gold_gain":0,"player_choice":"Card Removal","damage_taken":0,"max_hp_gain":0,"max_hp_loss":0,"event_name":"The Cleric","floor":4,"gold_loss":50},{"damage_healed":0,"gold_gain":99,"player_choice":"Stole From Cult","damage_taken":0,"max_hp_gain":0,"max_hp_loss":0,"event_name":"Nest","floor":20,"gold_loss":0},{"damage_healed":0,"gold_gain":0,"player_choice":"Obtain J.A.X.","damage_taken":0,"max_hp_gain":0,"max_hp_loss":0,"event_name":"Drug Dealer","floor":21,"gold_loss":0,"cards_obtained":["J.A.X."]},{"cards_removed":["Defend_R"],"damage_healed":0,"gold_gain":0,"player_choice":"Removed Skill","damage_taken":0,"max_hp_gain":0,"max_hp_loss":0,"event_name":"Falling","floor":36,"gold_loss":0},{"damage_healed":0,"gold_gain":0,"player_choice":"Bought 2 Potions","damage_taken":0,"max_hp_gain":0,"max_hp_loss":0,"event_name":"The Woman in Blue","floor":38,"gold_loss":0}],"is_beta":false,"boss_relics":[{"not_picked":["hubris:Stopwatch","Runic Dome"],"picked":"hubris:Backtick"},{"not_picked":["aspiration:SecretTechniqueScroll","aspiration:SilentSkillbook"],"picked":"Astrolabe"}],"items_purged_floors":[],"is_endless":false,"potions_floor_spawned":[1,5,7,14,18,24,31,35,37,41,45],"killed_by":"3 Darklings","ascension_level":0}}