{"host":"e9x02d116nyd6j9y","time":1607799303,"event":{"mods":["BaseMod","Minty Spire (QoL Compilation)","SuperFastMode","everything is the same but u backflip on backflip"],"gold_per_floor":[116,127,39,52,70,70,70,84,108,108,162,190,190,190,190,293,293,303,334,334,334,352,387,404,404,404,419,449,449,462,482,482,482,482],"floor_reached":33,"playtime":1451,"items_purged":[],"score":312,"play_id":"df3390a1-1a6e-44a8-bd85-74abd381a913","local_time":"20201213035503","is_ascension_mode":false,"campfire_choices":[{"data":"Rage","floor":7,"key":"SMITH"},{"data":"Cleave","floor":10,"key":"SMITH"},{"data":"Anger","floor":15,"key":"SMITH"},{"floor":25,"key":"REST"},{"floor":29,"key":"REST"},{"floor":32,"key":"REST"}],"circlet_count":0,"master_deck":["Defend_R+1","Defend_R","Defend_R","Defend_R","Bash+1","Cleave+1","Rage+1","Anger","Clash","Anger+1","Headbutt","Double Tap","Shrug It Off","Sword Boomerang+1","Bite","Bite","Bite","Bite","Bite","Clash","Juggernaut","Thunderclap","Pommel Strike+1","Anger+1","Thunderclap+1","Flame Barrier","Cleave"],"relics":["Burning Blood","Toy Ornithopter","Vajra","Potion Belt","Runic Dome","Red Mask","Dream Catcher","Ginger"],"acts_visited":["Exordium","TheCity"],"potions_floor_usage":[33,33],"damage_taken":[{"damage":10,"enemies":"2 Louse","floor":1,"turns":3},{"damage":6,"enemies":"Jaw Worm","floor":2,"turns":3},{"damage":0,"enemies":"Cultist","floor":4,"turns":3},{"damage":10,"enemies":"Blue Slaver","floor":5,"turns":4},{"damage":0,"enemies":"3 Louse","floor":8,"turns":3},{"damage":11,"enemies":"Gremlin Nob","floor":12,"turns":4},{"damage":30,"enemies":"The Guardian","floor":16,"turns":8},{"damage":24,"enemies":"Spheric Guardian","floor":18,"turns":4},{"damage":9,"enemies":"Masked Bandits","floor":19,"turns":4},{"damage":0,"enemies":"3 Byrds","floor":22,"turns":4},{"damage":22,"enemies":"Slavers","floor":23,"turns":3},{"damage":32,"enemies":"Shelled Parasite and Fungi","floor":24,"turns":4},{"damage":7,"enemies":"3 Cultists","floor":27,"turns":4},{"damage":22,"enemies":"Gremlin Leader","floor":28,"turns":5},{"damage":6,"enemies":"Cultist and Chosen","floor":30,"turns":3},{"damage":23,"enemies":"Shelled Parasite and Fungi","floor":31,"turns":4},{"damage":74,"enemies":"Champ","floor":33,"turns":8}],"seed_played":"8028799589615396743","potions_obtained":[{"floor":4,"key":"Strength Potion"},{"floor":12,"key":"BlessingOfTheForge"},{"floor":16,"key":"PowerPotion"},{"floor":18,"key":"BlessingOfTheForge"},{"floor":27,"key":"Energy Potion"},{"floor":30,"key":"Explosive Potion"}],"is_trial":false,"path_per_floor":["M","M","$","M","M","?","R","M","T","R","T","E","?","?","R","B",null,"M","?","?","?","M","E","M","R","T","M","E","R","M","M","R","B"],"character_chosen":"IRONCLAD","items_purchased":["Jack Of All Trades"],"campfire_rested":3,"item_purchase_floors":[3],"current_hp_per_floor":[76,76,76,80,76,76,76,80,80,80,80,75,59,59,59,35,80,62,59,56,56,56,44,30,46,46,49,41,56,56,39,55,0,0],"gold":482,"neow_bonus":"","is_daily":false,"chose_seed":false,"campfire_upgraded":3,"win_rate":0.0,"timestamp":1607799303,"path_taken":["M","M","$","M","M","?","R","M","T","R","?","E","?","?","R","BOSS","M","?","?","?","M","E","?","R","T","M","E","R","M","M","R","BOSS"],"items_purchased_type":["Card"],"build_version":"2020-11-30","purchased_purges":0,"victory":false,"max_hp_per_floor":[80,80,80,80,80,80,80,80,80,80,80,80,80,80,80,80,80,80,80,56,56,56,56,56,56,56,56,56,56,56,56,56,56,56],"card_choices":[{"not_picked":["Disarm","Flex"],"picked":"Cleave","floor":1},{"not_picked":["Anger","Cleave"],"picked":"Rage","floor":2},{"not_picked":["Thunderclap","Dropkick"],"picked":"Anger","floor":4},{"not_picked":["Feel No Pain","Clothesline"],"picked":"Clash","floor":5},{"not_picked":["True Grit","Clothesline"],"picked":"Anger","floor":8},{"not_picked":["Demon Form","Twin Strike"],"picked":"Headbutt","floor":12},{"not_picked":["Demon Form","Corruption"],"picked":"Double Tap","floor":16},{"not_picked":["Battle Trance","Warcry"],"picked":"Shrug It Off","floor":18},{"not_picked":["Second Wind","Body Slam"],"picked":"Sword Boomerang+1","floor":19},{"not_picked":["Body Slam","Dual Wield"],"picked":"Clash","floor":22},{"not_picked":["Armaments","Pommel Strike"],"picked":"Juggernaut","floor":23},{"not_picked":["Pommel Strike","Feel No Pain"],"picked":"Thunderclap","floor":24},{"not_picked":["Inflame","Battle Trance"],"picked":"Pommel Strike+1","floor":27},{"not_picked":["Feel No Pain","Barricade"],"picked":"Anger+1","floor":28},{"not_picked":["Feel No Pain+1","Body Slam+1"],"picked":"Thunderclap+1","floor":29},{"not_picked":["Thunderclap+1","Burning Pact+1"],"picked":"Flame Barrier","floor":30},{"not_picked":["Reckless Charge","Flex","Armaments"],"picked":"SKIP","floor":31},{"not_picked":["Clash","Corruption"],"picked":"Cleave","floor":32}],"player_experience":0,"relics_obtained":[{"floor":9,"key":"Toy Ornithopter"},{"floor":11,"key":"Vajra"},{"floor":12,"key":"Potion Belt"},{"floor":19,"key":"Red Mask"},{"floor":23,"key":"Dream Catcher"},{"floor":28,"key":"Ginger"}],"event_choices":[{"damage_healed":0,"gold_gain":0,"player_choice":"Ignored","damage_taken":0,"max_hp_gain":0,"max_hp_loss":0,"event_name":"Liars Game","floor":6,"gold_loss":0},{"damage_healed":0,"gold_gain":0,"player_choice":"Entered Light","damage_taken":16,"max_hp_gain":0,"max_hp_loss":0,"event_name":"Shining Light","floor":13,"gold_loss":0,"cards_upgraded":["Defend_R","Bash"]},{"cards_removed":["Strike_R"],"damage_healed":0,"gold_gain":0,"player_choice":"Purged","damage_taken":0,"max_hp_gain":0,"max_hp_loss":0,"event_name":"Purifier","floor":14,"gold_loss":0},{"damage_healed":0,"gold_gain":0,"player_choice":"Fought Bandits","damage_taken":0,"max_hp_gain":0,"max_hp_loss":0,"event_name":"Masked Bandits","floor":19,"gold_loss":0},{"damage_healed":0,"gold_gain":0,"player_choice":"Became a vampire","damage_taken":0,"max_hp_gain":0,"max_hp_loss":24,"event_name":"Vampires","floor":20,"gold_loss":0,"cards_obtained":["Bite","Bite","Bite","Bite","Bite"]},{"cards_removed":["Jack Of All Trades"],"damage_healed":0,"gold_gain":0,"player_choice":"Purged","damage_taken":0,"max_hp_gain":0,"max_hp_loss":0,"event_name":"Purifier","floor":21,"gold_loss":0}],"is_beta":false,"boss_relics":[{"not_picked":["Ectoplasm","Coffee Dripper"],"picked":"Runic Dome"}],"items_purged_floors":[],"is_endless":false,"potions_floor_spawned":[4,12,16,18,27,30],"killed_by":"Champ","ascension_level":0}}