{"host":"tmiksjdllv4oe9un","time":1607805526,"event":{"mods":["Act Like it!","BaseMod","BetterRewards","Card Forge","Googly Eyes","Hallownest","Minty Spire (QoL Compilation)","Quick Restart","StSLib"],"gold_per_floor":[111,126,51,51,51,51,80,80,133,144,164,164,124,24,24,122,122,142,142,154,154,154,185,204,15,15,31,80,80,80,35,35,135,135,148,148,148,148],"floor_reached":37,"playtime":1146,"items_purged":["Defend_G","Strike_G"],"score":560,"play_id":"dab36a6c-889d-49e4-9e4b-5ee322d4b3be","local_time":"20201212153846","is_ascension_mode":false,"campfire_choices":[{"floor":6.0,"key":"REST"},{"floor":12.0,"key":"REST"},{"data":"A Thousand Cuts","floor":15.0,"key":"SMITH"},{"floor":32.0,"key":"REST"}],"circlet_count":0,"master_deck":["Strike_G","Defend_G","Survivor","Neutralize+1","Backflip","A Thousand Cuts+1","Adrenaline","Phantasmal Killer+1","Underhanded Strike+1","Finisher+1","Heel Hook+1","Hallownest:attackMasterCycloneSlash+1","Reflex+1","Expertise+1","Mayhem","Dagger Throw+1","Envenom"],"relics":["Ring of the Serpent","Hammer of Thor","Seething Fire","Anvil of the Gods","Molten Egg 2","InkBottle","Blood Vial","Potion Belt","Astrolabe","Oddly Smooth Stone","Darkstone Periapt","Lantern"],"acts_visited":["Hallownest:Greenpath","Hallownest:CityofTears","Hallownest:KingdomsEdge"],"potions_floor_usage":[33,33],"damage_taken":[{"damage":11.0,"enemies":"2_ Uuma","floor":1.0,"turns":5.0},{"damage":4.0,"enemies":"Hallownest:monsterHuskWarrior","floor":2.0,"turns":6.0},{"damage":16.0,"enemies":"Hallownest:monsterMarmu","floor":5.0,"turns":8.0},{"damage":11.0,"enemies":"Hallownest:eliteVengeflyKing","floor":7.0,"turns":11.0},{"damage":0.0,"enemies":"Hallownest:monsterHuskGuard","floor":10.0,"turns":4.0},{"damage":33.0,"enemies":"Hallownest:1_Ooma_and_2_Uuma","floor":11.0,"turns":8.0},{"damage":36.0,"enemies":"Hallownest:BossFalseKnight","floor":16.0,"turns":8.0},{"damage":12.0,"enemies":"Hallownest:2_Mistakes","floor":18.0,"turns":4.0},{"damage":4.0,"enemies":"Hallownest:Flukemon_and_Top","floor":20.0,"turns":3.0},{"damage":13.0,"enemies":"Hallownest:eliteSoulWarrior","floor":23.0,"turns":3.0},{"damage":8.0,"enemies":"Hallownest:2_Husk_Sentries","floor":24.0,"turns":3.0},{"damage":13.0,"enemies":"Hallownest:Master_and_Novice","floor":27.0,"turns":3.0},{"damage":22.0,"enemies":"Hallownest:Glutton_and_Coward","floor":28.0,"turns":4.0},{"damage":18,"enemies":"Hallownest:BossSoulMaster","floor":33,"turns":5},{"damage":26,"enemies":"Hallownest:Shield_Heavy","floor":35,"turns":4},{"damage":54,"enemies":"Hallownest:2_Primals","floor":37,"turns":2}],"seed_played":"-3433462109259201154","potions_obtained":[{"floor":7.0,"key":"PowerPotion"},{"floor":10.0,"key":"Poison Potion"},{"floor":24.0,"key":"Poison Potion"},{"floor":28.0,"key":"ColorlessPotion"}],"is_trial":false,"path_per_floor":["M","M","$","?","?","R","E","T","T","M","M","R","?","$","R","B",null,"M","?","M","?","?","E","M","$","T","M","M","?","$","?","R","B",null,"M","?","?"],"character_chosen":"THE_SILENT","items_purchased":["Molten Egg 2","Mayhem"],"campfire_rested":3,"item_purchase_floors":[0,25],"current_hp_per_floor":[51,47,47,47,31,52,41,41,41,43,12,33,51,51,51,17,70,58,58,56,52,52,41,35,35,35,24,4,4,4,4,25,9,70,44,44,0,0],"gold":148,"neow_bonus":"","is_daily":false,"chose_seed":false,"campfire_upgraded":1,"win_rate":0.0,"timestamp":1607805526,"path_taken":["M","M","?","?","?","R","E","?","T","?","M","R","?","?","R","BOSS","M","?","M","?","?","E","?","$","T","M","M","?","?","?","R","BOSS","M","?","?"],"items_purchased_type":["Relic","Card"],"build_version":"2020-11-30","purchased_purges":2,"victory":false,"max_hp_per_floor":[70,70,70,70,70,70,70,70,70,70,70,70,70,70,70,70,70,70,70,70,70,70,70,70,70,70,70,70,70,70,70,70,70,70,70,70,70,70],"card_choices":[{"not_picked":["Outmaneuver","Deflect","Backflip"],"picked":"SKIP","floor":1.0},{"not_picked":["Dash+1","Dagger Spray+1"],"picked":"Backflip","floor":2.0},{"not_picked":["Dagger Throw+1","PiercingWail","Well Laid Plans"],"picked":"SKIP","floor":7.0},{"not_picked":["Deflect","Outmaneuver","Sucker Punch+1"],"picked":"SKIP","floor":10.0},{"not_picked":["Deflect","Catalyst"],"picked":"A Thousand Cuts","floor":11.0},{"not_picked":["After Image","Tools of the Trade"],"picked":"Adrenaline","floor":16.0},{"not_picked":["Dagger Spray+1","Underhanded Strike+1"],"picked":"Heel Hook+1","floor":18.0},{"not_picked":["PiercingWail","Backflip+1","Outmaneuver"],"picked":"SKIP","floor":20.0},{"not_picked":["Flying Knee+1","Distraction"],"picked":"Reflex+1","floor":23.0},{"not_picked":["Finisher+1","Blade Dance"],"picked":"Expertise+1","floor":24.0},{"not_picked":["Envenom","Dagger Spray+1"],"picked":"Dagger Throw+1","floor":27.0},{"not_picked":["Bouncing Flask","Dash+1","Well Laid Plans"],"picked":"SKIP","floor":28.0},{"not_picked":["Unload+1","A Thousand Cuts"],"picked":"Envenom","floor":33},{"not_picked":["Dodge and Roll+1","Backflip+1","Slice+1"],"picked":"SKIP","floor":35}],"player_experience":4588,"relics_obtained":[{"floor":7.0,"key":"InkBottle"},{"floor":8.0,"key":"Blood Vial"},{"floor":9.0,"key":"Potion Belt"},{"floor":23.0,"key":"Oddly Smooth Stone"},{"floor":26.0,"key":"Darkstone Periapt"}],"event_choices":[],"is_beta":false,"boss_relics":[{"not_picked":["Busted Crown","Velvet Choker"],"picked":"Astrolabe"},{"not_picked":["Cursed Key","HoveringKite"],"picked":"Ring of the Serpent"}],"items_purged_floors":[3,14],"is_endless":false,"potions_floor_spawned":[7,10,24,28],"killed_by":"Hallownest:2_Primals","ascension_level":0}}