{"host":"32tuqnjc9ph8o6ph","time":1607782163,"event":{"mods":["AchievementEnabler","BaseMod","Downfall","Minty Spire (QoL Compilation)","Remilia£®¿Ÿ√◊¿Ú—«£©","StSLib"],"gold_per_floor":[113,38,53,72,88,115,115,149,149,176,76,95,112,112,124,235,247,275,287,332,364,392,404,444,456,468,492,518,530,530],"floor_reached":29,"playtime":2275,"items_purged":["Strike_RM","Strike_RM"],"score":374,"play_id":"d2f6a064-cd22-421c-9c7f-af11549196d3","local_time":"20201212220923","is_ascension_mode":true,"campfire_choices":[{"data":"Stigmanizer","floor":7,"key":"SMITH"},{"data":"HunterOfTheNight","floor":15,"key":"SMITH"},{"data":"ScarletImprint","floor":23,"key":"SMITH"},{"data":"RedMoon","floor":25,"key":"SMITH"}],"circlet_count":0,"master_deck":["Strike_RM","Defend_RM","Defend_RM","Defend_RM","Defend_RM","RedMoon+1","ScarletShoot","Stigmanizer+1","NightDance","EndlessAdversity","HunterOfTheNight+1","LeisurelyOfLord+1","ScarletImprint+1","TransientEternity","DevilSight+1","FavorOfDestiny+1"],"relics":["ScarletHat","Lantern","Kunai","Girya","Dead Branch","MawBank","Sozu","Red Mask","Torii","Letter Opener"],"acts_visited":["Exordium","TheCity"],"potions_floor_usage":[10,16,20],"damage_taken":[{"damage":0,"enemies":"Small Slimes","floor":1,"turns":4},{"damage":0,"enemies":"Jaw Worm","floor":3,"turns":5},{"damage":0,"enemies":"2 Louse","floor":4,"turns":3},{"damage":0,"enemies":"Red Slaver","floor":5,"turns":3},{"damage":23,"enemies":"3 Sentries","floor":6,"turns":14},{"damage":19,"enemies":"Lagavulin","floor":8,"turns":7},{"damage":1,"enemies":"Gremlin Nob","floor":10,"turns":4},{"damage":0,"enemies":"3 Louse","floor":12,"turns":2},{"damage":0,"enemies":"Blue Slaver","floor":13,"turns":1},{"damage":12,"enemies":"The Guardian","floor":16,"turns":10},{"damage":0,"enemies":"3 Byrds","floor":18,"turns":2},{"damage":62,"enemies":"Masked Bandits","floor":20,"turns":7},{"damage":0,"enemies":"Chosen","floor":21,"turns":4},{"damage":5,"enemies":"Centurion and Healer","floor":22,"turns":7},{"damage":11,"enemies":"Book of Stabbing","floor":24,"turns":4},{"damage":7,"enemies":"Snake Plant","floor":27,"turns":4},{"damage":0,"enemies":"Snecko","floor":28,"turns":2},{"damage":19,"enemies":"Sentry and Sphere","floor":29,"turns":3}],"seed_played":"-8048845526019568632","potions_obtained":[{"floor":3,"key":"EntropicBrew"},{"floor":6,"key":"Guardian:BlockOnCardUsePotion"},{"floor":8,"key":"Block Potion"},{"floor":12,"key":"Fire Potion"},{"floor":16,"key":"SneckoOil"}],"is_trial":false,"path_per_floor":["M","$","M","M","M","E","R","E","T","E","$","M","M","?","R","B",null,"M","?","?","M","M","R","E","R","T","M","M","M"],"character_chosen":"REMILIA","items_purchased":[],"campfire_rested":0,"item_purchase_floors":[],"current_hp_per_floor":[75,75,75,75,76,59,59,46,46,47,47,47,47,29,29,30,69,69,69,9,17,18,18,20,20,20,13,16,0,0],"gold":530,"neow_bonus":"TEN_PERCENT_HP_BONUS","is_daily":false,"chose_seed":false,"campfire_upgraded":4,"win_rate":0.0,"timestamp":1607782163,"path_taken":["M","$","M","M","M","E","R","E","T","E","$","M","M","?","R","BOSS","M","?","?","M","M","R","E","R","T","M","M","M"],"items_purchased_type":[],"build_version":"2020-11-30","purchased_purges":2,"victory":false,"max_hp_per_floor":[82,82,82,82,82,82,82,82,82,82,82,82,82,82,82,82,82,82,82,82,82,82,82,82,82,82,82,82,82,82],"card_choices":[{"not_picked":["ScarletDevil","ChainGang"],"picked":"Stigmanizer","floor":1},{"not_picked":["StarOfDavid","MastersStateliness"],"picked":"NightDance","floor":3},{"not_picked":["ChainGang","ScarletSymphony","BombardNight"],"picked":"SKIP","floor":4},{"not_picked":["CeilingFear","MiserableFate","BloodAndWine"],"picked":"SKIP","floor":5},{"not_picked":["BloodyCatastrophe","MillenniumVampire","UnstableMagic"],"picked":"SKIP","floor":6},{"not_picked":["VampireSweep","ScarletGensokyo","ScarletNetherworld"],"picked":"SKIP","floor":8},{"not_picked":["EmergencyRegeneration","VampireSweep"],"picked":"EndlessAdversity","floor":10},{"not_picked":["GlobalNightmare","BloodHunter"],"picked":"HunterOfTheNight","floor":12},{"not_picked":["UnderTheZenith","VampireClaw","NightDance"],"picked":"SKIP","floor":13},{"not_picked":["UltimateOffering+1","Stigmanizer+1"],"picked":"LeisurelyOfLord+1","floor":18},{"not_picked":["UnderTheZenith+1","ScarletGensokyo"],"picked":"ScarletImprint","floor":20},{"not_picked":["LeisurelyOfLord","VampireKiss","UnstableMagic"],"picked":"SKIP","floor":21},{"not_picked":["BloodHunter","ScarletNetherworld","VampireClaw+1"],"picked":"SKIP","floor":22},{"not_picked":["VampirishNight+1","VampireKiss"],"picked":"TransientEternity","floor":24},{"not_picked":["RedRainbow","UnderTheZenith"],"picked":"DevilSight+1","floor":27},{"not_picked":["StarOfDavid","TwelveNightmare"],"picked":"FavorOfDestiny+1","floor":28}],"player_experience":842966,"relics_obtained":[{"floor":6,"key":"Lantern"},{"floor":8,"key":"Kunai"},{"floor":9,"key":"Girya"},{"floor":10,"key":"Dead Branch"},{"floor":20,"key":"Red Mask"},{"floor":24,"key":"Torii"},{"floor":26,"key":"Letter Opener"}],"event_choices":[{"damage_healed":0,"gold_gain":0,"player_choice":"Success","damage_taken":18,"relics_obtained":["MawBank"],"max_hp_gain":0,"max_hp_loss":0,"event_name":"Scrap Ooze","floor":14,"gold_loss":0},{"cards_removed":["Strike_RM"],"damage_healed":0,"gold_gain":0,"player_choice":"Elegance","damage_taken":0,"max_hp_gain":0,"max_hp_loss":0,"event_name":"Back to Basics","floor":19,"gold_loss":0},{"damage_healed":0,"gold_gain":0,"player_choice":"Fought Bandits","damage_taken":0,"max_hp_gain":0,"max_hp_loss":0,"event_name":"Masked Bandits","floor":20,"gold_loss":0}],"is_beta":false,"boss_relics":[{"not_picked":["Velvet Choker","Busted Crown"],"picked":"Sozu"}],"items_purged_floors":[2,11],"is_endless":false,"potions_floor_spawned":[3,6,8,12,13,16,20,21,22,24],"killed_by":"Sentry and Sphere","ascension_level":8}}