{"host":"usewcu4ohw2wtmxk","time":1607797217,"event":{"mods":["AchievementEnabler","BaseMod","BetterRewards","Colored Powertips","Minty Spire (QoL Compilation)","Permanent Neow","Quick Restart","Relic Sorter","Relic Stats","Shop Mod","StSLib","UnlockEverythingMod"],"gold_per_floor":[17,17,42,42,57,57,95,95,95,116,116,154,2,2,2,2,2],"floor_reached":16,"playtime":961,"items_purged":["Strike_R"],"score":196,"play_id":"6e6437f6-1d98-4c3e-90bc-731c297b24ed","local_time":"20201213022017","is_ascension_mode":true,"campfire_choices":[{"data":"Spot Weakness","floor":6.0,"key":"SMITH"},{"data":"Battle Trance","floor":8.0,"key":"SMITH"},{"floor":11.0,"key":"RECALL"},{"data":"Dark Embrace","floor":15,"key":"SMITH"}],"circlet_count":0,"master_deck":["AscendersBane","Strike_R","Strike_R","Defend_R","Defend_R","Defend_R","Defend_R","Bash","Reaper","Battle Trance+1","Spot Weakness+1","True Grit+1","Dark Embrace+1"],"relics":["Burning Blood","Golden Idol","Odd Mushroom","Toxic Egg 2","Blue Candle"],"acts_visited":["Exordium"],"potions_floor_usage":[16],"damage_taken":[{"damage":11.0,"enemies":"Jaw Worm","floor":1.0,"turns":5.0},{"damage":20.0,"enemies":"Small Slimes","floor":3.0,"turns":4.0},{"damage":15.0,"enemies":"2 Louse","floor":5.0,"turns":3.0},{"damage":16.0,"enemies":"The Mushroom Lair","floor":7.0,"turns":3.0},{"damage":1.0,"enemies":"2 Fungi Beasts","floor":10.0,"turns":3.0},{"damage":45,"enemies":"Lagavulin","floor":12,"turns":6},{"damage":43,"enemies":"Slime Boss","floor":16,"turns":8}],"seed_played":"-2665325957706433937","potions_obtained":[{"floor":5.0,"key":"AttackPotion"},{"floor":10.0,"key":"ColorlessPotion"},{"floor":12,"key":"BlessingOfTheForge"}],"is_trial":false,"path_per_floor":["M","?","M","?","M","R","?","R","T","M","R","E","$","?","R","B"],"character_chosen":"IRONCLAD","items_purchased":["Dark Embrace"],"campfire_rested":0,"item_purchase_floors":[13],"current_hp_per_floor":[63,37,30,30,35,35,37,37,37,58,58,34,34,34,34,15,15],"gold":2,"neow_bonus":"THREE_RARE_CARDS","is_daily":false,"chose_seed":false,"campfire_upgraded":3,"win_rate":0.0,"timestamp":1607797217,"path_taken":["M","?","M","?","M","R","?","R","T","M","R","E","$","?","R","BOSS"],"items_purchased_type":["Card"],"build_version":"2020-11-30","purchased_purges":1,"victory":false,"max_hp_per_floor":[75,75,75,75,75,75,75,75,75,75,75,75,75,75,75,75,75],"relic_stats":{"counters":[7,32],"Golden Idol":28,"Blue Candle":[0],"obtain_stats":[{"Golden Idol":2,"Blue Candle":12,"Odd Mushroom":7,"Toxic Egg 2":9,"Burning Blood":0},{"Golden Idol":1,"Blue Candle":6,"Odd Mushroom":4,"Toxic Egg 2":4,"Burning Blood":0},{"Golden Idol":5,"Blue Candle":24,"Odd Mushroom":15,"Toxic Egg 2":15,"Burning Blood":0}],"Burning Blood":36},"card_choices":[{"not_picked":["Double Tap","Demon Form"],"picked":"Reaper","floor":0.0},{"not_picked":["Wild Strike","Ghostly Armor","Clothesline"],"picked":"SKIP","floor":1.0},{"not_picked":["Power Through","True Grit"],"picked":"Battle Trance","floor":3.0},{"not_picked":["Warcry","Uppercut","Sentinel"],"picked":"SKIP","floor":5.0},{"not_picked":["Twin Strike","Headbutt","Entrench+1"],"picked":"SKIP","floor":10.0},{"not_picked":["Perfected Strike","Iron Wave"],"picked":"True Grit+1","floor":12}],"player_experience":246019,"relics_obtained":[{"floor":7.0,"key":"Odd Mushroom"},{"floor":9.0,"key":"Toxic Egg 2"},{"floor":12,"key":"Blue Candle"}],"event_choices":[{"damage_healed":0.0,"max_hp_gain":0.0,"max_hp_loss":0.0,"gold_gain":0.0,"event_name":"Golden Idol","player_choice":"Take Damage","floor":2.0,"gold_loss":0.0,"damage_taken":26.0,"relics_obtained":["Golden Idol"]},{"damage_healed":0.0,"max_hp_gain":0.0,"max_hp_loss":0.0,"gold_gain":0.0,"cards_transformed":["Strike_R"],"event_name":"Living Wall","player_choice":"Change","floor":4.0,"gold_loss":0.0,"damage_taken":0.0,"cards_obtained":["Spot Weakness"]},{"damage_healed":0.0,"max_hp_gain":0.0,"max_hp_loss":0.0,"gold_gain":0.0,"event_name":"Mushrooms","player_choice":"Fought Mushrooms","floor":7.0,"gold_loss":0.0,"damage_taken":0.0},{"cards_removed":["Strike_R"],"damage_healed":0,"gold_gain":0,"player_choice":"Offered Basic","damage_taken":0,"max_hp_gain":0,"max_hp_loss":0,"event_name":"Bonfire Elementals","floor":14,"gold_loss":0}],"is_beta":false,"boss_relics":[],"items_purged_floors":[13],"is_endless":false,"potions_floor_spawned":[5,10,12],"killed_by":"Slime Boss","ascension_level":20}}