{"host":"bbld1ic1uj90ldt9","time":1607755547,"event":{"mods":["2.2 Compatiblity","AchievementEnabler","Act Like it!","BaseMod","Better Third Choice","Conspire","Downfall","Emptier Cage","Gensokyo","Hallownest","Hermit","Highlight Path","Hubris","Marisa????????","Minty Spire (QoL Compilation)","Random Character Button","Replay The Spire","StSLib","The Animator","The Bug Knight","The Cursed","The Disciple","The Hierophant","The Jungle","The Runesmith","The Servant 0.9.4"],"gold_per_floor":[112,124,124,135,135,167,178,178,178,178,178,178,178,189,202,127,127,229,229,248,248,248,258,11,11,41,41,41,41,54,54,74,94,94,194,194,209,90,101,66,82,82,102,122,122,140,172,203,218,218,218,218,218,218,39,71,71],"floor_reached":56,"playtime":13395,"items_purged":["Strike_P","Strike_P"],"score":801,"play_id":"b1d855b9-8c1e-4c47-a561-62fc44213673","local_time":"20201212074547","is_ascension_mode":false,"campfire_choices":[{"floor":8.0,"key":"RECALL"},{"data":"FlurryOfBlows","floor":17.0,"key":"SMITH"},{"data":"Judgement","floor":25.0,"key":"SMITH"},{"data":"DevaForm","floor":27.0,"key":"SMITH"},{"data":"FlurryOfBlows","floor":31.0,"key":"SMITH"},{"data":"theJungle:PetSnecko","floor":34.0,"key":"SMITH"},{"data":"Alpha","floor":42.0,"key":"SMITH"},{"data":"Strike_P","floor":51.0,"key":"PURGE"},{"data":"DevaForm","floor":54.0,"key":"SMITH"}],"circlet_count":0,"master_deck":["Strike_P","Defend_P","Defend_P","Defend_P","Vigilance","EmptyBody","Perseverance","FlurryOfBlows+1","EmptyMind","FlurryOfBlows+1","FearNoEvil","WheelKick","Judgement+1","Protect","theJungle:PetSnecko+1","Crescendo","DevaForm+1","EmptyBody","FlurryOfBlows+1","Halt","Alpha+1","FollowUp","Protect+1","BattleHymn","Replay:Vibes+1","WindmillStrike","FlurryOfBlows+1","Crescendo","Vault","EmptyMind","FollowUp+1","Sanctity+1","EmptyMind","DevaForm+1","CrushJoints","BattleHymn+1"],"relics":["Coffee Dripper","Gensokyo:Mercy","Oddly Smooth Stone","Gensokyo:PerfectCherryBlossom","Black Star","Snack Pack","conspire:TreasureMap","ReplayTheSpireMod:Shallot","hubris:SlimyHat","ReplayTheSpireMod:TigerMarble","Painkiller Herb","conspire:DecoderRing","Centennial Puzzle","Peace Pipe","Mango","HandDrill","conspire:Dentures"],"acts_visited":["Gensokyo:Gensokyo","theJungle:Jungle","TheBeyond","TheEnding"],"potions_floor_usage":[],"damage_taken":[{"damage":0.0,"enemies":"Gensokyo:2_Kodama","floor":1.0,"turns":4.0},{"damage":1.0,"enemies":"Gensokyo:Python","floor":2.0,"turns":4.0},{"damage":0.0,"enemies":"Gensokyo:3_Fairies","floor":4.0,"turns":6.0},{"damage":63.0,"enemies":"Gensokyo:Aya","floor":6.0,"turns":16.0},{"damage":0.0,"enemies":"Gensokyo:2_Rabbits","floor":7.0,"turns":7.0},{"damage":0.0,"enemies":"Gensokyo:Gryphon_and_Rabbit","floor":14.0,"turns":3.0},{"damage":0.0,"enemies":"Gensokyo:Kitsune","floor":15.0,"turns":4.0},{"damage":5.0,"enemies":"Gensokyo:Kokoro","floor":18.0,"turns":13.0},{"damage":0.0,"enemies":"theJungle:GiantWrat","floor":20.0,"turns":5.0},{"damage":4.0,"enemies":"theJungle:MUSHROOMGANG","floor":23.0,"turns":3.0},{"damage":31.0,"enemies":"theJungle:Cassacara","floor":26.0,"turns":9.0},{"damage":0.0,"enemies":"theJungle:2_Snecko_Cultists","floor":30.0,"turns":4.0},{"damage":0.0,"enemies":"theJungle:JungleHuntersEncounter","floor":32.0,"turns":4.0},{"damage":6.0,"enemies":"theJungle:SlimyTreeVines","floor":33.0,"turns":4.0},{"damage":0.0,"enemies":"theJungle:QueenSpyder","floor":35.0,"turns":11.0},{"damage":6.0,"enemies":"3 Darklings","floor":37.0,"turns":5.0},{"damage":0.0,"enemies":"Orb Walker","floor":39.0,"turns":3.0},{"damage":0.0,"enemies":"Sphere and 2 Shapes","floor":41.0,"turns":4.0},{"damage":3.0,"enemies":"Jaw Worm Horde","floor":43.0,"turns":5.0},{"damage":0.0,"enemies":"3 Darklings","floor":44.0,"turns":5.0},{"damage":0.0,"enemies":"Transient","floor":46.0,"turns":6.0},{"damage":12.0,"enemies":"conspire:MimicChest","floor":47.0,"turns":6.0},{"damage":2.0,"enemies":"Reptomancer","floor":48.0,"turns":5.0},{"damage":0.0,"enemies":"Maw","floor":49.0,"turns":7.0},{"damage":36.0,"enemies":"Awakened One","floor":52.0,"turns":10.0},{"damage":44.0,"enemies":"Shield and Spear","floor":56.0,"turns":5.0}],"seed_played":"5427988015619463072","potions_obtained":[{"floor":2.0,"key":"Block Potion"},{"floor":4.0,"key":"Reflective Coating"},{"floor":14.0,"key":"Explosive Potion"},{"floor":20.0,"key":"BottledMiracle"},{"floor":33.0,"key":"Elixir"},{"floor":39.0,"key":"sneckomod:MuddlingPotion"},{"floor":41.0,"key":"Dexterity Potion"},{"floor":46.0,"key":"Fire Potion"},{"floor":48.0,"key":"Death Potion"},{"floor":49.0,"key":"SkillPotion"}],"is_trial":false,"path_per_floor":["M","M","?","M","?","E","M","R","PTL","PTL","T","?","?","M","M","$","R","B",null,"M","?","T","M","$","R","E","R","T","?","M","R","M","M","R","B",null,"?","T","?","T","?","T","?","?","T","?","?","E","?","?","T","B",null,"T","T","E"],"character_chosen":"WATCHER","items_purchased":["conspire:TreasureMap","Protect+1","BattleHymn","WindmillStrike","HandDrill","CrushJoints"],"campfire_rested":0,"item_purchase_floors":[24,38,38,40,55,55],"current_hp_per_floor":[72,71,74,74,74,11,11,11,11,11,21,21,21,21,21,21,21,16,85,85,85,85,85,85,85,66,66,66,66,68,68,72,77,77,85,85,83,83,85,85,85,85,84,85,85,85,77,99,99,99,99,81,99,99,99,67,67],"gold":71,"neow_bonus":"BOSS_RELIC","is_daily":false,"chose_seed":false,"campfire_upgraded":7,"win_rate":0.0,"timestamp":1607755547,"path_taken":["M","M","?","M","?","E","M","R","PTL","PTL","T","?","?","?","M","$","R","BOSS","M","?","?","M","$","R","E","R","T","?","M","R","?","M","R","BOSS","?","T","?","T","?","T","?","?","T","?","?","E","?","?","T","BOSS","T","T","E"],"items_purchased_type":["Relic","Card","Card","Card","Relic","Card"],"build_version":"2020-11-30","purchased_purges":2,"victory":false,"max_hp_per_floor":[72,72,75,75,75,75,75,75,75,75,85,85,85,85,85,85,85,85,85,85,85,85,85,85,85,85,85,85,85,85,85,85,85,85,85,85,85,85,85,85,85,85,85,85,85,85,85,99,99,99,99,99,99,99,99,99,99],"card_choices":[{"not_picked":["Replay:BluntJabs","WindmillStrike"],"picked":"EmptyBody","floor":1.0},{"not_picked":["EmptyBody","FlyingSleeves"],"picked":"Perseverance","floor":2.0},{"not_picked":["Indignation","CrushJoints"],"picked":"FlurryOfBlows","floor":4.0},{"not_picked":["CutThroughFate","Replay:Cycle"],"picked":"EmptyMind","floor":6.0},{"not_picked":["PathToVictory","Wallop"],"picked":"FlurryOfBlows","floor":7.0},{"not_picked":["Replay:Vibes","ThirdEye"],"picked":"FearNoEvil","floor":14.0},{"not_picked":["SashWhip","CarveReality"],"picked":"WheelKick","floor":15.0},{"not_picked":["Blasphemy","Vault"],"picked":"Judgement","floor":18.0},{"not_picked":["CarveReality","CutThroughFate+1"],"picked":"Protect","floor":20.0},{"not_picked":["BowlingBash","Meditate"],"picked":"Crescendo","floor":23.0},{"not_picked":["BowlingBash","SashWhip"],"picked":"DevaForm","floor":26.0},{"not_picked":["Protect","JustLucky"],"picked":"EmptyBody","floor":30.0},{"not_picked":["ForeignInfluence","BattleHymn+1"],"picked":"FlurryOfBlows+1","floor":32.0},{"not_picked":["Replay:BluntJabs","Replay:AtTheReady"],"picked":"Halt","floor":33.0},{"not_picked":["Establishment","LessonLearned"],"picked":"Alpha","floor":35.0},{"not_picked":["JustLucky+1","Replay:Cycle+1"],"picked":"FollowUp","floor":37.0},{"not_picked":["Replay:Hum","ForeignInfluence"],"picked":"Replay:Vibes+1","floor":39.0},{"not_picked":["EmptyFist+1","EmptyBody"],"picked":"FlurryOfBlows+1","floor":41.0},{"not_picked":["CutThroughFate+1","SashWhip"],"picked":"Crescendo","floor":43.0},{"not_picked":["FlyingSleeves+1","Meditate+1"],"picked":"Vault","floor":44.0},{"not_picked":["Halt","Collect"],"picked":"EmptyMind","floor":46.0},{"not_picked":["Replay:Hum+1","JustLucky"],"picked":"FollowUp+1","floor":47.0},{"not_picked":["FlyingSleeves+1","JustLucky+1"],"picked":"Sanctity+1","floor":48.0},{"not_picked":["Replay:AtTheReady+1","Swivel"],"picked":"EmptyMind","floor":49.0},{"not_picked":["Replay:ManipulateFuture+1","ConjureBlade"],"picked":"BattleHymn+1","floor":56}],"player_experience":2063864,"relics_obtained":[{"floor":6.0,"key":"Oddly Smooth Stone"},{"floor":11.0,"key":"Pear"},{"floor":22.0,"key":"Snack Pack"},{"floor":26.0,"key":"ReplayTheSpireMod:Shallot"},{"floor":26.0,"key":"hubris:SlimyHat"},{"floor":29.0,"key":"ReplayTheSpireMod:TigerMarble"},{"floor":45.0,"key":"conspire:DecoderRing"},{"floor":47.0,"key":"Centennial Puzzle"},{"floor":48.0,"key":"Peace Pipe"},{"floor":48.0,"key":"Mango"},{"floor":56,"key":"conspire:Dentures"}],"event_choices":[{"damage_healed":0.0,"max_hp_gain":0.0,"max_hp_loss":0.0,"gold_gain":0.0,"event_name":"Wheel of Change","player_choice":"Relic","floor":29.0,"gold_loss":0.0,"damage_taken":0.0},{"damage_healed":0.0,"max_hp_gain":0.0,"max_hp_loss":0.0,"gold_gain":0.0,"event_name":"Match and Keep!","player_choice":"1 cards matched","floor":50.0,"gold_loss":0.0,"damage_taken":0.0,"cards_obtained":["DevaForm"]}],"is_beta":false,"boss_relics":[{"not_picked":["Replay:Wanted Poster","Replay:Drink Me"],"picked":"Black Star"},{"not_picked":["Kintsugi","Velvet Choker"],"picked":"Painkiller Herb"}],"items_purged_floors":[16,24],"is_endless":false,"potions_floor_spawned":[2,4,14,20,33,39,41,46,48,49],"killed_by":"Shield and Spear","ascension_level":0}}