{"host":"65bhxfoqsqjg61le","time":1607813435,"event":{"mods":["2.2 Compatiblity","AchievementEnabler","BaseMod","Better Third Choice","Colored Powertips","Conspire","DeckTracker","Downfall","Energized Spire","GifTheSpireLib","Googly Eyes","Hubris","Infinite Spire","Minty Spire (QoL Compilation)","Quick Restart","RRrroohrrRGHHhhh!!","Random Character Button","Rare Cards Sparkle","Replay The Spire","Shade Mod","StSLib","Stuff the Spire","The IronCluck","Wandering Minibosses","egg","everything is the same but u backflip on backflip","slay the spire mod where everything is the same but ironclad has a cowboy hat","thorton"],"gold_per_floor":[99,99,125,125,137,163,163,163,163],"floor_reached":8,"playtime":422,"items_purged":[],"score":87,"play_id":"1a05ee2b-8eb0-429e-b38e-ccfe8872e393","local_time":"20201212175035","is_ascension_mode":false,"campfire_choices":[{"floor":1,"key":"RECALL"}],"circlet_count":0,"master_deck":["hexamod:Strike+1","hexamod:Strike","hexamod:Strike","hexamod:Strike","hexamod:Defend","hexamod:Defend","hexamod:Defend","hexamod:Defend","hexamod:Sear","hexamod:Float","hexamod:FastForward","hexamod:SixthSeal","hexamod:RecurringNightmare"],"relics":["hexamod:SpiritBrand","downfall:HeartsMalice","infinitespire:Lychee Nut","Replay:Multitool"],"acts_visited":["Exordium"],"potions_floor_usage":[6],"damage_taken":[{"damage":0,"enemies":"Cultist","floor":2,"turns":1},{"damage":0,"enemies":"3 Sentries","floor":3,"turns":1},{"damage":0,"enemies":"Small Slimes","floor":4,"turns":1},{"damage":0,"enemies":"2 Louse","floor":5,"turns":3},{"damage":22,"enemies":"Lagavulin","floor":6,"turns":9},{"damage":37,"enemies":"3 Sentries","floor":8,"turns":12}],"seed_played":"3765389181169097474","potions_obtained":[{"floor":5,"key":"Venom Potion"}],"is_trial":false,"path_per_floor":["R","M","E","M","M","E","T","E"],"character_chosen":"THE_SPIRIT","items_purchased":[],"campfire_rested":0,"item_purchase_floors":[],"current_hp_per_floor":[70,70,52,52,52,30,30,0,0],"gold":163,"neow_bonus":"THREE_ENEMY_KILL","is_daily":false,"chose_seed":false,"campfire_upgraded":0,"win_rate":0.0,"timestamp":1607813435,"path_taken":["R","M","E","M","M","E","T","E"],"items_purchased_type":[],"build_version":"2020-11-30","purchased_purges":0,"victory":false,"max_hp_per_floor":[70,70,52,52,52,52,52,52,52],"card_choices":[{"not_picked":["hexamod:GhostShield","hexamod:DynamicBlow"],"picked":"hexamod:FastForward","floor":2},{"not_picked":["hexamod:HeatMetal","hexamod:InspiringFlames"],"picked":"hexamod:SixthSeal","floor":3},{"not_picked":["hexamod:GhostLash","hexamod:Firestarter","hexamod:ThermalTransfer"],"picked":"SKIP","floor":4},{"not_picked":["hexamod:Firestarter","hexamod:BurningTouch","hexamod:SwordOfDarkness"],"picked":"SKIP","floor":5},{"not_picked":["hexamod:NightmareGuise","hexamod:EtherealExpedition"],"picked":"hexamod:RecurringNightmare","floor":6}],"player_experience":1006422,"relics_obtained":[{"floor":3,"key":"infinitespire:Lychee Nut"},{"floor":6,"key":"Replay:Multitool"}],"event_choices":[],"is_beta":false,"boss_relics":[],"items_purged_floors":[],"is_endless":false,"potions_floor_spawned":[5],"killed_by":"3 Sentries","ascension_level":0}}