{"host":"u0m9wcerzdqt9t83","time":1607741110,"event":{"mods":["AchievementEnabler","BaseMod","BetterRewards","Colored Map","DeckTracker","Hermit","Minty Spire (QoL Compilation)","Rare Cards Sparkle","Shade Mod","StSLib"],"gold_per_floor":[110,110,129,129,144,177,177,187,187,198,198,198,198,238,238,359,359,377,377,377,391,391,391,410,70,147,180,194,235,256,292,292,412,412,427,488,513,513,513,513,552,568,614,626,653,728,781,811,823,835,835],"floor_reached":50,"playtime":3186,"items_purged":[],"score":920,"play_id":"4f4759c3-02a1-4e5c-b153-4c44476b64d7","local_time":"20201211214510","daily_mods":["SealedDeck","Green Cards","Heirloom"],"is_ascension_mode":false,"campfire_choices":[{"floor":7.0,"key":"REST"},{"floor":11.0,"key":"REST"},{"floor":15.0,"key":"REST"},{"floor":23,"key":"REST"},{"floor":32,"key":"REST"},{"data":"Adrenaline","floor":40,"key":"SMITH"},{"data":"Storm of Steel","floor":49,"key":"SMITH"}],"circlet_count":0,"master_deck":["Poisoned Stab","Terror","Caltrops","Backflip","Cloak And Dagger","Outmaneuver","Blade Dance","Outmaneuver","Blade Dance","Accuracy","Noxious Fumes","Blade Dance","Outmaneuver","Outmaneuver","Masterful Stab","All Out Attack","Burst","Backstab+1","RitualDagger","Blade Dance+1","Cloak And Dagger+1","Accuracy","Flying Knee","Flash of Steel","Adrenaline+1","Backflip+1","Blade Dance","Glass Knife","Storm of Steel+1","Phantasmal Killer","Blade Dance+1","Deadly Poison","Thinking Ahead","Finisher","Flying Knee+1","Blade Dance","Acrobatics+1","Outmaneuver+1","Cloak And Dagger+1"],"relics":["Ring of the Serpent","CaptainsWheel","Orichalcum","Bottled Tornado","White Beast Statue","Golden Idol","Blood Vial","Philosopher\u0027s Stone","Enchiridion","Bronze Scales","HornCleat","Pen Nib","The Specimen","Du-Vu Doll","Lizard Tail","Turnip","MawBank","Pantograph","Ginger","Tough Bandages"],"acts_visited":["Exordium","TheCity","TheBeyond"],"potions_floor_usage":[18,33,33,33,36,37,45,45,46,47,47,50,50],"damage_taken":[{"damage":7.0,"enemies":"Small Slimes","floor":1.0,"turns":2.0},{"damage":5.0,"enemies":"Jaw Worm","floor":3.0,"turns":2.0},{"damage":0.0,"enemies":"2 Louse","floor":5.0,"turns":2.0},{"damage":17.0,"enemies":"Gremlin Nob","floor":6.0,"turns":3.0},{"damage":7.0,"enemies":"Red Slaver","floor":8.0,"turns":2.0},{"damage":7.0,"enemies":"Blue Slaver","floor":10.0,"turns":3.0},{"damage":0.0,"enemies":"Lagavulin","floor":14.0,"turns":4.0},{"damage":28.0,"enemies":"The Guardian","floor":16.0,"turns":5.0},{"damage":10,"enemies":"Shell Parasite","floor":18,"turns":4},{"damage":16,"enemies":"2 Thieves","floor":21,"turns":3},{"damage":2,"enemies":"Centurion and Healer","floor":24,"turns":2},{"damage":12,"enemies":"Gremlin Leader","floor":27,"turns":4},{"damage":0,"enemies":"Snecko","floor":28,"turns":3},{"damage":16,"enemies":"Slavers","floor":29,"turns":3},{"damage":6,"enemies":"Cultist and Chosen","floor":30,"turns":2},{"damage":0,"enemies":"Book of Stabbing","floor":31,"turns":2},{"damage":11,"enemies":"Champ","floor":33,"turns":4},{"damage":10,"enemies":"Orb Walker","floor":35,"turns":2},{"damage":5,"enemies":"2 Orb Walkers","floor":36,"turns":2},{"damage":10,"enemies":"3 Shapes","floor":37,"turns":2},{"damage":0,"enemies":"Reptomancer","floor":41,"turns":3},{"damage":0,"enemies":"Sphere and 2 Shapes","floor":42,"turns":2},{"damage":12,"enemies":"Maw","floor":45,"turns":3},{"damage":0,"enemies":"Mind Bloom Boss Battle","floor":46,"turns":2},{"damage":9,"enemies":"Nemesis","floor":47,"turns":3},{"damage":11,"enemies":"3 Darklings","floor":48,"turns":2},{"damage":109,"enemies":"Time Eater","floor":50,"turns":7}],"seed_played":"3100307043514611709","potions_obtained":[{"floor":1.0,"key":"SteroidPotion"},{"floor":6.0,"key":"LiquidMemories"},{"floor":10.0,"key":"Ancient Potion"},{"floor":14.0,"key":"LiquidMemories"},{"floor":16.0,"key":"Block Potion"},{"floor":18,"key":"SteroidPotion"},{"floor":21,"key":"Dexterity Potion"},{"floor":27,"key":"Poison Potion"},{"floor":33,"key":"Swift Potion"},{"floor":35,"key":"Block Potion"},{"floor":36,"key":"SteroidPotion"},{"floor":37,"key":"EssenceOfSteel"},{"floor":41,"key":"AttackPotion"},{"floor":45,"key":"FearPotion"},{"floor":46,"key":"DistilledChaos"},{"floor":47,"key":"LiquidMemories"},{"floor":48,"key":"Swift Potion"}],"is_trial":true,"path_per_floor":["M","?","M","?","M","E","R","M","T","M","R","?","?","E","R","B",null,"M","?","?","M","?","R","M","$","T","E","M","E","M","E","R","B",null,"M","?","M","?","?","R","E","M","T","T","M","?","E","M","R","B"],"character_chosen":"THE_SILENT","items_purchased":["Accuracy","Flying Knee","Flash of Steel","Bronze Scales"],"campfire_rested":5,"item_purchase_floors":[25,25,25,25],"current_hp_per_floor":[63,63,58,46,46,29,50,43,43,36,57,40,40,40,61,35,70,60,54,54,40,24,45,45,45,45,35,37,23,19,21,42,33,70,60,57,49,49,49,49,51,53,53,53,43,66,57,48,48,0,0],"gold":835,"neow_bonus":"","is_daily":false,"chose_seed":false,"campfire_upgraded":2,"win_rate":0.0,"timestamp":1607741110,"path_taken":["M","?","M","?","M","E","R","M","T","M","R","?","?","E","R","BOSS","M","?","?","M","?","R","M","$","T","E","M","E","M","E","R","BOSS","M","?","M","?","?","R","E","?","T","?","?","?","E","M","R","BOSS"],"items_purchased_type":["Card","Card","Card","Relic"],"build_version":"2020-11-30","purchased_purges":0,"victory":false,"max_hp_per_floor":[70,70,70,70,70,70,70,70,70,70,70,70,70,70,70,70,70,70,70,70,70,70,70,70,70,70,70,70,70,70,70,70,70,70,70,70,70,70,66,66,66,66,66,66,66,66,66,66,66,66,66],"card_choices":[{"not_picked":["Slice","Expertise"],"picked":"Noxious Fumes","floor":1.0},{"not_picked":["Flying Knee","Sucker Punch"],"picked":"Blade Dance","floor":3.0},{"not_picked":["Terror","Caltrops"],"picked":"Outmaneuver","floor":5.0},{"not_picked":["Acrobatics","Deflect"],"picked":"Outmaneuver","floor":6.0},{"not_picked":["Bane","Acrobatics"],"picked":"Well Laid Plans","floor":8.0},{"not_picked":["Bouncing Flask","Slice"],"picked":"Masterful Stab","floor":10.0},{"not_picked":["Dodge and Roll","Leg Sweep"],"picked":"Underhanded Strike","floor":14.0},{"not_picked":["Wraith Form v2","Grand Finale"],"picked":"Burst","floor":16.0},{"not_picked":["Expertise","Flying Knee"],"picked":"Backstab+1","floor":18},{"not_picked":["Dodge and Roll","Bouncing Flask"],"picked":"Blade Dance+1","floor":21},{"not_picked":["Sucker Punch","Prepared"],"picked":"Cloak And Dagger+1","floor":24},{"not_picked":["Prepared","Blur"],"picked":"Adrenaline","floor":27},{"not_picked":["Poisoned Stab","Outmaneuver"],"picked":"Backflip+1","floor":28},{"not_picked":["Acrobatics","Dagger Spray"],"picked":"Blade Dance","floor":29},{"not_picked":["Skewer","Outmaneuver"],"picked":"Glass Knife","floor":30},{"not_picked":["Terror","Die Die Die"],"picked":"Storm of Steel","floor":31},{"not_picked":["Night Terror","Doppelganger"],"picked":"Phantasmal Killer","floor":33},{"not_picked":["Escape Plan","Quick Slash","Underhanded Strike"],"picked":"SKIP","floor":35},{"not_picked":["Tactician+1","Noxious Fumes"],"picked":"Blade Dance+1","floor":36},{"not_picked":["Dagger Throw","Dagger Spray"],"picked":"Deadly Poison","floor":37},{"not_picked":["The Bomb","Good Instincts"],"picked":"Thinking Ahead","floor":38},{"not_picked":["Terror+1","Backstab"],"picked":"Finisher","floor":41},{"not_picked":["Calculated Gamble","Skewer"],"picked":"Flying Knee+1","floor":42},{"not_picked":["Flying Knee","Dodge and Roll+1"],"picked":"Blade Dance","floor":45},{"not_picked":["Dagger Throw","Cloak And Dagger"],"picked":"Acrobatics+1","floor":46},{"not_picked":["Masterful Stab","Storm of Steel"],"picked":"Outmaneuver+1","floor":47},{"not_picked":["Bane","Dodge and Roll+1"],"picked":"Cloak And Dagger+1","floor":48}],"player_experience":350727,"relics_obtained":[{"floor":6.0,"key":"Bottled Tornado"},{"floor":9.0,"key":"White Beast Statue"},{"floor":14.0,"key":"Blood Vial"},{"floor":22,"key":"Enchiridion"},{"floor":26,"key":"HornCleat"},{"floor":27,"key":"Pen Nib"},{"floor":29,"key":"The Specimen"},{"floor":31,"key":"Du-Vu Doll"},{"floor":36,"key":"Lizard Tail"},{"floor":41,"key":"Turnip"},{"floor":43,"key":"MawBank"},{"floor":44,"key":"Pantograph"},{"floor":46,"key":"Ginger"},{"floor":47,"key":"Tough Bandages"}],"event_choices":[{"damage_healed":0.0,"max_hp_gain":0.0,"max_hp_loss":0.0,"gold_gain":0.0,"event_name":"The Cleric","player_choice":"Leave","floor":2.0,"gold_loss":0.0,"damage_taken":0.0},{"damage_healed":0.0,"max_hp_gain":0.0,"max_hp_loss":0.0,"gold_gain":0.0,"event_name":"Scrap Ooze","player_choice":"Success","floor":4.0,"gold_loss":0.0,"damage_taken":12.0,"relics_obtained":["Orichalcum"]},{"damage_healed":0.0,"max_hp_gain":0.0,"max_hp_loss":0.0,"gold_gain":0.0,"event_name":"Golden Idol","player_choice":"Take Damage","floor":12.0,"gold_loss":0.0,"damage_taken":17.0,"relics_obtained":["Golden Idol"]},{"damage_healed":0.0,"max_hp_gain":0.0,"max_hp_loss":0.0,"gold_gain":0.0,"cards_transformed":["Well Laid Plans"],"event_name":"Transmorgrifier","player_choice":"Transformed","floor":13.0,"gold_loss":0.0,"damage_taken":0.0,"cards_obtained":["All Out Attack"]},{"damage_healed":0,"gold_gain":0,"player_choice":"Joined the Cult","damage_taken":6,"max_hp_gain":0,"max_hp_loss":0,"event_name":"Nest","floor":19,"gold_loss":0,"cards_obtained":["RitualDagger"]},{"cards_removed":["Underhanded Strike"],"damage_healed":0,"gold_gain":0,"player_choice":"Elegance","damage_taken":0,"max_hp_gain":0,"max_hp_loss":0,"event_name":"Back to Basics","floor":20,"gold_loss":0},{"damage_healed":0,"gold_gain":0,"player_choice":"Obtained Book","damage_taken":16,"max_hp_gain":0,"max_hp_loss":0,"event_name":"Cursed Tome","floor":22,"gold_loss":0},{"damage_healed":0,"gold_gain":0,"player_choice":"Fight","damage_taken":0,"max_hp_gain":0,"max_hp_loss":0,"event_name":"Mysterious Sphere","floor":36,"gold_loss":0},{"damage_healed":0,"gold_gain":0,"player_choice":"Memory 1","damage_taken":0,"max_hp_gain":0,"max_hp_loss":0,"event_name":"SensoryStone","floor":38,"gold_loss":0},{"damage_healed":0,"gold_gain":0,"player_choice":"Max HP","damage_taken":0,"max_hp_gain":0,"max_hp_loss":4,"event_name":"Winding Halls","floor":39,"gold_loss":0},{"damage_healed":0,"gold_gain":0,"player_choice":"Fight","damage_taken":0,"max_hp_gain":0,"max_hp_loss":0,"event_name":"MindBloom","floor":46,"gold_loss":0}],"is_beta":false,"boss_relics":[{"not_picked":["Coffee Dripper","Busted Crown"],"picked":"Philosopher\u0027s Stone"},{"not_picked":["Cursed Key","Snecko Eye"],"picked":"Ring of the Serpent"}],"items_purged_floors":[],"is_endless":true,"potions_floor_spawned":[1,6,10,14,16,18,21,24,27,28,29,30,31,33,35,36,37,41,42,45,46,47,48],"killed_by":"Time Eater","ascension_level":0}}