{"host":"e2ju6k0wppswbhbd","time":1607733074,"event":{"mods":["BaseMod","Minty Spire (QoL Compilation)","Rare Cards Sparkle","StSLib"],"gold_per_floor":[110,130,146,160,160,187,187,217,217,217,232,232,245,263,263,263,263],"floor_reached":16,"playtime":1893,"items_purged":[],"score":114,"play_id":"43469c26-9c3c-45df-ae4b-c90d02e0bb26","local_time":"20201212013114","is_ascension_mode":false,"campfire_choices":[{"floor":7,"key":"REST"},{"floor":10,"key":"REST"},{"floor":15,"key":"RECALL"}],"circlet_count":0,"master_deck":["Strike_G","Strike_G","Strike_G","Strike_G+1","Strike_G+1","Defend_G","Defend_G","Defend_G","Defend_G","Defend_G","Survivor","Neutralize","Flying Knee","Backflip","Cloak And Dagger","Caltrops","Tactician","Calculated Gamble","Prepared","Slice"],"relics":["Ring of the Snake","Lantern","Letter Opener","Happy Flower"],"acts_visited":["Exordium"],"potions_floor_usage":[4,8,13,16],"damage_taken":[{"damage":0,"enemies":"Jaw Worm","floor":1,"turns":5},{"damage":0,"enemies":"2 Louse","floor":2,"turns":2},{"damage":0,"enemies":"Small Slimes","floor":3,"turns":3},{"damage":0,"enemies":"Exordium Thugs","floor":4,"turns":6},{"damage":34,"enemies":"Gremlin Nob","floor":6,"turns":6},{"damage":20,"enemies":"3 Sentries","floor":8,"turns":6},{"damage":0,"enemies":"2 Fungi Beasts","floor":11,"turns":4},{"damage":0,"enemies":"Exordium Wildlife","floor":13,"turns":4},{"damage":2,"enemies":"Exordium Thugs","floor":14,"turns":5},{"damage":66,"enemies":"The Guardian","floor":16,"turns":17}],"seed_played":"6272198449439913335","potions_obtained":[{"floor":1,"key":"SpeedPotion"},{"floor":6,"key":"DistilledChaos"},{"floor":8,"key":"ColorlessPotion"},{"floor":14,"key":"DuplicationPotion"}],"is_trial":false,"path_per_floor":["M","M","M","M","?","E","R","E","T","R","M","?","M","M","R","B"],"character_chosen":"THE_SILENT","items_purchased":[],"campfire_rested":2,"item_purchase_floors":[],"current_hp_per_floor":[70,70,70,70,56,22,43,23,23,44,44,67,67,65,65,0,0],"gold":263,"neow_bonus":"RANDOM_COMMON_RELIC","is_daily":false,"chose_seed":false,"campfire_upgraded":0,"win_rate":0.0,"timestamp":1607733074,"path_taken":["M","M","M","M","?","E","R","E","T","R","M","?","M","M","R","BOSS"],"items_purchased_type":[],"build_version":"2020-11-30","purchased_purges":0,"victory":false,"max_hp_per_floor":[70,70,70,70,70,70,70,70,70,70,70,70,70,70,70,70,70],"card_choices":[{"not_picked":["Riddle With Holes","Slice"],"picked":"Flying Knee","floor":1},{"not_picked":["Setup","Distraction"],"picked":"Backflip","floor":2},{"not_picked":["Endless Agony","Bane"],"picked":"Cloak And Dagger","floor":3},{"not_picked":["Blade Dance","Bane"],"picked":"Caltrops","floor":4},{"not_picked":["Blur","Cloak And Dagger"],"picked":"Tactician","floor":6},{"not_picked":["Infinite Blades","Catalyst"],"picked":"Calculated Gamble","floor":8},{"not_picked":["Masterful Stab","Blade Dance"],"picked":"Prepared","floor":11},{"not_picked":["Endless Agony","Setup","Deflect"],"picked":"SKIP","floor":13},{"not_picked":["Acrobatics","Backflip"],"picked":"Slice","floor":14}],"player_experience":2507012,"relics_obtained":[{"floor":6,"key":"Letter Opener"},{"floor":8,"key":"Happy Flower"}],"event_choices":[{"damage_healed":0,"gold_gain":0,"player_choice":"Entered Light","damage_taken":14,"max_hp_gain":0,"max_hp_loss":0,"event_name":"Shining Light","floor":5,"gold_loss":0,"cards_upgraded":["Strike_G","Strike_G"]},{"damage_healed":23,"gold_gain":0,"player_choice":"Banana","damage_taken":0,"max_hp_gain":0,"max_hp_loss":0,"event_name":"Big Fish","floor":12,"gold_loss":0}],"is_beta":false,"boss_relics":[],"items_purged_floors":[],"is_endless":false,"potions_floor_spawned":[1,6,8,14],"killed_by":"The Guardian","ascension_level":0}}