{"host":"8zzc9mdnfkdiyxma","time":1607778213,"event":{"mods":["2.2 Compatiblity","BaseMod","Better Altar","Better Match","Better Note","Better Sensory Stone","Better Skull","Better Third Choice","Better Vampires","Colored Map","Colored Powertips","Emptier Cage","Energized Spire","Halation","Minty Spire (QoL Compilation)","Permanent Neow","Rare Cards Sparkle","Relic Filter","SacredBarkPlus","StSLib","Waifu the Spire"],"gold_per_floor":[114,114,133,151,151,171,205,216,243,243,243,243,243],"floor_reached":12,"playtime":540,"items_purged":[],"score":160,"play_id":"0e20fb62-ae86-4dad-b9b4-469b1bce7f5e","local_time":"20201212080333","is_ascension_mode":true,"campfire_choices":[{"floor":11,"key":"REST"}],"circlet_count":0,"master_deck":["AscendersBane","Strike_G","Strike_G","Strike_G","Strike_G","Strike_G","Defend_G","Defend_G","Defend_G","Survivor","Neutralize","Caltrops","Flying Knee","Bane","Crippling Poison","PiercingWail","Poisoned Stab","Riddle With Holes","Burn+1"],"relics":["Ring of the Snake","halation:PinkSoulGem","Unceasing Top","PreservedInsect"],"acts_visited":["Exordium"],"potions_floor_usage":[7,7,12],"damage_taken":[{"damage":7.0,"enemies":"Jaw Worm","floor":1.0,"turns":5.0},{"damage":0.0,"enemies":"2 Louse","floor":3.0,"turns":2.0},{"damage":8.0,"enemies":"Small Slimes","floor":4.0,"turns":3.0},{"damage":6.0,"enemies":"Red Slaver","floor":6.0,"turns":3.0},{"damage":16,"enemies":"3 Sentries","floor":7,"turns":10},{"damage":13,"enemies":"2 Fungi Beasts","floor":8,"turns":4},{"damage":31,"enemies":"Gremlin Nob","floor":12,"turns":3}],"seed_played":"8449857978654019520","potions_obtained":[{"floor":4.0,"key":"Dexterity Potion"},{"floor":6.0,"key":"SteroidPotion"},{"floor":7,"key":"EntropicBrew"}],"is_trial":false,"path_per_floor":["M","?","M","M","?","M","E","M","T","?","R","E"],"character_chosen":"THE_SILENT","items_purchased":[],"campfire_rested":1,"item_purchase_floors":[],"current_hp_per_floor":[52,52,52,44,44,38,22,9,9,9,28,0,0],"gold":243,"neow_bonus":"TRANSFORM_CARD","is_daily":false,"chose_seed":false,"campfire_upgraded":0,"win_rate":0.0,"timestamp":1607778213,"path_taken":["M","?","M","M","?","M","E","M","T","?","R","E"],"items_purchased_type":[],"build_version":"2020-11-30","purchased_purges":0,"victory":false,"max_hp_per_floor":[66,66,66,66,66,66,66,66,66,66,66,66,66],"card_choices":[{"not_picked":["Cloak And Dagger","Acrobatics","Accuracy"],"picked":"SKIP","floor":1.0},{"not_picked":["Deflect","Finisher"],"picked":"Bane","floor":3.0},{"not_picked":["Sucker Punch","Bane"],"picked":"Crippling Poison","floor":4.0},{"not_picked":["Backflip","Skewer"],"picked":"PiercingWail","floor":6.0},{"not_picked":["Escape Plan","Well Laid Plans"],"picked":"Poisoned Stab","floor":7},{"not_picked":["Deadly Poison","Underhanded Strike"],"picked":"Riddle With Holes","floor":8}],"player_experience":986566,"relics_obtained":[{"floor":7,"key":"Unceasing Top"},{"floor":9,"key":"PreservedInsect"}],"event_choices":[{"damage_healed":0.0,"max_hp_gain":0.0,"max_hp_loss":0.0,"gold_gain":0.0,"cards_transformed":["Defend_G"],"event_name":"Living Wall","player_choice":"Change","floor":2.0,"gold_loss":0.0,"damage_taken":0.0,"cards_obtained":["Flying Knee"]},{"damage_healed":9,"gold_gain":0,"player_choice":"Embrace Burn","damage_taken":0,"max_hp_gain":0,"max_hp_loss":66,"event_name":"betterThird:BetterShining","floor":10,"gold_loss":0}],"is_beta":false,"boss_relics":[],"items_purged_floors":[],"is_endless":false,"potions_floor_spawned":[4,6,7],"killed_by":"Gremlin Nob","ascension_level":20}}