{"host":"rmsq46plbpwfbxcc","time":1607742446,"event":{"mods":["AchievementEnabler","BaseMod","Colored Map","DeckTracker","Minty Spire (QoL Compilation)","Permanent Neow","SuperFastMode"],"gold_per_floor":[116,36,54,70,82,82,113,128,128,139,60,95,95,115,115,190,190,205,217,217,233,158,189,206,206,232,232,251,251,279,279,279,355,355,375,424,424,440,459,493,493,512,512,47,47,80,95,113,113,113],"floor_reached":51,"playtime":1986,"items_purged":["Bite","Defend_G"],"score":1486,"play_id":"29b94321-fd84-4059-9d94-8a90008ece29","local_time":"20201212120726","is_ascension_mode":true,"campfire_choices":[{"data":"Apotheosis","floor":6.0,"key":"SMITH"},{"data":"Terror","floor":13.0,"key":"SMITH"},{"data":"Neutralize","floor":15.0,"key":"SMITH"},{"data":"Infinite Blades","floor":25.0,"key":"SMITH"},{"data":"Accuracy","floor":27.0,"key":"SMITH"},{"data":"Well Laid Plans","floor":32.0,"key":"SMITH"},{"floor":41.0,"key":"DIG"},{"floor":45.0,"key":"DIG"},{"floor":49,"key":"DIG"}],"circlet_count":0,"master_deck":["AscendersBane","Defend_G","Defend_G","Defend_G","Survivor","Neutralize+1","Apotheosis+1","Finisher","Glass Knife","Blade Dance","Terror+1","Well Laid Plans+1","Cloak And Dagger","Dash","Wraith Form v2","Accuracy+1","Blur","Bite","Bite","Bite","Bite","Infinite Blades+1","Blade Dance","Backflip","A Thousand Cuts+1","Cloak And Dagger+1","Terror+1","Footwork+1","Madness","Madness"],"relics":["Ring of the Snake","Akabeko","Matryoshka","Pocketwatch","Coffee Dripper","The Courier","Frozen Egg 2","Regal Pillow","TungstenRod","WristBlade","Shovel","FossilizedHelix","Letter Opener","Bag of Preparation","Potion Belt","Pear","Happy Flower","Thread and Needle","CeramicFish","Ninja Scroll"],"acts_visited":["Exordium","TheCity","TheBeyond"],"potions_floor_usage":[50,50],"damage_taken":[{"damage":3.0,"enemies":"Jaw Worm","floor":1.0,"turns":6.0},{"damage":1.0,"enemies":"Small Slimes","floor":3.0,"turns":5.0},{"damage":0.0,"enemies":"2 Louse","floor":4.0,"turns":3.0},{"damage":10.0,"enemies":"Large Slime","floor":5.0,"turns":4.0},{"damage":0.0,"enemies":"Gremlin Nob","floor":7.0,"turns":2.0},{"damage":12.0,"enemies":"Exordium Wildlife","floor":8.0,"turns":3.0},{"damage":0.0,"enemies":"Exordium Thugs","floor":10.0,"turns":2.0},{"damage":8.0,"enemies":"3 Sentries","floor":12.0,"turns":7.0},{"damage":0.0,"enemies":"Looter","floor":14.0,"turns":2.0},{"damage":5.0,"enemies":"Slime Boss","floor":16.0,"turns":5.0},{"damage":15.0,"enemies":"3 Byrds","floor":18.0,"turns":5.0},{"damage":0.0,"enemies":"Chosen","floor":19.0,"turns":3.0},{"damage":3.0,"enemies":"Snake Plant","floor":21.0,"turns":3.0},{"damage":49.0,"enemies":"Book of Stabbing","floor":23.0,"turns":7.0},{"damage":0.0,"enemies":"3 Cultists","floor":24.0,"turns":5.0},{"damage":0.0,"enemies":"Snecko","floor":28.0,"turns":4.0},{"damage":12.0,"enemies":"Gremlin Leader","floor":30.0,"turns":6.0},{"damage":19.0,"enemies":"Champ","floor":33.0,"turns":10.0},{"damage":11.0,"enemies":"Orb Walker","floor":35.0,"turns":3.0},{"damage":5.0,"enemies":"2 Orb Walkers","floor":36.0,"turns":4.0},{"damage":3.0,"enemies":"3 Shapes","floor":38.0,"turns":4.0},{"damage":19.0,"enemies":"3 Darklings","floor":39.0,"turns":5.0},{"damage":0.0,"enemies":"Reptomancer","floor":40.0,"turns":6.0},{"damage":0.0,"enemies":"4 Shapes","floor":42.0,"turns":4.0},{"damage":0.0,"enemies":"Giant Head","floor":46.0,"turns":7.0},{"damage":4,"enemies":"Sphere and 2 Shapes","floor":47,"turns":5},{"damage":23,"enemies":"Donu and Deca","floor":50,"turns":9}],"seed_played":"2197325341513789319","potions_obtained":[{"floor":1.0,"key":"EssenceOfSteel"},{"floor":3.0,"key":"Swift Potion"},{"floor":4.0,"key":"Strength Potion"},{"floor":7.0,"key":"EntropicBrew"},{"floor":19.0,"key":"BlessingOfTheForge"},{"floor":23.0,"key":"LiquidMemories"},{"floor":24.0,"key":"ColorlessPotion"},{"floor":38.0,"key":"Swift Potion"},{"floor":40.0,"key":"Dexterity Potion"}],"is_trial":false,"path_per_floor":["M","$","M","M","M","R","E","M","T","M","$","E","R","M","R","B",null,"M","M","?","M","$","E","M","R","T","R","M","?","E","?","R","B",null,"M","?","?","M","M","E","R","M","T","$","R","E","M","?","R","B",null],"character_chosen":"THE_SILENT","items_purchased":["Glass Knife","Regen Potion","Pear","Happy Flower","Block Potion"],"campfire_rested":0,"item_purchase_floors":[2,11,44,44,44],"current_hp_per_floor":[41,41,40,40,30,30,30,18,18,18,18,25,25,25,25,20,55,40,40,40,44,44,9,21,21,21,21,23,32,32,22,22,24,44,42,42,42,41,36,42,42,51,51,61,61,61,60,50,50,51],"gold":113,"neow_bonus":"RANDOM_COLORLESS_2","is_daily":false,"chose_seed":false,"campfire_upgraded":6,"win_rate":0.0,"timestamp":1607742446,"path_taken":["M","$","M","M","M","R","E","M","T","M","$","E","R","M","R","BOSS","M","M","?","M","$","E","M","R","T","R","M","?","E","?","R","BOSS","M","?","?","M","?","E","R","M","T","$","R","E","M","?","R","BOSS"],"items_purchased_type":["Card","Potion","Relic","Relic","Potion"],"build_version":"2020-11-30","purchased_purges":2,"victory":true,"max_hp_per_floor":[66,66,66,66,66,66,66,66,66,66,66,66,66,66,66,66,66,66,66,46,46,46,46,46,46,46,46,46,46,46,51,51,51,51,51,51,51,51,51,51,51,51,51,61,61,61,61,61,61,61],"card_choices":[{"not_picked":["Master of Strategy","Sadistic Nature"],"picked":"Apotheosis","floor":0.0},{"not_picked":["Deflect","Dagger Throw"],"picked":"Finisher","floor":1.0},{"not_picked":["Poisoned Stab","Masterful Stab","Flying Knee"],"picked":"SKIP","floor":3.0},{"not_picked":["Endless Agony","Quick Slash"],"picked":"Blade Dance","floor":4.0},{"not_picked":["Poisoned Stab","Distraction"],"picked":"Terror","floor":5.0},{"not_picked":["Doppelganger","Deadly Poison","Deflect"],"picked":"SKIP","floor":7.0},{"not_picked":["Acrobatics","Quick Slash"],"picked":"Well Laid Plans","floor":8.0},{"not_picked":["Expertise","Underhanded Strike","Dagger Spray"],"picked":"SKIP","floor":10.0},{"not_picked":["Reflex","Heel Hook"],"picked":"Cloak And Dagger","floor":12.0},{"not_picked":["Dagger Throw","Dodge and Roll"],"picked":"Dash","floor":14.0},{"not_picked":["Venomology","Doppelganger"],"picked":"Wraith Form v2","floor":16.0},{"not_picked":["Dagger Spray","Deadly Poison"],"picked":"Accuracy","floor":18.0},{"not_picked":["Dodge and Roll","Bouncing Flask"],"picked":"Blur","floor":19.0},{"not_picked":["Deflect+1","Concentrate","Sucker Punch"],"picked":"SKIP","floor":21.0},{"not_picked":["Riddle With Holes","Flechettes"],"picked":"Infinite Blades","floor":23.0},{"not_picked":["Deflect","Underhanded Strike+1"],"picked":"Blade Dance","floor":24.0},{"not_picked":["Finisher","Concentrate","All Out Attack"],"picked":"SKIP","floor":28.0},{"not_picked":["Calculated Gamble","Noxious Fumes+1"],"picked":"Backflip","floor":30.0},{"not_picked":["Adrenaline","Unload"],"picked":"A Thousand Cuts+1","floor":33.0},{"not_picked":["Blade Dance","Flying Knee+1"],"picked":"Cloak And Dagger+1","floor":35.0},{"not_picked":["Bouncing Flask+1","Quick Slash","Blade Dance"],"picked":"SKIP","floor":38.0},{"not_picked":["Outmaneuver","Infinite Blades+1"],"picked":"Terror+1","floor":39.0},{"not_picked":["Flechettes","Deflect+1"],"picked":"Footwork+1","floor":40.0},{"not_picked":["Outmaneuver","Dodge and Roll","Wraith Form v2+1"],"picked":"SKIP","floor":42.0},{"not_picked":["Catalyst","Underhanded Strike+1","Riddle With Holes"],"picked":"SKIP","floor":46.0},{"not_picked":["Acrobatics","Setup","Deadly Poison"],"picked":"SKIP","floor":47}],"player_experience":1321449,"relics_obtained":[{"floor":7.0,"key":"Akabeko"},{"floor":9.0,"key":"Matryoshka"},{"floor":12.0,"key":"Pocketwatch"},{"floor":23.0,"key":"The Courier"},{"floor":26.0,"key":"Frozen Egg 2"},{"floor":26.0,"key":"Regal Pillow"},{"floor":30.0,"key":"TungstenRod"},{"floor":36.0,"key":"Shovel"},{"floor":40.0,"key":"FossilizedHelix"},{"floor":41.0,"key":"Letter Opener"},{"floor":43.0,"key":"Bag of Preparation"},{"floor":43.0,"key":"Potion Belt"},{"floor":45.0,"key":"Thread and Needle"},{"floor":46.0,"key":"CeramicFish"},{"floor":49,"key":"Ninja Scroll"}],"event_choices":[{"damage_healed":0.0,"max_hp_gain":0.0,"max_hp_loss":20.0,"gold_gain":0.0,"event_name":"Vampires","player_choice":"Became a vampire","floor":20.0,"gold_loss":0.0,"damage_taken":0.0,"cards_obtained":["Bite","Bite","Bite","Bite","Bite"]},{"damage_healed":9.0,"max_hp_gain":0.0,"max_hp_loss":0.0,"gold_gain":0.0,"event_name":"The Library","player_choice":"Heal","floor":29.0,"gold_loss":0.0,"damage_taken":0.0},{"damage_healed":0.0,"max_hp_gain":5.0,"max_hp_loss":0.0,"gold_gain":0.0,"event_name":"Forgotten Altar","player_choice":"Shed Blood","floor":31.0,"gold_loss":0.0,"damage_taken":16.0},{"damage_healed":0.0,"max_hp_gain":0.0,"max_hp_loss":0.0,"gold_gain":0.0,"event_name":"Mysterious Sphere","player_choice":"Fight","floor":36.0,"gold_loss":0.0,"damage_taken":0.0},{"cards_removed":["Defend_G"],"damage_healed":0.0,"max_hp_gain":0.0,"max_hp_loss":0.0,"gold_gain":0.0,"event_name":"Bonfire Elementals","player_choice":"Offered Basic","floor":37.0,"gold_loss":0.0,"damage_taken":0.0},{"damage_healed":0,"gold_gain":0,"player_choice":"Embrace Madness","damage_taken":11,"max_hp_gain":0,"max_hp_loss":0,"event_name":"Winding Halls","floor":48,"gold_loss":0,"cards_obtained":["Madness","Madness"]}],"is_beta":false,"boss_relics":[{"not_picked":["Cursed Key","Tiny House"],"picked":"Coffee Dripper"},{"not_picked":["Empty Cage","Busted Crown"],"picked":"WristBlade"}],"items_purged_floors":[22,44],"is_endless":false,"potions_floor_spawned":[1,3,4,7,14,19,23,24,38,40,42],"ascension_level":16}}