{"host":"0cnf9zf1gia27zti","time":1607778307,"event":{"mods":["BaseMod","BetterRewards","Card Forge","Colored Map","Colored Powertips","Conspire","Downfall","Minty Spire (QoL Compilation)","Quick Restart","Replay The Spire","Shade Mod","Spicy Shops","StSLib"],"gold_per_floor":[114,75,90,101,135,161,170,245,245,271,304,322,354,390,390,499,499,498,498,517,27,27,27],"floor_reached":22,"playtime":2086,"items_purged":["Strike_G"],"score":329,"play_id":"e0b5bb87-f672-4773-85c4-b9703d38a9b6","local_time":"20201212130507","is_ascension_mode":true,"campfire_choices":[{"floor":7,"key":"REST"},{"floor":15,"key":"REST"}],"circlet_count":0,"master_deck":["AscendersBane","Strike_G","Strike_G","Strike_G","Strike_G","Defend_G","Defend_G","Defend_G","Defend_G","Defend_G","Survivor","Neutralize","Caltrops","Calculated Gamble","Leg Sweep","Dash","Accuracy","Blade Dance","Terror","Hidden Blade","Caltrops","conspire:DoublingDagger","Prepared","Flechettes","conspire:DoublingDagger","Phantasmal Killer","Noxious Fumes","Cloak And Dagger","Blade Dance","Caltrops","Blade Dance","Replay:Bag of Tricks","Dagger Throw","Infinite Blades","Prepared+1","Footwork","Footwork"],"relics":["Ring of the Snake","Hammer of Thor","Seething Fire","Anvil of the Gods","BargainBundle","Omamori","Dream Catcher","Regal Pillow","Prayer Wheel","CeramicFish","Pear","Ring of Chaos","Ice Cream","Replay:Baseball"],"acts_visited":["Exordium","TheCity"],"potions_floor_usage":[4,5,6,10,13,16,18,22],"damage_taken":[{"damage":0,"enemies":"Small Slimes","floor":1,"turns":4},{"damage":0,"enemies":"Jaw Worm","floor":3,"turns":5},{"damage":4,"enemies":"Cultist","floor":4,"turns":5},{"damage":13,"enemies":"conspire:MimicChest","floor":5,"turns":6},{"damage":7,"enemies":"3 Sentries","floor":6,"turns":9},{"damage":0,"enemies":"Looter","floor":10,"turns":3},{"damage":4,"enemies":"Blue Slaver","floor":11,"turns":4},{"damage":10,"enemies":"2 Fungi Beasts","floor":12,"turns":3},{"damage":0,"enemies":"Exordium Wildlife","floor":13,"turns":4},{"damage":15,"enemies":"Large Slime","floor":14,"turns":6},{"damage":23,"enemies":"Slime Boss","floor":16,"turns":8},{"damage":22,"enemies":"2 Thieves","floor":18,"turns":4},{"damage":24,"enemies":"Chosen","floor":20,"turns":6},{"damage":26,"enemies":"3 Cultists","floor":22,"turns":5}],"seed_played":"-413490005011620604","potions_obtained":[{"floor":3,"key":"Elixir"},{"floor":4,"key":"Reflective Coating"},{"floor":6,"key":"AttackPotion"},{"floor":12,"key":"DistilledChaos"},{"floor":14,"key":"Toxic Potion"},{"floor":16,"key":"LiquidBronze"},{"floor":20,"key":"SkillPotion"}],"is_trial":false,"path_per_floor":["M","$","M","M","?","E","R","?","T","M","M","M","M","M","R","B",null,"M","?","M","$","M"],"character_chosen":"THE_SILENT","items_purchased":["BargainBundle","Caltrops","Calculated Gamble","Leg Sweep","Dash","Omamori","Dream Catcher","Accuracy","Blade Dance","Terror","Regal Pillow","sneckomod:MuddlingPotion","Caltrops","Footwork","Ice Cream","Replay:Baseball"],"campfire_rested":2,"item_purchase_floors":[0,0,0,0,0,0,0,0,0,0,0,0,2,21,21,21],"current_hp_per_floor":[31,31,31,27,14,7,43,36,46,46,42,32,32,17,56,33,68,46,46,22,22,0,0],"gold":27,"neow_bonus":"","is_daily":false,"chose_seed":false,"campfire_upgraded":0,"win_rate":0.0,"timestamp":1607778307,"path_taken":["M","$","M","M","?","E","R","?","T","M","M","M","?","M","R","BOSS","M","?","M","$","M"],"items_purchased_type":["Relic","Card","Card","Card","Card","Relic","Relic","Card","Card","Card","Relic","Potion","Card","Card","Relic","Relic"],"build_version":"2020-11-30","purchased_purges":1,"victory":false,"max_hp_per_floor":[70,70,70,70,70,70,70,70,80,80,80,80,80,80,80,80,80,80,80,80,80,80,80],"card_choices":[{"not_picked":["Poisoned Stab","ReplayTheSpireMod:Scrap Shanks"],"picked":"Hidden Blade","floor":1},{"not_picked":["Underhanded Strike","Reflex"],"picked":"conspire:DoublingDagger","floor":3},{"not_picked":["ReplayTheSpireMod:Tripwire","Dagger Spray"],"picked":"Prepared","floor":4},{"not_picked":["Masterful Stab","Setup","Predator"],"picked":"SKIP","floor":6},{"not_picked":["ReplayTheSpireMod:Tripwire","Toxin Wave"],"picked":"Flechettes","floor":7},{"not_picked":["PiercingWail","ReplayTheSpireMod:Speed Training"],"picked":"conspire:DoublingDagger","floor":10},{"not_picked":["Reflex","Predator","Dagger Spray"],"picked":"SKIP","floor":10},{"not_picked":["Blade Dance","Toxin Wave"],"picked":"Phantasmal Killer","floor":11},{"not_picked":["Bane","Deflect"],"picked":"Noxious Fumes","floor":11},{"not_picked":["ReplayTheSpireMod:Tripwire","Replay:Poison Smokescreen","Sucker Punch"],"picked":"SKIP","floor":12},{"not_picked":["Deflect","Catalyst","Dagger Throw"],"picked":"SKIP","floor":12},{"not_picked":["Blur","All Out Attack"],"picked":"Cloak And Dagger","floor":13},{"not_picked":["Flechettes","Distraction"],"picked":"Blade Dance","floor":13},{"not_picked":["Fluid Movement","Setup"],"picked":"Caltrops","floor":14},{"not_picked":["ReplayTheSpireMod:The Works","Cloak And Dagger"],"picked":"Blade Dance","floor":14},{"not_picked":["A Thousand Cuts","Bullet Time"],"picked":"Replay:Bag of Tricks","floor":16},{"not_picked":["Flying Knee","ReplayTheSpireMod:Tripwire"],"picked":"Dagger Throw","floor":18},{"not_picked":["Acrobatics","ReplayTheSpireMod:Tripwire"],"picked":"Infinite Blades","floor":18},{"not_picked":["Deadly Poison","Blade Dance"],"picked":"Prepared+1","floor":20},{"not_picked":["Dagger Spray","Sucker Punch","Poisoned Stab"],"picked":"SKIP","floor":20}],"player_experience":1931279,"relics_obtained":[{"floor":5,"key":"Prayer Wheel"},{"floor":6,"key":"CeramicFish"},{"floor":9,"key":"Pear"}],"event_choices":[{"damage_healed":0,"gold_gain":75,"player_choice":"Touch","damage_taken":7,"max_hp_gain":0,"max_hp_loss":0,"event_name":"FaceTrader","floor":8,"gold_loss":0}],"is_beta":false,"boss_relics":[{"not_picked":["Empty Cage","SlaversCollar"],"picked":"Ring of Chaos"}],"items_purged_floors":[0],"is_endless":false,"potions_floor_spawned":[3,4,6,12,14,16,20],"killed_by":"3 Cultists","ascension_level":12}}