{"host":"ocll6kdfqxraqtza","time":1607800030,"event":{"mods":["2.2 Compatiblity","Act Like it!","Aspiration","BaseMod","Better Third Choice","Gensokyo","Hallownest","Hermit","Hubris","Jorbs\u0027s Wanderer Trilogy","Luminous","Marisa（霧雨　魔理沙）","Minty Spire (QoL Compilation)","Reimu（博??梦）","Replay The Spire","Shade Mod","StSLib","The Alterego","The Bug Knight","The Cursed","The Hierophant","The Runesmith","TheBandit","Wandering Minibosses","vexMod"],"gold_per_floor":[118,132,212,212,212,137,137,165,165,181,181,181,212,212,212,316,316,331,341,341,351,601,601,629,629,704,715,715,729,729,741,741,741,741],"floor_reached":33,"playtime":1103,"items_purged":["Defend_P"],"score":337,"play_id":"8d22cf80-8435-430d-8382-cb2c2047aac7","local_time":"20201213030710","is_ascension_mode":true,"campfire_choices":[{"data":"Eruption","floor":7.0,"key":"SMITH"},{"data":"FollowUp","floor":15.0,"key":"SMITH"}],"circlet_count":0,"master_deck":["Strike_P","Strike_P","Defend_P","Defend_P","Eruption+1","Vigilance","BowlingBash+1","WindmillStrike+1","CutThroughFate","CarveReality+1","Weave","FollowUp+1","Vault+1","SashWhip+1","ConjureBlade","FlurryOfBlows+1","BattleHymn+1","Replay:Hum+1","FlyingSleeves+1","JustLucky"],"relics":["PureWater","Strawberry","Replay:Multitool","aspiration:HatOfInfinitePower","hubris:Towel","vexMod:ScavengeHelm","hubris:Icosahedron","Painkiller Herb","Gensokyo:RedStar","Frozen Egg 2","CrazyTorch:ReiMu","Gensokyo:DirgeOfMelancholy"],"acts_visited":["Gensokyo:Gensokyo","Gensokyo:Gensokyoer"],"potions_floor_usage":[33],"damage_taken":[{"damage":0.0,"enemies":"Gensokyo:2_Kodama","floor":1.0,"turns":2.0},{"damage":0.0,"enemies":"Gensokyo:Python","floor":2.0,"turns":2.0},{"damage":14.0,"enemies":"Gensokyo:Aya","floor":8.0,"turns":4.0},{"damage":0.0,"enemies":"Gensokyo:3_Fairies","floor":10.0,"turns":2.0},{"damage":0.0,"enemies":"Gensokyo:Cirno","floor":13.0,"turns":4.0},{"damage":13.0,"enemies":"Gensokyo:Yukari","floor":16.0,"turns":4.0},{"damage":6.0,"enemies":"Gensokyo:AngelMirror","floor":18.0,"turns":1.0},{"damage":20.0,"enemies":"Gensokyo:3_Dogs","floor":19.0,"turns":3.0},{"damage":0.0,"enemies":"Gensokyo:Swordslinger","floor":21.0,"turns":2.0},{"damage":64.0,"enemies":"Gensokyo:Koishi","floor":24.0,"turns":6.0},{"damage":5,"enemies":"Gensokyo:Slime_Group","floor":27,"turns":3},{"damage":0,"enemies":"Gensokyo:Monolith_and_Dog","floor":29,"turns":2},{"damage":2,"enemies":"Gensokyo:3_Gloops","floor":31,"turns":3},{"damage":89,"enemies":"Gensokyo:Eternal_Rivals","floor":33,"turns":4}],"seed_played":"-3922859239367632335","potions_obtained":[{"floor":1.0,"key":"MagicPotion:ReiMu"},{"floor":10.0,"key":"AttackPotion"},{"floor":18.0,"key":"PowerPotion"},{"floor":24.0,"key":"PowerPotion"},{"floor":27,"key":"EssenceOfSteel"}],"is_trial":false,"path_per_floor":["M","M","?","?","?","$","R","E","T","M","?","R","E","?","R","B",null,"?","?","?","?","?","T","E","T","T","?","?","?","T","?","T","B"],"character_chosen":"WATCHER","items_purchased":[],"campfire_rested":0,"item_purchase_floors":[],"current_hp_per_floor":[72,72,72,44,41,41,41,27,27,27,27,50,50,50,50,37,79,73,53,53,53,53,75,11,33,33,28,36,36,36,34,56,0,0],"gold":741,"neow_bonus":"THREE_CARDS","is_daily":false,"chose_seed":false,"campfire_upgraded":2,"win_rate":0.0,"timestamp":1607800030,"path_taken":["M","M","?","?","?","?","R","E","T","M","?","R","E","?","R","BOSS","?","?","?","?","?","T","E","T","T","?","?","?","T","?","T","BOSS"],"items_purchased_type":[],"build_version":"2020-11-30","purchased_purges":1,"victory":false,"max_hp_per_floor":[72,72,72,72,79,79,79,79,79,79,79,79,79,79,79,79,79,79,79,79,79,75,75,75,75,75,75,75,75,75,75,75,38,38],"card_choices":[{"not_picked":["Replay:AtTheReady","ClearTheMind"],"picked":"BowlingBash","floor":0.0},{"not_picked":["BowlingBash","Replay:ManipulateFuture"],"picked":"WindmillStrike","floor":1.0},{"not_picked":["SignatureMove","FlurryOfBlows"],"picked":"CutThroughFate","floor":2.0},{"not_picked":["FollowUp","Protect"],"picked":"CarveReality","floor":8.0},{"not_picked":["CarveReality","Vengeance"],"picked":"Weave","floor":10.0},{"not_picked":["PathToVictory","CutThroughFate"],"picked":"FollowUp","floor":13.0},{"not_picked":["Replay:LoomingThreat","Replay:AllIn"],"picked":"Vault","floor":16.0},{"not_picked":["EmptyBody","Replay:ManipulateFuture"],"picked":"SashWhip+1","floor":18.0},{"not_picked":["Tantrum","WreathOfFlame"],"picked":"ConjureBlade","floor":19.0},{"not_picked":["Swivel","TalkToTheHand"],"picked":"FlurryOfBlows+1","floor":21.0},{"not_picked":["Prostrate","WheelKick"],"picked":"BattleHymn+1","floor":24.0},{"not_picked":["PathToVictory+1","Replay:AtTheReady"],"picked":"Replay:Hum+1","floor":27},{"not_picked":["Tantrum","Consecrate"],"picked":"FlyingSleeves+1","floor":29},{"not_picked":["Evaluate","ClearTheMind"],"picked":"JustLucky","floor":31}],"player_experience":445923,"relics_obtained":[{"floor":8.0,"key":"Replay:Multitool"},{"floor":9.0,"key":"aspiration:HatOfInfinitePower"},{"floor":13.0,"key":"vexMod:ScavengeHelm"},{"floor":24.0,"key":"Frozen Egg 2"},{"floor":26.0,"key":"CrazyTorch:ReiMu"}],"event_choices":[],"is_beta":false,"boss_relics":[{"not_picked":["aspiration:RitualDagger","Replay:Ancient Bell"],"picked":"Painkiller Herb"}],"items_purged_floors":[6],"is_endless":false,"potions_floor_spawned":[1,10,18,24,27],"killed_by":"Gensokyo:Eternal_Rivals","ascension_level":3}}