{"host":"rjmu5g8hpiele53d","time":1607802822,"event":{"mods":["2.2 Compatiblity","BaseMod","Downfall","GifTheSpireLib","Minty Spire (QoL Compilation)","StSLib"],"gold_per_floor":[99,110,110,110,12,12,12,47,32,32,47,47,67,67,86,86,86],"floor_reached":16,"playtime":2361,"items_purged":[],"score":98,"play_id":"48a1b1be-79fd-4520-a731-d85697187612","local_time":"20201212195342","is_ascension_mode":false,"campfire_choices":[{"data":"hexamod:Float","floor":1,"key":"SMITH"},{"data":"hexamod:RainOfEmbers","floor":3,"key":"SMITH"},{"data":"expansioncontent:YouAreMine","floor":6,"key":"SMITH"},{"floor":10,"key":"REST"}],"circlet_count":0,"master_deck":["hexamod:Strike","hexamod:Strike+1","hexamod:Strike","hexamod:Strike+1","hexamod:Defend","hexamod:Defend","hexamod:Defend","hexamod:Defend","hexamod:Sear","hexamod:Float+1","hexamod:RainOfEmbers+1","expansioncontent:YouAreMine+1","hexamod:Hexaguard","hexamod:NightmareStrike+1","hexamod:FirstSeal","hexamod:DynamicBlow","hexamod:ExtraCrispy"],"relics":["hexamod:SpiritBrand","Omamori","Singing Bowl","Juzu Bracelet"],"acts_visited":["Exordium"],"potions_floor_usage":[],"damage_taken":[{"damage":1,"enemies":"2 Louse","floor":2,"turns":3},{"damage":0,"enemies":"downfall:FleeingMerchant","floor":5,"turns":4},{"damage":20,"enemies":"Lagavulin","floor":8,"turns":5},{"damage":1,"enemies":"downfall:FleeingMerchant","floor":9,"turns":4},{"damage":0,"enemies":"Jaw Worm","floor":11,"turns":3},{"damage":5,"enemies":"Small Slimes","floor":13,"turns":4},{"damage":13,"enemies":"2 Fungi Beasts","floor":15,"turns":3},{"damage":60,"enemies":"downfall:CharBossDefect","floor":16,"turns":8}],"seed_played":"-627187519873255201","potions_obtained":[{"floor":8,"key":"Weak Potion"},{"floor":13,"key":"FairyPotion"},{"floor":15,"key":"Fire Potion"}],"is_trial":false,"path_per_floor":["R","M","R","?","$","R","T","E","$","R","M","?","M","?","M","B"],"character_chosen":"THE_SPIRIT","items_purchased":["expansioncontent:YouAreMine"],"campfire_rested":1,"item_purchase_floors":[5],"current_hp_per_floor":[77,76,76,43,43,43,43,23,22,45,45,38,40,40,34,0,0],"gold":86,"neow_bonus":"TEN_PERCENT_HP_BONUS","is_daily":false,"chose_seed":false,"campfire_upgraded":3,"win_rate":0.0,"timestamp":1607802822,"path_taken":["R","M","R","?","$","R","T","E","$","R","M","?","M","?","M","BOSS"],"items_purchased_type":["Card"],"build_version":"2020-11-30","purchased_purges":0,"victory":false,"max_hp_per_floor":[77,77,77,77,77,77,77,77,77,77,77,77,77,77,77,77,77],"card_choices":[{"not_picked":["hexamod:BurningTouch","hexamod:SwordOfDarkness"],"picked":"hexamod:RainOfEmbers","floor":2},{"not_picked":["hexamod:AdvancingGuard","hexamod:SpectralAdrenaline"],"picked":"hexamod:Hexaguard","floor":8},{"not_picked":["hexamod:RecurringNightmare","hexamod:NightmareGuise"],"picked":"hexamod:NightmareStrike","floor":11},{"not_picked":["hexamod:BacktrackSmack","hexamod:EtherealExpedition"],"picked":"hexamod:DynamicBlow","floor":13},{"not_picked":["hexamod:HeatCrush","hexamod:CrushingStance"],"picked":"hexamod:ExtraCrispy","floor":15}],"player_experience":1515969,"relics_obtained":[{"floor":7,"key":"Singing Bowl"},{"floor":8,"key":"Juzu Bracelet"}],"event_choices":[{"damage_healed":0,"gold_gain":0,"player_choice":"Success","damage_taken":33,"relics_obtained":["Omamori"],"max_hp_gain":0,"max_hp_loss":0,"event_name":"Scrap Ooze","floor":4,"gold_loss":0}],"is_beta":false,"boss_relics":[],"items_purged_floors":[],"is_endless":false,"potions_floor_spawned":[8,13,15],"killed_by":"downfall:CharBossDefect","ascension_level":0}}