{"host":"ldgvv9pwaeljxtz7","time":1607808442,"event":{"mods":["Act Like it!","Aspiration","BaseMod","Better Altar","Better Third Choice","BetterRewards","CapriCore","Conspire","DeckTracker","Dio Mod","Dota2Spire","Downfall","Energized Spire","Fireblade Mod","Friendly Minions","Hermit","HexUI Lib","Hubris","Infinite Spire","Ironclad Rager","Jorbs\u0027s Wanderer Trilogy","Luminous","Minty Spire (QoL Compilation)","Prisma Mod","Quarter Circle Forward PUNCH!","QueenMod","Shade Mod","Shop Mod","StSLib","Steal the Spire","The Blue Laboratory","The Immortal","The Jester","The Wild Card","TheFirefly","TheHero","TheSwordswoman","TheVacant","Trackpad","Watcher Patcher","vexMod","Åy?ï˚ìÒéü?çÏÅzî™â]éámod"],"gold_per_floor":[111,111,127,127,141,169,169,169,169,180,155,181,193,212,212,311,311,329,329,329,329,329],"floor_reached":21,"playtime":742,"items_purged":[],"score":179,"play_id":"9aa8a590-3e05-4c85-8582-f11b7abd69df","local_time":"20201213072722","is_ascension_mode":false,"campfire_choices":[{"data":"QueenMod:Knighting","floor":7,"key":"SMITH"},{"floor":15,"key":"REST"}],"circlet_count":0,"master_deck":["QueenMod:Strike","QueenMod:Strike","QueenMod:Strike","QueenMod:Strike","QueenMod:Defend","QueenMod:Defend","QueenMod:Defend","QueenMod:QuickJabs","QueenMod:Recruit","QueenMod:Parry","QueenMod:DefendOrder","QueenMod:Flyby","QueenMod:Knighting+1","QueenMod:Feint","QueenMod:PollenBlast","QueenMod:EliteSoldiers","QueenMod:Charge","QueenMod:BumbleBee+1","QueenMod:Hornet","QueenMod:Charge+1"],"relics":["QueenMod:QueensBanner","vexMod:HeadHunter","trackpad:AdjectivePendant","hubris:64BitClover","Toy Ornithopter","Dota2Spire:RefresherOrb","PrismaticShard","vexMod:DeviousBotling"],"acts_visited":["Exordium","TheCity"],"potions_floor_usage":[],"damage_taken":[{"damage":0,"enemies":"Small Slimes","floor":1,"turns":3},{"damage":6,"enemies":"Jaw Worm","floor":3,"turns":2},{"damage":7,"enemies":"2 Louse","floor":5,"turns":3},{"damage":28,"enemies":"3 Sentries","floor":6,"turns":8},{"damage":3,"enemies":"Large Slime","floor":10,"turns":4},{"damage":12,"enemies":"Blue Slaver","floor":13,"turns":4},{"damage":4,"enemies":"Gremlin Gang","floor":14,"turns":2},{"damage":29,"enemies":"Hexaghost","floor":16,"turns":12},{"damage":7,"enemies":"Shell Parasite","floor":18,"turns":5}],"seed_played":"4085873916717777158","potions_obtained":[{"floor":3,"key":"blueLaboratory:LouseDecoction"},{"floor":6,"key":"blueLaboratory:FrostheartPotion"},{"floor":10,"key":"blueLaboratory:LouseDecoction"},{"floor":14,"key":"FairyPotion"}],"is_trial":false,"path_per_floor":["M","?","M","T","M","E","R","?","T","M","?","T","M","M","R","B",null,"M","AVR","?","$"],"character_chosen":"THE_QUEEN","items_purchased":[],"campfire_rested":1,"item_purchase_floors":[],"current_hp_per_floor":[82,82,76,76,69,41,41,41,41,38,38,38,26,22,46,17,82,75,75,75,75,75],"gold":329,"neow_bonus":"TEN_PERCENT_HP_BONUS","is_daily":false,"chose_seed":false,"campfire_upgraded":1,"win_rate":0.0,"timestamp":1607808442,"path_taken":["M","?","M","?","M","E","R","?","T","M","?","?","?","M","R","BOSS","M","AVR","?","?"],"items_purchased_type":[],"build_version":"2020-11-30","purchased_purges":0,"victory":false,"max_hp_per_floor":[82,82,82,82,82,82,82,82,82,82,82,82,82,82,82,82,82,82,82,82,82,82],"card_choices":[{"not_picked":["QueenMod:DefendOrder","QueenMod:HoldPosition"],"picked":"QueenMod:Parry","floor":1},{"not_picked":["QueenMod:ScoutingParty","QueenMod:HexGuard"],"picked":"QueenMod:DefendOrder","floor":3},{"not_picked":["QueenMod:SplitStrike","QueenMod:HexGuard"],"picked":"QueenMod:Flyby","floor":5},{"not_picked":["QueenMod:HoneyShield","QueenMod:SecretWeapon"],"picked":"QueenMod:Knighting","floor":6},{"not_picked":["QueenMod:Gather","QueenMod:BusyBees"],"picked":"QueenMod:Feint","floor":6},{"not_picked":["QueenMod:PopulateOrder","QueenMod:Feint"],"picked":"QueenMod:PollenBlast","floor":10},{"not_picked":["QueenMod:Garrison","QueenMod:ScoutingParty"],"picked":"QueenMod:EliteSoldiers","floor":13},{"not_picked":["QueenMod:OverwhelmingForce","QueenMod:PopulateOrder"],"picked":"QueenMod:Charge","floor":14},{"not_picked":["QueenMod:MilitaryHandbook","QueenMod:Knighting"],"picked":"QueenMod:EliteSoldiers","floor":16},{"not_picked":["QueenMod:Infest","QueenMod:Gather"],"picked":"QueenMod:Charge+1","floor":18}],"player_experience":263534,"relics_obtained":[{"floor":4,"key":"vexMod:HeadHunter"},{"floor":6,"key":"trackpad:AdjectivePendant"},{"floor":9,"key":"hubris:64BitClover"},{"floor":12,"key":"Toy Ornithopter"}],"event_choices":[{"damage_healed":0,"gold_gain":0,"player_choice":"Ignored","damage_taken":0,"max_hp_gain":0,"max_hp_loss":0,"event_name":"Golden Wing","floor":8,"gold_loss":0}],"is_beta":false,"boss_relics":[{"not_picked":["energizedSpire:NeverEndingSparkler","conspire:RunicOctahedron"],"picked":"Dota2Spire:RefresherOrb"}],"items_purged_floors":[],"is_endless":false,"potions_floor_spawned":[3,6,10,14,16],"ascension_level":0}}