{"host":"2psfthmeyefnuu1p","time":1607764288,"event":{"mods":["Aspiration","BaseMod","Challenge The Spire","Conspire","Downfall","GungeonMod","Hermit","Minty Spire (QoL Compilation)","Quick Restart","Replay The Spire","RumiaBox-露米娅的神秘盒子","Spicy Shops","StSLib","The Bladedancer","The Cursed","The Gatherer","The Jungle","The Runesmith","Uncapped","[IsaacMod]以撒尖塔","vexMod","【功能Mod】混沌之环修复补丁","篝火指南"],"gold_per_floor":[210,210,43,53,246,40,57,67,67,167,167,167,126,101,63,63,63],"floor_reached":16,"playtime":1322,"items_purged":["hexamod:Haunted","Regret"],"score":92,"play_id":"90ffc061-bea0-49e7-a4a3-6e4c2f4fd075","local_time":"20201212171128","is_ascension_mode":true,"campfire_choices":[{"floor":11,"key":"RECALL"}],"circlet_count":0,"master_deck":["DemoMod:Strike_Huntress","DemoMod:Strike_Huntress","DemoMod:Strike_Huntress","DemoMod:Defend_Huntress","DemoMod:Defend_Huntress","DemoMod:Defend_Huntress","DemoMod:Defend_Huntress","DemoMod:Roll","DemoMod:ManualReload","DemoMod:RustySidearm","DemoMod:CrossBow","DoctorFetus","DemoMod:AWP","DemoMod:MegaHand","DemoMod:SniperShot","Doubt","DemoMod:DoubleSwitch+1","DemoMod:TeaPot","DemoMod:Unity","DemoMod:GunstockTap","Injury","DemoMod:ChanceBullets","DemoMod:GunShield","DemoMod:GunShield"],"relics":["DemoMod:Dog","HushsDoor","SteamSale","aspiration:ChemicalBlood","DemoMod:Plus1Bullets","Mercury Hourglass","ReplayTheSpireMod:CursedCoin","Chemical X","HandDrill","Runesmith:Locket","GodSword4","Molten Egg 2","Cauldron"],"acts_visited":["Exordium"],"potions_floor_usage":[16,16,16],"damage_taken":[{"damage":0,"enemies":"2 Louse","floor":1,"turns":4},{"damage":0,"enemies":"Jaw Worm","floor":4,"turns":2},{"damage":2,"enemies":"Small Slimes","floor":7,"turns":2},{"damage":11,"enemies":"2 Fungi Beasts","floor":8,"turns":2},{"damage":46,"enemies":"Fading Forest","floor":16,"turns":10}],"seed_played":"1118306587465854488","potions_obtained":[{"floor":4,"key":"SkillPotion"},{"floor":7,"key":"SteroidPotion"},{"floor":15,"key":"Cursed Concoction"},{"floor":15,"key":"Explosive Potion"},{"floor":16,"key":"DistilledChaos"}],"is_trial":false,"path_per_floor":["M","?","$","M","?","R","M","M","T","?","R","?","R","$","R","B"],"character_chosen":"HUNTRESS","items_purchased":["DemoMod:Plus1Bullets","Mercury Hourglass","ReplayTheSpireMod:CursedCoin","Chemical X","HandDrill","Runesmith:Locket","DemoMod:DoubleSwitch+1","DemoMod:ChanceBullets","DemoMod:GunShield","Cauldron"],"campfire_rested":0,"item_purchase_floors":[3,3,3,3,6,6,6,13,14,15],"current_hp_per_floor":[70,70,70,70,53,53,51,40,40,40,40,40,40,40,40,0,0],"gold":63,"neow_bonus":"HUNDRED_GOLD","is_daily":false,"chose_seed":false,"campfire_upgraded":0,"win_rate":0.0,"timestamp":1607764288,"path_taken":["M","?","$","M","?","R","M","M","T","?","R","?","R","$","R","BOSS"],"items_purchased_type":["Relic","Relic","Relic","Relic","Relic","Relic","Card","Card","Card","Relic"],"build_version":"2020-11-30","purchased_purges":2,"victory":false,"max_hp_per_floor":[70,70,70,70,70,70,70,70,70,70,70,70,70,70,70,70,70],"card_choices":[{"not_picked":[],"picked":"DoctorFetus","floor":0},{"not_picked":["DemoMod:FortunesFavor","DemoMod:HungryBullets"],"picked":"DemoMod:AWP","floor":1},{"not_picked":["DemoMod:FortunesFavor","DemoMod:HardPowerCard"],"picked":"DemoMod:MegaHand","floor":4},{"not_picked":["DemoMod:Evolver","DemoMod:HardPowerCard"],"picked":"DemoMod:SniperShot","floor":5},{"not_picked":["DemoMod:Ejector","DemoMod:SpreadAmmo"],"picked":"DemoMod:TeaPot","floor":7},{"not_picked":["DemoMod:SAA","DemoMod:Purify"],"picked":"DemoMod:Unity","floor":8},{"not_picked":["DemoMod:GunShield","DemoMod:Evolver"],"picked":"DemoMod:GunstockTap","floor":10}],"player_experience":138725,"relics_obtained":[{"floor":9,"key":"GodSword4"}],"event_choices":[{"damage_healed":0,"gold_gain":0,"player_choice":"Box","damage_taken":0,"relics_obtained":["aspiration:ChemicalBlood"],"max_hp_gain":0,"max_hp_loss":0,"event_name":"Big Fish","floor":2,"gold_loss":0,"cards_obtained":["Regret"]}],"is_beta":false,"boss_relics":[],"items_purged_floors":[3,6],"is_endless":false,"potions_floor_spawned":[4,7],"killed_by":"Fading Forest","ascension_level":1}}