{"host":"6ko66ogg91i6g7xq","time":1607810618,"event":{"mods":["AchievementEnabler","Act Like it!","BaseMod","Colored Map","Colored Powertips","Downfall","Hermit","Minty Spire (QoL Compilation)","Quick Restart","Relic Stats","StSLib","The Jungle","everything is the same but u backflip on backflip"],"gold_per_floor":[118,137,137,212,212,212,52,52,52,77,92,92,118,129,129,225,225,236,22,42,141,156,156,181,196,241,251,283,283,283],"floor_reached":29,"playtime":967,"items_purged":[],"score":328,"play_id":"32e8f827-759d-45c1-9b96-752cde0f84e4","local_time":"20201212170338","is_ascension_mode":true,"campfire_choices":[{"floor":6,"key":"RECALL"},{"data":"Noxious Fumes","floor":8,"key":"SMITH"},{"data":"Noxious Fumes","floor":12,"key":"SMITH"},{"data":"Deadly Poison","floor":15,"key":"SMITH"},{"floor":23,"key":"REST"}],"circlet_count":0,"master_deck":["Strike_G","Strike_G","Strike_G","Strike_G","Strike_G","Defend_G","Defend_G","Defend_G","Defend_G","Defend_G","Survivor","Neutralize+1","Poisoned Stab+1","Backflip","Noxious Fumes+1","Deadly Poison+1","Blur","Noxious Fumes+1","Adrenaline","Caltrops","Dodge and Roll","Venomology","Leg Sweep+1","Bane+1"],"relics":["Ring of the Snake","NeowsBlessing","Gremlin Horn","Question Card","Bottled Flame","Darkstone Periapt","Regal Pillow","Pear","Centennial Puzzle","Ornamental Fan"],"acts_visited":["Exordium","TheCity"],"potions_floor_usage":[16,18,22,22,24,25,25,25,27,28,28,29,29,29],"damage_taken":[{"damage":0,"enemies":"2 Louse","floor":1,"turns":1},{"damage":0,"enemies":"Jaw Worm","floor":2,"turns":1},{"damage":0,"enemies":"Gremlin Nob","floor":10,"turns":1},{"damage":0,"enemies":"Small Slimes","floor":11,"turns":2},{"damage":11,"enemies":"Lagavulin","floor":13,"turns":5},{"damage":0,"enemies":"Gremlin Gang","floor":14,"turns":5},{"damage":8,"enemies":"Hexaghost","floor":16,"turns":8},{"damage":13,"enemies":"Shell Parasite","floor":18,"turns":5},{"damage":0,"enemies":"Chosen","floor":20,"turns":5},{"damage":9,"enemies":"Centurion and Healer","floor":22,"turns":6},{"damage":25,"enemies":"Gremlin Leader","floor":24,"turns":7},{"damage":20,"enemies":"Snake Plant","floor":25,"turns":5},{"damage":15,"enemies":"Snecko","floor":27,"turns":6},{"damage":26,"enemies":"Book of Stabbing","floor":28,"turns":7},{"damage":1,"enemies":"Centurion and Healer","floor":29,"turns":5}],"seed_played":"8797659431747161943","potions_obtained":[{"floor":11,"key":"GhostInAJar"},{"floor":13,"key":"Fire Potion"},{"floor":14,"key":"Block Potion"},{"floor":16,"key":"BlessingOfTheForge"},{"floor":18,"key":"FearPotion"},{"floor":27,"key":"Weak Potion"},{"floor":28,"key":"DistilledChaos"}],"is_trial":false,"path_per_floor":["M","M","?","T","?","R","$","R","T","E","M","R","E","M","R","B",null,"M","$","M","?","M","R","E","M","T","M","E","M"],"character_chosen":"THE_SILENT","items_purchased":["Noxious Fumes","Deadly Poison","Blur","Regal Pillow","Caltrops"],"campfire_rested":1,"item_purchase_floors":[7,7,7,19,19],"current_hp_per_floor":[70,70,70,70,70,70,70,70,70,70,70,70,59,59,59,51,70,57,57,57,57,48,70,55,47,47,32,6,5,5],"gold":283,"neow_bonus":"THREE_ENEMY_KILL","is_daily":false,"chose_seed":false,"campfire_upgraded":3,"win_rate":0.0,"timestamp":1607810618,"path_taken":["M","M","?","?","?","R","$","R","T","E","M","R","E","M","R","BOSS","M","$","?","?","M","R","E","M","T","M","E","M"],"items_purchased_type":["Card","Card","Card","Relic","Card"],"build_version":"2020-11-30","purchased_purges":0,"victory":false,"max_hp_per_floor":[70,70,70,70,70,70,70,70,70,70,70,70,70,70,70,70,70,70,70,70,70,70,70,80,80,80,80,80,80,80],"relic_stats":{"Darkstone Periapt":0,"Regal Pillow":1,"Centennial Puzzle":[9],"Gremlin Horn":[10,10],"counters":[15,69],"Ornamental Fan":[4],"Question Card":12,"obtain_stats":[{"Darkstone Periapt":13,"Bottled Flame":10,"Regal Pillow":19,"Centennial Puzzle":26,"Pear":24,"NeowsBlessing":0,"Gremlin Horn":4,"Ornamental Fan":28,"Question Card":9,"Ring of the Snake":0},{"Darkstone Periapt":5,"Bottled Flame":3,"Regal Pillow":8,"Centennial Puzzle":12,"Pear":11,"NeowsBlessing":0,"Gremlin Horn":2,"Ornamental Fan":14,"Question Card":2,"Ring of the Snake":0},{"Darkstone Periapt":10,"Bottled Flame":3,"Regal Pillow":28,"Centennial Puzzle":51,"Pear":46,"NeowsBlessing":0,"Gremlin Horn":2,"Ornamental Fan":64,"Question Card":2,"Ring of the Snake":0}],"Ring of the Snake":[30]},"card_choices":[{"not_picked":["PiercingWail","Underhanded Strike"],"picked":"Poisoned Stab","floor":1},{"not_picked":["Deflect","Setup"],"picked":"Backflip","floor":2},{"not_picked":["Acrobatics","Skewer","Distraction","Outmaneuver"],"picked":"SKIP","floor":10},{"not_picked":["Cloak And Dagger","Poisoned Stab","Deflect"],"picked":"Noxious Fumes","floor":11},{"not_picked":["Calculated Gamble","Dash","Flying Knee","Tactician"],"picked":"SKIP","floor":13},{"not_picked":["Flying Knee","Slice","Predator","PiercingWail"],"picked":"SKIP","floor":14},{"not_picked":["Doppelganger","After Image","Wraith Form v2"],"picked":"Adrenaline","floor":16},{"not_picked":["Sucker Punch+1","Flying Knee","Flechettes","Blade Dance+1"],"picked":"SKIP","floor":18},{"not_picked":["Predator","Sucker Punch","Masterful Stab+1"],"picked":"Dodge and Roll","floor":20},{"not_picked":["Outmaneuver","Sucker Punch","Flechettes","A Thousand Cuts"],"picked":"SKIP","floor":22},{"not_picked":["Outmaneuver","Flying Knee","Cloak And Dagger"],"picked":"Venomology","floor":24},{"not_picked":["Choke","Bane","Well Laid Plans+1","Dodge and Roll"],"picked":"SKIP","floor":25},{"not_picked":["Outmaneuver","Infinite Blades","Slice"],"picked":"Leg Sweep+1","floor":27},{"not_picked":["Reflex","Blade Dance","Slice"],"picked":"Bane+1","floor":28}],"player_experience":263287,"relics_obtained":[{"floor":4,"key":"Gremlin Horn"},{"floor":9,"key":"Question Card"},{"floor":10,"key":"Bottled Flame"},{"floor":13,"key":"Darkstone Periapt"},{"floor":24,"key":"Pear"},{"floor":26,"key":"Centennial Puzzle"},{"floor":28,"key":"Ornamental Fan"}],"event_choices":[{"damage_healed":0,"gold_gain":0,"player_choice":"Grow","damage_taken":0,"max_hp_gain":0,"max_hp_loss":0,"event_name":"Living Wall","floor":3,"gold_loss":0,"cards_upgraded":["Poisoned Stab"]},{"damage_healed":0,"gold_gain":0,"player_choice":"Upgraded","damage_taken":0,"max_hp_gain":0,"max_hp_loss":0,"event_name":"Upgrade Shrine","floor":5,"gold_loss":0,"cards_upgraded":["Neutralize"]},{"damage_healed":0,"gold_gain":99,"player_choice":"Stole From Cult","damage_taken":0,"max_hp_gain":0,"max_hp_loss":0,"event_name":"Nest","floor":21,"gold_loss":0}],"is_beta":false,"boss_relics":[{"not_picked":["Pandora\u0027s Box","Sozu","Coffee Dripper"]}],"items_purged_floors":[],"is_endless":false,"potions_floor_spawned":[11,13,14,16,18,27,28],"killed_by":"Centurion and Healer","ascension_level":2}}