{"host":"ow9msrs9p2ctkx99","time":1607805396,"event":{"mods":["AchievementEnabler","BaseMod","Colored Map","Colored Powertips","Minty Spire (QoL Compilation)","Permanent Neow","Quick Restart","SuperFastMode"],"gold_per_floor":[110,35,35,110,121,121,163,183,230,257,257,3,3,33,33,140,140,167,167,197,113,140,140,140],"floor_reached":23,"playtime":1583,"items_purged":[],"score":331,"play_id":"402a3a5e-30ef-4874-b476-c9c0dae110f1","local_time":"20201212213636","is_ascension_mode":true,"campfire_choices":[{"data":"Neutralize","floor":6,"key":"SMITH"},{"floor":15,"key":"REST"}],"circlet_count":0,"master_deck":["AscendersBane","Strike_G","Defend_G","Defend_G","Defend_G","Defend_G","Defend_G","Survivor","Neutralize+1","Calculated Gamble","Accuracy","Envenom+1","Poisoned Stab","Dagger Throw","Underhanded Strike+1","Wraith Form v2","Riddle With Holes+1","Prepared+1","PiercingWail","Terror","Ghostly","Ghostly","Ghostly"],"relics":["Philosopher\u0027s Stone","CeramicFish","Ancient Tea Set","Golden Idol","Molten Egg 2","Empty Cage"],"acts_visited":["Exordium","TheCity"],"potions_floor_usage":[7,16,18,20,23],"damage_taken":[{"damage":0,"enemies":"2 Louse","floor":1,"turns":4},{"damage":4,"enemies":"Jaw Worm","floor":5,"turns":6},{"damage":20,"enemies":"Gremlin Nob","floor":7,"turns":6},{"damage":5,"enemies":"Small Slimes","floor":8,"turns":6},{"damage":7,"enemies":"3 Louse","floor":10,"turns":4},{"damage":0,"enemies":"Large Slime","floor":14,"turns":6},{"damage":20,"enemies":"Hexaghost","floor":16,"turns":9},{"damage":27,"enemies":"Chosen","floor":18,"turns":6},{"damage":12,"enemies":"Spheric Guardian","floor":20,"turns":4},{"damage":9,"enemies":"Gremlin Leader","floor":23,"turns":2}],"seed_played":"-734666055770351872","potions_obtained":[{"floor":5,"key":"AttackPotion"},{"floor":8,"key":"ColorlessPotion"},{"floor":16,"key":"Explosive Potion"},{"floor":18,"key":"DistilledChaos"},{"floor":20,"key":"CultistPotion"}],"is_trial":false,"path_per_floor":["M","?","?","?","M","R","E","M","T","M","?","$","?","M","R","B",null,"M","?","M","$","?","E"],"character_chosen":"THE_SILENT","items_purchased":["Molten Egg 2","PiercingWail","Terror"],"campfire_rested":1,"item_purchase_floors":[12,21,21],"current_hp_per_floor":[59,59,52,41,37,37,17,12,12,5,5,5,5,5,23,3,46,19,19,7,7,7,0,0],"gold":140,"neow_bonus":"BOSS_RELIC","is_daily":false,"chose_seed":false,"campfire_upgraded":1,"win_rate":0.0,"timestamp":1607805396,"path_taken":["M","?","?","?","M","R","E","M","T","M","?","$","?","M","R","BOSS","M","?","?","$","?","E"],"items_purchased_type":["Relic","Card","Card"],"build_version":"2020-11-30","purchased_purges":0,"victory":false,"max_hp_per_floor":[66,66,66,66,66,66,66,66,66,66,60,60,60,60,60,60,60,60,60,60,60,30,30,30],"card_choices":[{"not_picked":["Slice","Acrobatics"],"picked":"Calculated Gamble","floor":1},{"not_picked":["Acrobatics","Expertise"],"picked":"Accuracy","floor":5},{"not_picked":["Deflect","Dash"],"picked":"Envenom","floor":7},{"not_picked":["Caltrops","Calculated Gamble"],"picked":"Poisoned Stab","floor":8},{"not_picked":["Underhanded Strike","Leg Sweep"],"picked":"Dagger Throw","floor":10},{"not_picked":["Prepared","Acrobatics"],"picked":"Underhanded Strike+1","floor":14},{"not_picked":["Envenom","Tools of the Trade"],"picked":"Wraith Form v2","floor":16},{"not_picked":["Quick Slash+1","Poisoned Stab+1"],"picked":"Riddle With Holes+1","floor":18},{"not_picked":["Backflip","Outmaneuver"],"picked":"Prepared+1","floor":20}],"player_experience":961080,"relics_obtained":[{"floor":7,"key":"CeramicFish"},{"floor":9,"key":"Ancient Tea Set"}],"event_choices":[{"cards_removed":["Strike_G"],"damage_healed":0,"gold_gain":0,"player_choice":"Card Removal","damage_taken":0,"max_hp_gain":0,"max_hp_loss":0,"event_name":"The Cleric","floor":2,"gold_loss":75},{"cards_removed":["Strike_G"],"damage_healed":0,"gold_gain":0,"player_choice":"Card Removal","damage_taken":7,"max_hp_gain":0,"max_hp_loss":0,"event_name":"Golden Wing","floor":3,"gold_loss":0},{"damage_healed":0,"gold_gain":75,"player_choice":"Gather Gold","damage_taken":11,"max_hp_gain":0,"max_hp_loss":0,"event_name":"World of Goop","floor":4,"gold_loss":0},{"damage_healed":0,"gold_gain":0,"player_choice":"Lose Max HP","damage_taken":0,"relics_obtained":["Golden Idol"],"max_hp_gain":0,"max_hp_loss":6,"event_name":"Golden Idol","floor":11,"gold_loss":0},{"damage_healed":0,"gold_gain":0,"player_choice":"Ignored","damage_taken":0,"max_hp_gain":0,"max_hp_loss":0,"event_name":"Shining Light","floor":13,"gold_loss":0},{"damage_healed":0,"gold_gain":0,"player_choice":"Upgraded","damage_taken":0,"max_hp_gain":0,"max_hp_loss":0,"event_name":"Upgrade Shrine","floor":19,"gold_loss":0,"cards_upgraded":["Envenom"]},{"damage_healed":0,"gold_gain":0,"player_choice":"Became a Ghost","damage_taken":0,"max_hp_gain":0,"max_hp_loss":30,"event_name":"Ghosts","floor":22,"gold_loss":0,"cards_obtained":["Ghostly","Ghostly","Ghostly"]}],"is_beta":false,"boss_relics":[{"not_picked":["Coffee Dripper","Runic Dome"],"picked":"Empty Cage"}],"items_purged_floors":[],"is_endless":false,"potions_floor_spawned":[5,8,16,18,20],"killed_by":"Gremlin Leader","ascension_level":15}}