{"host":"t8l92xzjkmihtain","time":1607756005,"event":{"mods":["AchievementEnabler","BaseMod","Colored Map","Minty Spire (QoL Compilation)","Rare Cards Sparkle","SuperFastMode","everything is the same but u backflip on backflip"],"gold_per_floor":[113,30,44,63,78,113,113,130,130,149,149,149,160,160,160,160,160],"floor_reached":16,"playtime":713,"items_purged":[],"score":104,"play_id":"096acecd-5e71-4cff-ba8c-a6d8c78927d7","local_time":"20201212155325","is_ascension_mode":false,"campfire_choices":[{"floor":7,"key":"REST"},{"floor":11,"key":"REST"},{"data":"Pommel Strike","floor":15,"key":"SMITH"}],"circlet_count":0,"master_deck":["Strike_R","Strike_R","Strike_R","Strike_R","Strike_R","Defend_R","Defend_R","Defend_R","Bash","Twin Strike","Pommel Strike+1","Shrug It Off","Warcry","Warcry"],"relics":["Burning Blood","NeowsBlessing","Ornamental Fan","Pear","Toxic Egg 2","Matryoshka"],"acts_visited":["Exordium"],"potions_floor_usage":[16,16],"damage_taken":[{"damage":0,"enemies":"Small Slimes","floor":1,"turns":1},{"damage":0,"enemies":"Cultist","floor":3,"turns":1},{"damage":0,"enemies":"Jaw Worm","floor":4,"turns":1},{"damage":22,"enemies":"Exordium Wildlife","floor":5,"turns":5},{"damage":34,"enemies":"3 Sentries","floor":6,"turns":9},{"damage":18,"enemies":"Exordium Thugs","floor":8,"turns":4},{"damage":13,"enemies":"Red Slaver","floor":10,"turns":2},{"damage":15,"enemies":"Lots of Slimes","floor":13,"turns":3},{"damage":96,"enemies":"The Guardian","floor":16,"turns":9}],"seed_played":"-3383376389681513938","potions_obtained":[{"floor":1,"key":"Ancient Potion"},{"floor":6,"key":"Swift Potion"},{"floor":13,"key":"BloodPotion"}],"is_trial":false,"path_per_floor":["M","?","M","M","M","E","R","M","T","M","R","T","M","?","R","B"],"character_chosen":"IRONCLAD","items_purchased":[],"campfire_rested":2,"item_purchase_floors":[],"current_hp_per_floor":[80,80,80,80,64,46,73,61,61,54,81,81,72,72,72,0,0],"gold":160,"neow_bonus":"THREE_ENEMY_KILL","is_daily":false,"chose_seed":false,"campfire_upgraded":1,"win_rate":0.0,"timestamp":1607756005,"path_taken":["M","?","M","M","?","E","R","M","T","M","R","?","M","?","R","BOSS"],"items_purchased_type":[],"build_version":"2020-11-30","purchased_purges":0,"victory":false,"max_hp_per_floor":[80,80,80,80,80,90,90,90,90,90,90,90,90,90,90,90,90],"card_choices":[{"not_picked":["Pummel","Sword Boomerang","Armaments"],"picked":"SKIP","floor":1},{"not_picked":["Thunderclap","Seeing Red"],"picked":"Twin Strike","floor":3},{"not_picked":["Headbutt","Warcry"],"picked":"Pommel Strike","floor":4},{"not_picked":["Heavy Blade","Sword Boomerang"],"picked":"Shrug It Off","floor":5},{"not_picked":["Cleave","Feed"],"picked":"Warcry","floor":6},{"not_picked":["Headbutt","Heavy Blade"],"picked":"Warcry","floor":8},{"not_picked":["Entrench+1","Thunderclap","Reckless Charge"],"picked":"SKIP","floor":10},{"not_picked":["Thunderclap","Clothesline","Headbutt"],"picked":"SKIP","floor":13}],"player_experience":8652,"relics_obtained":[{"floor":6,"key":"Pear"},{"floor":9,"key":"Toxic Egg 2"},{"floor":12,"key":"Matryoshka"}],"event_choices":[{"damage_healed":0,"gold_gain":0,"player_choice":"Paid Gold","damage_taken":0,"relics_obtained":["Ornamental Fan"],"max_hp_gain":0,"max_hp_loss":0,"event_name":"WeMeetAgain","floor":2,"gold_loss":83},{"cards_removed":["Defend_R"],"damage_healed":0,"gold_gain":0,"player_choice":"Forget","damage_taken":0,"max_hp_gain":0,"max_hp_loss":0,"event_name":"Living Wall","floor":14,"gold_loss":0}],"is_beta":false,"boss_relics":[],"items_purged_floors":[],"is_endless":false,"potions_floor_spawned":[1,6,13],"killed_by":"The Guardian","ascension_level":0}}