{"host":"y76clbnovzmw9ubx","time":1607786505,"event":{"mods":["AchievementEnabler","BaseMod","Minty Spire (QoL Compilation)","Permanent Neow","Relic Stats"],"gold_per_floor":[113,132,132,182,200,228,31,31,31,31,31],"floor_reached":10,"playtime":947,"items_purged":["Strike_G"],"score":132,"play_id":"57e9f26d-51bd-4795-a4bc-ac96250f7b6f","local_time":"20201212102145","is_ascension_mode":true,"campfire_choices":[{"floor":8,"key":"REST"}],"circlet_count":0,"master_deck":["AscendersBane","Strike_G","Strike_G","Strike_G","Strike_G","Defend_G","Defend_G","Defend_G","Defend_G","Defend_G","Survivor","Neutralize+1","Poisoned Stab","Well Laid Plans","Caltrops","Backstab","Footwork","Masterful Stab"],"relics":["Ring of the Snake","Gremlin Horn","Meat on the Bone"],"acts_visited":["Exordium"],"potions_floor_usage":[6],"damage_taken":[{"damage":0,"enemies":"2 Louse","floor":1,"turns":4},{"damage":0,"enemies":"Cultist","floor":2,"turns":3},{"damage":4,"enemies":"Jaw Worm","floor":5,"turns":4},{"damage":39,"enemies":"3 Sentries","floor":6,"turns":9},{"damage":37,"enemies":"Gremlin Nob","floor":10,"turns":4}],"seed_played":"7041973657361181519","potions_obtained":[{"floor":2,"key":"PowerPotion"}],"is_trial":false,"path_per_floor":["M","M","?","?","M","E","$","R","T","E"],"character_chosen":"THE_SILENT","items_purchased":["Footwork","Masterful Stab"],"campfire_rested":1,"item_purchase_floors":[7,7],"current_hp_per_floor":[59,59,59,59,55,16,16,35,35,0,0],"gold":31,"neow_bonus":"UPGRADE_CARD","is_daily":false,"chose_seed":false,"campfire_upgraded":0,"win_rate":0.0,"timestamp":1607786505,"path_taken":["M","M","?","?","?","E","$","R","T","E"],"items_purchased_type":["Card","Card"],"build_version":"2020-11-30","purchased_purges":1,"victory":false,"max_hp_per_floor":[66,66,66,66,66,66,66,66,66,66,66],"relic_stats":{"Gremlin Horn":[0,0],"counters":[5,24],"obtain_stats":[{"Gremlin Horn":6,"Ring of the Snake":0,"Meat on the Bone":9},{"Gremlin Horn":4,"Ring of the Snake":0,"Meat on the Bone":4},{"Gremlin Horn":20,"Ring of the Snake":0,"Meat on the Bone":20}],"Ring of the Snake":[10],"Meat on the Bone":0},"card_choices":[{"not_picked":["Quick Slash","Concentrate"],"picked":"Poisoned Stab","floor":1},{"not_picked":["Blade Dance","PiercingWail"],"picked":"Well Laid Plans","floor":2},{"not_picked":["Choke","PiercingWail"],"picked":"Caltrops","floor":5},{"not_picked":["Blur","Terror"],"picked":"Backstab","floor":6}],"player_experience":2826897,"relics_obtained":[{"floor":6,"key":"Gremlin Horn"},{"floor":9,"key":"Meat on the Bone"}],"event_choices":[{"damage_healed":0,"gold_gain":0,"player_choice":"Fled","damage_taken":0,"max_hp_gain":0,"max_hp_loss":0,"event_name":"Scrap Ooze","floor":3,"gold_loss":0},{"damage_healed":0,"gold_gain":50,"player_choice":"Pray","damage_taken":0,"max_hp_gain":0,"max_hp_loss":0,"event_name":"Golden Shrine","floor":4,"gold_loss":0}],"is_beta":false,"boss_relics":[],"items_purged_floors":[7],"is_endless":false,"potions_floor_spawned":[2],"killed_by":"Gremlin Nob","ascension_level":20}}