{"host":"9v3x998ddbx8o276","time":1607778501,"event":{"mods":["AchievementEnabler","BaseMod","Colored Map","Highlight Path","Minty Spire (QoL Compilation)","Quick Restart","Rare Cards Sparkle"],"gold_per_floor":[118,118,193,212,228,228,245,245,270,2,28,46,71,71,71,145,145,155,171,171,187,112,112,123,123,123,123,123,83,83,97,97,97,97],"floor_reached":33,"playtime":947,"items_purged":["Strike_B"],"score":514,"play_id":"ab7ec644-ae6d-4715-b6ea-b7e6f769487a","local_time":"20201212233821","is_ascension_mode":true,"campfire_choices":[{"data":"Sweeping Beam","floor":6,"key":"SMITH"},{"data":"Melter","floor":8,"key":"SMITH"},{"data":"Static Discharge","floor":15,"key":"SMITH"},{"floor":23,"key":"REST"},{"floor":27,"key":"REST"},{"data":"Blizzard","floor":30,"key":"SMITH"},{"floor":32,"key":"REST"}],"circlet_count":0,"master_deck":["AscendersBane","Strike_B","Defend_B","Defend_B","Defend_B","Defend_B","Zap","Dualcast","Sweeping Beam+1","Ball Lightning","Gash","Melter+1","Static Discharge+1","Doom and Gloom","Conserve Battery","Go for the Eyes","Cold Snap","Skim","Creative AI","Coolheaded","Gash+1","Blizzard+1","Reprogram","Reprogram","Compile Driver","Undo"],"relics":["FrozenCore","NeowsBlessing","Kunai","Potion Belt","Incense Burner","Boot","Darkstone Periapt"],"acts_visited":["Exordium","TheCity"],"potions_floor_usage":[24,24,25,25,33,33],"damage_taken":[{"damage":0,"enemies":"Jaw Worm","floor":1,"turns":1},{"damage":0,"enemies":"Small Slimes","floor":4,"turns":1},{"damage":0,"enemies":"2 Louse","floor":5,"turns":1},{"damage":4,"enemies":"Red Slaver","floor":7,"turns":3},{"damage":8,"enemies":"Gremlin Nob","floor":11,"turns":3},{"damage":10,"enemies":"3 Louse","floor":12,"turns":2},{"damage":4,"enemies":"Lagavulin","floor":13,"turns":6},{"damage":29,"enemies":"The Guardian","floor":16,"turns":9},{"damage":10,"enemies":"Shell Parasite","floor":18,"turns":4},{"damage":2,"enemies":"Chosen","floor":19,"turns":4},{"damage":22,"enemies":"Centurion and Healer","floor":21,"turns":8},{"damage":15,"enemies":"Snake Plant","floor":24,"turns":4},{"damage":15,"enemies":"Shelled Parasite and Fungi","floor":25,"turns":4},{"damage":28,"enemies":"Snecko","floor":31,"turns":5},{"damage":61,"enemies":"Champ","floor":33,"turns":10}],"seed_played":"-383193908367095307","potions_obtained":[{"floor":5,"key":"SpeedPotion"},{"floor":7,"key":"Strength Potion"},{"floor":11,"key":"Strength Potion"},{"floor":12,"key":"Strength Potion"},{"floor":18,"key":"FocusPotion"},{"floor":19,"key":"SmokeBomb"},{"floor":29,"key":"Regen Potion"},{"floor":29,"key":"LiquidBronze"},{"floor":29,"key":"FearPotion"}],"is_trial":false,"path_per_floor":["M","?","T","M","M","R","M","R","T","$","E","M","E","?","R","B",null,"M","M","?","M","?","R","M","M","T","R","?","?","R","M","R","B"],"character_chosen":"DEFECT","items_purchased":["Static Discharge","Doom and Gloom","Conserve Battery"],"campfire_rested":3,"item_purchase_floors":[10,10,10],"current_hp_per_floor":[64,64,64,64,64,64,60,60,60,60,52,42,38,61,61,32,61,51,49,49,27,27,48,33,18,18,39,53,53,53,25,46,0,0],"gold":97,"neow_bonus":"THREE_ENEMY_KILL","is_daily":false,"chose_seed":false,"campfire_upgraded":4,"win_rate":0.0,"timestamp":1607778501,"path_taken":["M","?","?","M","M","R","M","R","T","$","E","M","E","?","R","BOSS","M","M","?","M","?","R","?","M","T","R","?","?","R","M","R","BOSS"],"items_purchased_type":["Card","Card","Card"],"build_version":"2020-11-30","purchased_purges":1,"victory":false,"max_hp_per_floor":[71,71,71,71,71,71,71,71,71,71,71,71,71,71,71,71,71,71,71,71,71,71,71,71,71,71,71,71,71,71,71,71,71,71],"card_choices":[{"not_picked":["FTL","Darkness"],"picked":"Sweeping Beam","floor":1},{"not_picked":["White Noise","Leap"],"picked":"Ball Lightning","floor":4},{"not_picked":["Barrage","Steam"],"picked":"Gash","floor":5},{"not_picked":["Aggregate","Leap"],"picked":"Melter","floor":7},{"not_picked":["Heatsinks","Skim"],"picked":"Go for the Eyes","floor":11},{"not_picked":["Sweeping Beam","Chaos"],"picked":"Cold Snap","floor":12},{"not_picked":["Rebound","Conserve Battery"],"picked":"Skim","floor":13},{"not_picked":["Fission","Meteor Strike"],"picked":"Creative AI","floor":16},{"not_picked":["Steam Power","Skim+1"],"picked":"Coolheaded","floor":18},{"not_picked":["Turbo","Doom and Gloom"],"picked":"Gash+1","floor":19},{"not_picked":["Coolheaded","Streamline"],"picked":"Blizzard","floor":21},{"not_picked":["Beam Cell","Rip and Tear"],"picked":"Compile Driver","floor":24},{"not_picked":["Sweeping Beam","Go for the Eyes"],"picked":"Undo","floor":31}],"player_experience":2020677,"relics_obtained":[{"floor":3,"key":"Kunai"},{"floor":9,"key":"Potion Belt"},{"floor":11,"key":"Incense Burner"},{"floor":13,"key":"Boot"},{"floor":26,"key":"Darkstone Periapt"}],"event_choices":[{"damage_healed":0,"gold_gain":0,"player_choice":"Leave","damage_taken":0,"max_hp_gain":0,"max_hp_loss":0,"event_name":"The Cleric","floor":2,"gold_loss":0},{"damage_healed":23,"gold_gain":0,"player_choice":"Banana","damage_taken":0,"max_hp_gain":0,"max_hp_loss":0,"event_name":"Big Fish","floor":14,"gold_loss":0},{"damage_healed":0,"gold_gain":0,"player_choice":"Ignored","damage_taken":0,"max_hp_gain":0,"max_hp_loss":0,"event_name":"Vampires","floor":20,"gold_loss":0},{"damage_healed":0,"gold_gain":0,"cards_transformed":["Strike_B","Strike_B"],"player_choice":"Transformed Cards","damage_taken":0,"max_hp_gain":0,"max_hp_loss":0,"event_name":"Designer","floor":22,"gold_loss":75,"cards_obtained":["Reprogram","Reprogram"]},{"damage_healed":14,"gold_gain":0,"player_choice":"Heal","damage_taken":0,"max_hp_gain":0,"max_hp_loss":0,"event_name":"The Library","floor":28,"gold_loss":0},{"damage_healed":0,"gold_gain":0,"player_choice":"Bought 3 Potions","damage_taken":0,"max_hp_gain":0,"max_hp_loss":0,"event_name":"The Woman in Blue","floor":29,"gold_loss":0}],"is_beta":false,"boss_relics":[{"not_picked":["Runic Dome","Tiny House"],"picked":"FrozenCore"}],"items_purged_floors":[10],"is_endless":false,"potions_floor_spawned":[5,7,11,12,16,18,19,25],"killed_by":"Champ","ascension_level":20}}