{"host":"hjkuipvvowcpo8la","time":1607813904,"event":{"mods":["AchievementEnabler","BaseMod","Block Reminder","CapriCore","Colored Map","Colored Powertips","Highlight Path","Minty Spire (QoL Compilation)","Permanent Neow","Quick Restart","Rare Cards Sparkle","StSLib"],"gold_per_floor":[112,127,2,19,19,19,52,52,104,117,117,117,130,162,174,289,301,324,27,27,27,27,59,70,70,70,70,169,169,169,204,204,204,204],"floor_reached":33,"playtime":1106,"items_purged":["Strike_R"],"score":303,"play_id":"4732bb60-7f07-4aff-a17c-2c765c165fda","local_time":"20201212235824","is_ascension_mode":true,"campfire_choices":[{"data":"Bash","floor":6.0,"key":"SMITH"},{"data":"Rampage","floor":8.0,"key":"SMITH"},{"data":"Pommel Strike","floor":11.0,"key":"SMITH"},{"data":"True Grit","floor":15.0,"key":"SMITH"},{"data":"Inflame","floor":25.0,"key":"SMITH"},{"data":"Havoc","floor":27.0,"key":"SMITH"},{"data":"Burning Pact","floor":29.0,"key":"SMITH"},{"data":"Spot Weakness","floor":32.0,"key":"SMITH"}],"circlet_count":0,"master_deck":["Strike_R","Strike_R","Defend_R","Defend_R","Defend_R","Defend_R","Bash+1","Shrug It Off","Clothesline","Pommel Strike+1","Thunderclap","Rampage+1","Spot Weakness+1","True Grit+1","Reaper","Battle Trance","Sword Boomerang","Searing Blow","Offering","Burning Pact+1","Inflame+1","Havoc+1"],"relics":["Burning Blood","Vajra","Art of War","Blue Candle","MawBank","Snecko Eye","Dead Branch","CaptainsWheel","Anchor","SsserpentHead","Du-Vu Doll"],"acts_visited":["Exordium","TheCity"],"potions_floor_usage":[33],"damage_taken":[{"damage":0.0,"enemies":"2 Louse","floor":1.0,"turns":4.0},{"damage":1.0,"enemies":"Cultist","floor":2.0,"turns":4.0},{"damage":2.0,"enemies":"Jaw Worm","floor":4.0,"turns":5.0},{"damage":20.0,"enemies":"Gremlin Nob","floor":7.0,"turns":4.0},{"damage":6.0,"enemies":"2 Fungi Beasts","floor":10.0,"turns":4.0},{"damage":0.0,"enemies":"Large Slime","floor":13.0,"turns":5.0},{"damage":21.0,"enemies":"Lagavulin","floor":14.0,"turns":5.0},{"damage":37.0,"enemies":"Hexaghost","floor":16.0,"turns":9.0},{"damage":0.0,"enemies":"Chosen","floor":18.0,"turns":3.0},{"damage":29.0,"enemies":"Slavers","floor":23.0,"turns":3.0},{"damage":9.0,"enemies":"Spheric Guardian","floor":24.0,"turns":2.0},{"damage":24.0,"enemies":"Gremlin Leader","floor":31.0,"turns":4.0},{"damage":80,"enemies":"Collector","floor":33,"turns":9}],"seed_played":"4634337384582278457","potions_obtained":[{"floor":2.0,"key":"Dexterity Potion"},{"floor":10.0,"key":"SteroidPotion"},{"floor":14.0,"key":"Fire Potion"}],"is_trial":true,"path_per_floor":["M","M","$","M","?","R","E","R","T","M","R","T","M","E","R","B",null,"M","$","?","?","$","E","M","R","T","R","?","R","?","E","R","B"],"character_chosen":"IRONCLAD","items_purchased":["Pommel Strike","Dead Branch","Sword Boomerang"],"campfire_rested":0,"item_purchase_floors":[3,19,19],"current_hp_per_floor":[80,80,80,80,80,80,66,66,66,66,66,66,72,57,57,26,80,80,80,80,80,80,80,77,77,77,77,77,77,77,59,59,8,8],"gold":204,"neow_bonus":"","is_daily":false,"chose_seed":true,"campfire_upgraded":8,"win_rate":0.0,"timestamp":1607813904,"path_taken":["M","M","$","M","?","R","E","R","T","?","R","?","?","E","R","BOSS","M","$","?","?","$","E","M","R","T","R","?","R","?","E","R","BOSS"],"items_purchased_type":["Card","Relic","Card"],"build_version":"2020-11-30","purchased_purges":1,"victory":false,"max_hp_per_floor":[80,80,80,80,80,80,80,80,80,80,80,80,80,80,80,80,80,80,80,80,80,80,80,80,80,80,80,80,80,80,80,80,80,80],"card_choices":[{"not_picked":["Rupture","Twin Strike"],"picked":"Shrug It Off","floor":1.0},{"not_picked":["Rage","True Grit"],"picked":"Clothesline","floor":2.0},{"not_picked":["Dark Embrace","Searing Blow"],"picked":"Thunderclap","floor":4.0},{"not_picked":["Thunderclap","Sever Soul"],"picked":"Rampage","floor":7.0},{"not_picked":["Cleave","Iron Wave"],"picked":"Spot Weakness","floor":10.0},{"not_picked":["Evolve","Perfected Strike"],"picked":"True Grit","floor":13.0},{"not_picked":["Flex","Combust","Cleave"],"picked":"SKIP","floor":14.0},{"not_picked":["Double Tap","Brutality"],"picked":"Reaper","floor":16.0},{"not_picked":["Entrench","Feel No Pain"],"picked":"Battle Trance","floor":18.0},{"not_picked":["Iron Wave","Warcry+1"],"picked":"Inflame","floor":23.0},{"not_picked":["Perfected Strike","Headbutt"],"picked":"Havoc","floor":24.0},{"not_picked":["Havoc","Iron Wave+1","Rage"],"picked":"SKIP","floor":31.0}],"player_experience":243821,"relics_obtained":[{"floor":7.0,"key":"Vajra"},{"floor":9.0,"key":"Art of War"},{"floor":12.0,"key":"Blue Candle"},{"floor":14.0,"key":"MawBank"},{"floor":23.0,"key":"CaptainsWheel"},{"floor":26.0,"key":"Anchor"},{"floor":31.0,"key":"Du-Vu Doll"}],"event_choices":[{"damage_healed":0.0,"max_hp_gain":0.0,"max_hp_loss":0.0,"gold_gain":0.0,"event_name":"Match and Keep!","player_choice":"0 cards matched","floor":5.0,"gold_loss":0.0,"damage_taken":0.0,"cards_obtained":[]},{"damage_healed":0.0,"max_hp_gain":0.0,"max_hp_loss":0.0,"gold_gain":0.0,"cards_transformed":["Strike_R","Strike_R"],"event_name":"Drug Dealer","player_choice":"Became Test Subject","floor":20.0,"gold_loss":0.0,"damage_taken":0.0,"cards_obtained":["Searing Blow","Offering"]},{"damage_healed":0.0,"max_hp_gain":0.0,"max_hp_loss":0.0,"gold_gain":0.0,"event_name":"The Library","player_choice":"Read","floor":21.0,"gold_loss":0.0,"damage_taken":0.0,"cards_obtained":["Burning Pact"]},{"damage_healed":0.0,"max_hp_gain":0.0,"max_hp_loss":0.0,"gold_gain":99.0,"event_name":"Nest","player_choice":"Stole From Cult","floor":28.0,"gold_loss":0.0,"damage_taken":0.0},{"damage_healed":0.0,"max_hp_gain":0.0,"max_hp_loss":0.0,"gold_gain":0.0,"event_name":"FaceTrader","player_choice":"Trade","floor":30.0,"gold_loss":0.0,"damage_taken":0.0,"relics_obtained":["SsserpentHead"]}],"is_beta":false,"boss_relics":[{"not_picked":["Busted Crown","Black Blood"],"picked":"Snecko Eye"}],"items_purged_floors":[3],"is_endless":false,"potions_floor_spawned":[2,10,14,18,23],"killed_by":"Collector","ascension_level":1}}