{"host":"f9ntswufr8mq3t4y","time":1607760957,"event":{"mods":["AchievementEnabler","BaseMod","Best Route Mod","Block Reminder","Colored Map","Colored Powertips","DeckTracker","Highlight Path","Minty Spire (QoL Compilation)","Permanent Neow","Quick Restart"],"gold_per_floor":[115,135,135,148,163,163,194,194,219,219,235,310,310,325,325,428,428,446,371,152,152,164,164,199,124,194,219,219,219,246,272,272,386,695,709,721,304,324,333,333,359,368,368,387,387,448,448,467,467,467,467],"floor_reached":50,"playtime":2694,"items_purged":["Strike_B","Strike_B"],"score":612,"play_id":"457f01e3-bbfd-49f1-b6ac-e5392994b998","local_time":"20201212111557","is_ascension_mode":true,"campfire_choices":[{"data":"Genetic Algorithm","floor":6.0,"key":"SMITH"},{"data":"Genetic Algorithm","floor":8.0,"key":"SMITH"},{"data":"The Bomb","floor":10.0,"key":"SMITH"},{"floor":13,"key":"REST"},{"data":"Reprogram","floor":15,"key":"SMITH"},{"data":"Buffer","floor":23,"key":"SMITH"},{"floor":29,"key":"REST"},{"floor":32,"key":"REST"},{"data":"Secret Technique","floor":40,"key":"SMITH"},{"floor":42,"key":"REST"},{"floor":45,"key":"REST"},{"data":"Seek","floor":47,"key":"SMITH"},{"floor":49,"key":"REST"}],"circlet_count":0,"master_deck":["Strike_B","Strike_B","Defend_B","Defend_B","Defend_B","Defend_B","Dualcast","The Bomb+1","Genetic Algorithm+1","Auto Shields","Genetic Algorithm+1","Reprogram+1","Buffer+1","FTL+1","Hyperbeam","Hyperbeam+1","Recycle+1","BootSequence","White Noise","Machine Learning+1","CurseOfTheBell","Chrysalis","Double Energy+1","Secret Technique+1","Reprogram+1","Seek+1","Parasite"],"relics":["Cracked Core","Girya","Vajra","Black Star","Anchor","Nloth\u0027s Gift","Shuriken","CeramicFish","Frozen Egg 2","Art of War","Blue Candle","Calling Bell","Dream Catcher","Question Card","Old Coin","Ancient Tea Set","Lizard Tail","DataDisk","Mummified Hand","Prayer Wheel"],"acts_visited":["Exordium","TheCity","TheBeyond"],"potions_floor_usage":[11,16,33,41,41,41,46,50],"damage_taken":[{"damage":1.0,"enemies":"Cultist","floor":1.0,"turns":3.0},{"damage":1.0,"enemies":"2 Louse","floor":2.0,"turns":3.0},{"damage":7.0,"enemies":"Small Slimes","floor":4.0,"turns":3.0},{"damage":3.0,"enemies":"Blue Slaver","floor":5.0,"turns":4.0},{"damage":14.0,"enemies":"3 Sentries","floor":7.0,"turns":4.0},{"damage":15,"enemies":"Gremlin Gang","floor":11,"turns":4},{"damage":6,"enemies":"Exordium Thugs","floor":14,"turns":5},{"damage":18,"enemies":"The Guardian","floor":16,"turns":11},{"damage":20,"enemies":"2 Thieves","floor":18,"turns":3},{"damage":11,"enemies":"Shell Parasite","floor":22,"turns":4},{"damage":25,"enemies":"Gremlin Leader","floor":24,"turns":6},{"damage":2,"enemies":"Snecko","floor":27,"turns":4},{"damage":25,"enemies":"Book of Stabbing","floor":30,"turns":5},{"damage":0,"enemies":"Centurion and Healer","floor":31,"turns":6},{"damage":18,"enemies":"Champ","floor":33,"turns":13},{"damage":1,"enemies":"3 Darklings","floor":35,"turns":3},{"damage":0,"enemies":"3 Shapes","floor":36,"turns":3},{"damage":1,"enemies":"3 Darklings","floor":38,"turns":3},{"damage":60,"enemies":"Reptomancer","floor":41,"turns":7},{"damage":5,"enemies":"Transient","floor":44,"turns":5},{"damage":23,"enemies":"2 Orb Walkers","floor":46,"turns":4},{"damage":10,"enemies":"Writhing Mass","floor":48,"turns":7},{"damage":73,"enemies":"Donu and Deca","floor":50,"turns":8}],"seed_played":"4863550888479787144","potions_obtained":[{"floor":7.0,"key":"DistilledChaos"},{"floor":11,"key":"CultistPotion"},{"floor":14,"key":"AttackPotion"},{"floor":18,"key":"Explosive Potion"},{"floor":24,"key":"PotionOfCapacity"},{"floor":38,"key":"LiquidMemories"},{"floor":44,"key":"ColorlessPotion"},{"floor":48,"key":"BlessingOfTheForge"}],"is_trial":false,"path_per_floor":["M","M","T","M","M","R","E","R","T","R","M","?","R","M","R","B",null,"M","?","$","?","M","R","E","$","T","M","?","R","E","M","R","B",null,"M","M","$","M","?","R","E","R","T","M","R","?","R","M","R","B"],"character_chosen":"DEFECT","items_purchased":["Hyperbeam","Anchor","Chrysalis","Ancient Tea Set"],"campfire_rested":6,"item_purchase_floors":[20,20,37,37],"current_hp_per_floor":[67,66,66,59,56,56,42,42,42,42,27,16,36,30,30,12,68,48,48,48,48,37,37,12,12,12,10,10,30,5,5,25,7,68,67,67,67,66,66,66,6,26,26,21,41,18,18,8,28,0,0],"gold":467,"neow_bonus":"RANDOM_COLORLESS_2","is_daily":false,"chose_seed":false,"campfire_upgraded":7,"win_rate":0.0,"timestamp":1607760957,"path_taken":["M","?","?","M","?","R","E","R","T","R","M","?","R","M","R","BOSS","M","?","$","?","M","R","E","$","T","?","?","R","E","M","R","BOSS","M","M","$","M","?","R","E","R","T","M","R","?","R","M","R","BOSS"],"items_purchased_type":["Card","Relic","Card","Relic"],"build_version":"2020-11-30","purchased_purges":2,"victory":false,"max_hp_per_floor":[68,68,68,68,68,68,68,68,68,68,68,68,68,68,68,68,68,68,68,68,68,68,68,68,68,68,68,68,68,68,68,68,68,68,68,68,68,68,68,68,68,68,68,68,68,68,68,68,68,68,68],"card_choices":[{"not_picked":["Secret Technique","Transmutation"],"picked":"The Bomb","floor":0.0},{"not_picked":["Redo","Beam Cell"],"picked":"Genetic Algorithm","floor":1.0},{"not_picked":["Cold Snap","Barrage","Go for the Eyes"],"picked":"SKIP","floor":2.0},{"not_picked":["Sunder","Beam Cell"],"picked":"Auto Shields","floor":4.0},{"not_picked":["Force Field","Streamline","Reinforced Body"],"picked":"SKIP","floor":5.0},{"not_picked":["Blizzard","Redo"],"picked":"Genetic Algorithm","floor":7.0},{"not_picked":["Redo","Gash","Conserve Battery"],"picked":"SKIP","floor":11},{"not_picked":["Aggregate","Turbo"],"picked":"Reprogram","floor":14},{"not_picked":["Meteor Strike","Creative AI"],"picked":"Buffer","floor":16},{"not_picked":["Conserve Battery","Glacier"],"picked":"FTL+1","floor":18},{"not_picked":["Coolheaded+1","Barrage"],"picked":"Hyperbeam","floor":22},{"not_picked":["Compile Driver","Heatsinks"],"picked":"Recycle+1","floor":24},{"not_picked":["Thunder Strike","Barrage"],"picked":"BootSequence","floor":27},{"not_picked":["Meteor Strike","Undo","Stack"],"picked":"SKIP","floor":30},{"not_picked":["Turbo","Coolheaded+1"],"picked":"White Noise","floor":31},{"not_picked":["Amplify","Seek"],"picked":"Machine Learning+1","floor":33},{"not_picked":["Genetic Algorithm","Stack","Hello World+1","Recycle"],"picked":"SKIP","floor":35},{"not_picked":["Hologram+1","FTL","Barrage+1","Hello World+1"],"picked":"SKIP","floor":36},{"not_picked":["Storm+1","Undo+1","Darkness"],"picked":"Double Energy+1","floor":38},{"not_picked":["Bandage Up","Impatience","HandOfGreed"],"picked":"Secret Technique","floor":39},{"not_picked":["Ball Lightning","Multi-Cast","Amplify","Rip and Tear+1"],"picked":"SKIP","floor":41},{"not_picked":["Stack","Streamline","Rebound"],"picked":"Reprogram+1","floor":42},{"not_picked":["Sweeping Beam","Turbo","Compile Driver+1","Ball Lightning+1"],"picked":"SKIP","floor":44},{"not_picked":["Hyperbeam","Ball Lightning+1","Hologram"],"picked":"Seek","floor":46},{"not_picked":["Cold Snap","Amplify","Doom and Gloom+1","Beam Cell"],"picked":"SKIP","floor":48},{"not_picked":["Streamline+1","Darkness","Ball Lightning","Go for the Eyes"],"picked":"SKIP","floor":48}],"player_experience":314870,"relics_obtained":[{"floor":3.0,"key":"Girya"},{"floor":7.0,"key":"Cables"},{"floor":9.0,"key":"Vajra"},{"floor":24,"key":"Shuriken"},{"floor":24,"key":"CeramicFish"},{"floor":26,"key":"Frozen Egg 2"},{"floor":30,"key":"Art of War"},{"floor":30,"key":"Blue Candle"},{"floor":34,"key":"Dream Catcher"},{"floor":34,"key":"Question Card"},{"floor":34,"key":"Old Coin"},{"floor":41,"key":"Lizard Tail"},{"floor":41,"key":"DataDisk"},{"floor":43,"key":"Mummified Hand"},{"floor":46,"key":"Prayer Wheel"}],"event_choices":[{"damage_healed":0,"gold_gain":75,"player_choice":"Gather Gold","damage_taken":11,"max_hp_gain":0,"max_hp_loss":0,"event_name":"World of Goop","floor":12,"gold_loss":0},{"cards_removed":["Zap"],"damage_healed":0,"gold_gain":0,"player_choice":"Gave Gold","damage_taken":0,"max_hp_gain":0,"max_hp_loss":0,"event_name":"Beggar","floor":19,"gold_loss":75},{"damage_healed":0,"gold_gain":0,"player_choice":"Traded Relic","damage_taken":0,"relics_obtained":["Nloth\u0027s Gift"],"max_hp_gain":0,"max_hp_loss":0,"event_name":"N\u0027loth","floor":21,"relics_lost":["Cables"],"gold_loss":0},{"damage_healed":0,"gold_gain":0,"player_choice":"Upgraded","damage_taken":0,"max_hp_gain":0,"max_hp_loss":0,"event_name":"Upgrade Shrine","floor":28,"gold_loss":0,"cards_upgraded":["Hyperbeam"]},{"damage_healed":0,"gold_gain":0,"player_choice":"Memory 1","damage_taken":0,"max_hp_gain":0,"max_hp_loss":0,"event_name":"SensoryStone","floor":39,"gold_loss":0},{"damage_healed":0,"gold_gain":0,"player_choice":"Fight","damage_taken":0,"max_hp_gain":0,"max_hp_loss":0,"event_name":"Mysterious Sphere","floor":46,"gold_loss":0}],"is_beta":false,"boss_relics":[{"not_picked":["Philosopher\u0027s Stone","Empty Cage"],"picked":"Black Star"},{"not_picked":["Runic Pyramid","Tiny House"],"picked":"Calling Bell"}],"items_purged_floors":[25,37],"is_endless":false,"potions_floor_spawned":[7,11,14,18,24,31,38,44,48],"killed_by":"Donu and Deca","ascension_level":3}}