{"host":"qljq6nt1bltq73k9","time":1607747587,"event":{"mods":["BaseMod","Colored Map","Colored Powertips","Downfall","Lobotomy","Minty Spire (QoL Compilation)","Quick Restart","Replay The Spire","StSLib"],"gold_per_floor":[117,99381,99401,99420,98896,98896,98420,98454,98454,98454,98454,98454,98486,98540,98540,98650,98650,98676,98710,98210,98150,98150,98150,98180,97686,97686,97292,97292,97329,97361,97375,97375,97375,97375,97488,97488,97507,97053,97013,97042,97093,97140,97140,97216,97242,96624,96706,96706,96101,96117,96117,96133],"floor_reached":53,"playtime":2390,"items_purged":["Defend_B","Defend_B","Defend_B","Strike_B","Strike_B","Strike_B","Strike_B","Zap","Dualcast"],"score":1162,"play_id":"a99acfe4-e862-4e03-8548-cc3059c261f8","local_time":"20201212123307","is_ascension_mode":false,"campfire_choices":[{"data":"Echo Form","floor":6.0,"key":"SMITH"},{"data":"Storm","floor":11.0,"key":"SMITH"},{"data":"BasicCrystalCard","floor":15,"key":"SMITH"},{"data":"Static Discharge","floor":23,"key":"SMITH"},{"data":"Heatsinks","floor":28,"key":"SMITH"},{"data":"expansioncontent:QuickStudy","floor":34,"key":"SMITH"},{"data":"Buffer","floor":43,"key":"SMITH"},{"data":"Sadistic Nature","floor":48,"key":"SMITH"},{"data":"Mayhem","floor":51,"key":"SMITH"}],"circlet_count":0,"master_deck":["Cold Snap","ReplayTheSpireMod:Necrogeddon","Defragment","Echo Form+1","Secret Technique","Thunder Strike","Storm+1","expansioncontent:Corrupt","VoidDream","BasicCrystalCard+1","RedShoes","WallGazer","Electrodynamics","Mercenary","Defragment","SilentOrchestra","Sadistic Nature+1","Static Discharge+1","Barrage","BlackSwan","ReplaySolidLightProjector","Heatsinks+1","expansioncontent:QuickStudy+1","Hello World","Hello World","VoidDream","Jack Of All Trades+1","LongBird","OSAHOGD","Compile Driver+1","Buffer+1","Blizzard","FIFO Queue+1","Loop","expansioncontent:StudyTheSpire","BasicCrystalCard+1","Barrage+1","Scarecrow","GreedKing","Double Energy+1","Reboot+1","Mayhem+1","Specialist","Seek+1","Lockon+1","Rainbow+1","Panache","Core Surge","Yin","Machine Learning"],"relics":["Cracked Core","CogitoBucket","RabbitCall","Membership Card","Solar Panel","Garlic","Replay:Rubber Ducky","Raider\u0027s Mask","Replay:Bandana","Matryoshka","Bronze Scales","Chemical X","Singing Bowl","Replay:Baseball","Chameleon Ring","FaceOfCleric","LuminousBracelet","Runic Dome","Eternal Feather","Anchor","HandDrill","White Beast Statue","Boot","Replay:Frozen Program","Toxic Egg 2","Bottled Lightning","Strawberry","Juzu Bracelet","DollysMirror","Prayer Wheel","SkinProphecy","Nuclear Battery","sneckomod:BlankCard","Lantern","Sling","AtMidnight","Du-Vu Doll","Nunchaku","Art of War","Incense Burner","Medical Kit","CaptainsWheel","PreservedInsect","FossilizedHelix","Orrery"],"acts_visited":["TheCity","TheBeyond"],"potions_floor_usage":[16,29,40,53,53,53,53,53,53,53,53],"damage_taken":[{"damage":2.0,"enemies":"2 Louse","floor":1.0,"turns":3.0},{"damage":0.0,"enemies":"Cultist","floor":3.0,"turns":3.0},{"damage":11.0,"enemies":"Jaw Worm","floor":4.0,"turns":3.0},{"damage":0.0,"enemies":"Lagavulin","floor":8.0,"turns":5.0},{"damage":0.0,"enemies":"Large Slime","floor":13.0,"turns":3.0},{"damage":6.0,"enemies":"Looter","floor":14.0,"turns":2.0},{"damage":4,"enemies":"Slime Boss","floor":16,"turns":6},{"damage":8,"enemies":"Shell Parasite","floor":18,"turns":4},{"damage":6,"enemies":"Spheric Guardian","floor":19,"turns":3},{"damage":0,"enemies":"Snake Plant","floor":24,"turns":2},{"damage":10,"enemies":"Snecko","floor":29,"turns":4},{"damage":2,"enemies":"Centurion and Healer","floor":30,"turns":3},{"damage":3,"enemies":"Snake Plant","floor":31,"turns":2},{"damage":5,"enemies":"Automaton","floor":35,"turns":5},{"damage":7,"enemies":"Orb Walker","floor":37,"turns":3},{"damage":13,"enemies":"3 Shapes","floor":40,"turns":3},{"damage":2,"enemies":"Maw","floor":41,"turns":4},{"damage":2,"enemies":"R_Hoarder","floor":42,"turns":4},{"damage":11,"enemies":"Transient","floor":44,"turns":5},{"damage":11,"enemies":"Mind Bloom Boss Battle","floor":47,"turns":2},{"damage":0,"enemies":"Jaw Worm Horde","floor":50,"turns":1},{"damage":2,"enemies":"Awakened One","floor":52,"turns":6},{"damage":1,"enemies":"Malkuth","floor":53,"turns":5},{"damage":0,"enemies":"Yesod","floor":53,"turns":6},{"damage":10,"enemies":"Geburah","floor":53,"turns":8},{"damage":9,"enemies":"Binah","floor":53,"turns":9},{"damage":3,"enemies":"Angela","floor":53,"turns":6}],"seed_played":"5001280620969058754","potions_obtained":[{"floor":14.0,"key":"SkillPotion"},{"floor":18,"key":"SmokeBomb"},{"floor":24,"key":"BlessingOfTheForge"},{"floor":29,"key":"Adrenaline Potion"},{"floor":41,"key":"BlessingOfTheForge"}],"is_trial":false,"path_per_floor":["M","$","M","M","$","R","$","E","T","?","R","?","M","M","R","B",null,"M","M","$","?","?","R","M","$","T","$","R","M","M","M","PTL","PTL","R","B",null,"M","$","?","M","M","E","R","M","T","$","?","R","$","M","R","B",null],"character_chosen":"DEFECT","items_purchased":["Membership Card","Solar Panel","Garlic","ReplayTheSpireMod:Necrogeddon","Death Potion","Venom Potion","Dexterity Potion","Replay:Rubber Ducky","Raider\u0027s Mask","Replay:Bandana","Echo Form","Secret Technique","Thunder Strike","Matryoshka","Bronze Scales","Chemical X","Storm","expansioncontent:Corrupt","Sadistic Nature","Eternal Feather","Static Discharge","Anchor","HandDrill","Barrage","White Beast Statue","Boot","Replay:Frozen Program","Heatsinks","expansioncontent:QuickStudy","Strawberry","Juzu Bracelet","Hello World","DollysMirror","Jack Of All Trades+1","sneckomod:BlankCard","Lantern","Sling","Loop","expansioncontent:StudyTheSpire","Art of War","Incense Burner","Medical Kit","EntropicBrew","Mayhem","Specialist","PreservedInsect","FossilizedHelix","Orrery","Panache","EntropicBrew","Core Surge"],"campfire_rested":0,"item_purchase_floors":[2,2,2,2,2,2,2,5,5,5,5,5,5,7,7,7,7,7,20,20,20,20,20,20,25,25,25,25,25,27,27,27,27,27,38,38,38,38,38,46,46,46,46,46,46,49,49,49,49,49,49],"current_hp_per_floor":[73,73,75,66,66,66,66,72,72,65,65,65,70,86,86,90,97,98,98,98,98,78,90,97,97,97,104,114,114,120,122,122,122,131,125,134,124,124,124,120,132,152,152,157,157,157,160,160,166,171,171,174],"gold":96273,"neow_bonus":"","is_daily":false,"chose_seed":false,"campfire_upgraded":9,"win_rate":0.0,"timestamp":1607747587,"path_taken":["M","$","M","M","$","R","$","E","T","?","R","?","?","M","R","BOSS","M","M","$","?","?","R","?","$","T","$","R","M","M","M","PTL","PTL","R","BOSS","M","$","?","M","M","E","R","M","T","?","?","R","$","M","R","BOSS"],"items_purchased_type":["Relic","Relic","Relic","Card","Potion","Potion","Potion","Relic","Relic","Relic","Card","Card","Card","Relic","Relic","Relic","Card","Card","Card","Relic","Card","Relic","Relic","Card","Relic","Relic","Relic","Card","Card","Relic","Relic","Card","Relic","Card","Relic","Card","Relic","Card","Card","Relic","Relic","Relic","Potion","Card","Card","Relic","Relic","Relic","Card","Potion","Card"],"build_version":"2020-11-30","purchased_purges":9,"victory":true,"max_hp_per_floor":[75,75,75,75,75,75,75,77,77,77,77,77,78,96,96,97,97,98,101,101,101,106,106,107,107,107,114,114,119,124,131,131,131,131,134,134,137,137,137,142,149,152,152,157,157,157,160,160,166,171,171,174],"card_choices":[{"not_picked":["MHz","CrumblingArmor","Scorched"],"picked":"Singing Bowl","floor":1.0},{"not_picked":["Gash","Recycle"],"picked":"Cold Snap","floor":1.0},{"not_picked":["Scorched","BeautyBeast","CherryBlossoms"],"picked":"Singing Bowl","floor":3.0},{"not_picked":["Hello World","Lockon"],"picked":"Defragment","floor":3.0},{"not_picked":["Reprogram","Reinforced Body","Steam"],"picked":"SKIP","floor":4.0},{"not_picked":["MeatLantern","BigBadWolf","FieryBird"],"picked":"Singing Bowl","floor":8.0},{"not_picked":["Ball Lightning","ReplayTheSpireMod:System Scan","Redo"],"picked":"Singing Bowl","floor":8.0},{"not_picked":["OldLady","BeautyBeast","Alriune"],"picked":"Singing Bowl","floor":13.0},{"not_picked":["Bloodbath","OldLady"],"picked":"VoidDream","floor":13.0},{"not_picked":["Coolheaded","ReplayGash"],"picked":"BasicCrystalCard","floor":13.0},{"not_picked":["BeautyBeast","Scorched"],"picked":"RedShoes","floor":14.0},{"not_picked":["Streamline","Cold Snap","Auto Shields"],"picked":"Singing Bowl","floor":14.0},{"not_picked":["OSAHOGD","MHz"],"picked":"WallGazer","floor":16},{"not_picked":["Core Surge","Thunder Strike"],"picked":"Electrodynamics","floor":16},{"not_picked":["Yin","Alriune","BlackArmy"],"picked":"Singing Bowl","floor":18},{"not_picked":["Funeral","QueenBee"],"picked":"Mercenary","floor":18},{"not_picked":["FTL","Scrape"],"picked":"Defragment","floor":18},{"not_picked":["PunishingBird","Yin"],"picked":"SilentOrchestra","floor":19},{"not_picked":["Streamline","Recycle","Genetic Algorithm+1"],"picked":"Singing Bowl","floor":19},{"not_picked":["GreedKing","OldLady","Woodsman"],"picked":"Singing Bowl","floor":24},{"not_picked":["GalaxyChild","Woodsman"],"picked":"BlackSwan","floor":24},{"not_picked":["ReplayTheSpireMod:Omega Cannon","Sweeping Beam"],"picked":"ReplaySolidLightProjector","floor":24},{"not_picked":["Laetitia","PunishingBird"],"picked":"LongBird","floor":29},{"not_picked":["Steam Power+1","Sweeping Beam","Cold Snap"],"picked":"Singing Bowl","floor":29},{"not_picked":["Gash","ReplaySort+1","Cold Snap+1"],"picked":"Singing Bowl","floor":29},{"not_picked":["Murderer","DreamingCurrent"],"picked":"OSAHOGD","floor":30},{"not_picked":["Cold Snap+1","Beam Cell"],"picked":"Compile Driver+1","floor":30},{"not_picked":["Stack+1","Recycle+1","Steam+1"],"picked":"Singing Bowl","floor":30},{"not_picked":["Woodsman","Scorched","DreamingCurrent"],"picked":"Singing Bowl","floor":31},{"not_picked":["Beam Cell","Cold Snap","Rebound+1"],"picked":"Singing Bowl","floor":31},{"not_picked":["Rebound+1","Stack+1","Rip and Tear"],"picked":"Singing Bowl","floor":31},{"not_picked":["NakedNest","MHz","DreamingCurrent"],"picked":"Singing Bowl","floor":35},{"not_picked":["Amplify+1","Echo Form"],"picked":"Buffer","floor":35},{"not_picked":["DreamingCurrent","Wellcheers","Freischutz"],"picked":"Singing Bowl","floor":37},{"not_picked":["Steam+1","Coolheaded+1"],"picked":"Blizzard","floor":37},{"not_picked":["Barrage+1","Streamline"],"picked":"FIFO Queue+1","floor":37},{"not_picked":["Laetitia","CENSORED","DespairKnight"],"picked":"Singing Bowl","floor":40},{"not_picked":["Leap+1","Stack+1"],"picked":"BasicCrystalCard+1","floor":40},{"not_picked":["Conserve Battery+1","Blizzard"],"picked":"Barrage+1","floor":40},{"not_picked":["HeroicMonk","CENSORED"],"picked":"Scarecrow","floor":41},{"not_picked":["Barrage+1","Reprogram+1","Leap+1"],"picked":"Singing Bowl","floor":41},{"not_picked":["BootSequence+1","Beam Cell","Gash"],"picked":"Singing Bowl","floor":41},{"not_picked":["NakedNest","FieryBird"],"picked":"GreedKing","floor":42},{"not_picked":["Panic Button+1","Redo+1"],"picked":"Double Energy+1","floor":42},{"not_picked":["DreamingCurrent","WhitesApple","Woodsman"],"picked":"Singing Bowl","floor":44},{"not_picked":["Barrage","ReplayTheSpireMod:Repulse+1"],"picked":"Reboot+1","floor":44},{"not_picked":["Leap+1","Rebound+1","Blizzard"],"picked":"Singing Bowl","floor":44},{"not_picked":["FieryBird","NothingThere","Laetitia"],"picked":"Singing Bowl","floor":47},{"not_picked":["Leap+1","Cold Snap+1"],"picked":"Seek+1","floor":47},{"not_picked":["Gash+1","ReplayGash"],"picked":"Lockon+1","floor":49},{"not_picked":["Undo+1","Steam+1","ReplayGash"],"picked":"Singing Bowl","floor":49},{"not_picked":["Hello World+1","Reinforced Body+1"],"picked":"Rainbow+1","floor":49},{"not_picked":["Leap+1","Rebound","ReplaySort+1"],"picked":"Singing Bowl","floor":49},{"not_picked":["Conserve Battery+1","BootSequence+1","Gash+1"],"picked":"Singing Bowl","floor":49},{"not_picked":["Laetitia","Freischutz"],"picked":"Yin","floor":50},{"not_picked":["Barrage","Gash+1","Go for the Eyes+1"],"picked":"Singing Bowl","floor":50},{"not_picked":["Sweeping Beam","BasicCrystalCard+1"],"picked":"Machine Learning","floor":50}],"player_experience":367468,"relics_obtained":[{"floor":8.0,"key":"Singing Bowl"},{"floor":9.0,"key":"Replay:Baseball"},{"floor":9.0,"key":"Chameleon Ring"},{"floor":26,"key":"Toxic Egg 2"},{"floor":26,"key":"Bottled Lightning"},{"floor":40,"key":"AtMidnight"},{"floor":42,"key":"Du-Vu Doll"},{"floor":45,"key":"Nunchaku"},{"floor":47,"key":"CaptainsWheel"}],"event_choices":[{"cards_removed":["Defend_B"],"damage_healed":0.0,"max_hp_gain":0.0,"max_hp_loss":0.0,"gold_gain":0.0,"event_name":"Golden Wing","player_choice":"Card Removal","floor":10.0,"gold_loss":0.0,"damage_taken":7.0},{"damage_healed":0.0,"max_hp_gain":0.0,"max_hp_loss":0.0,"gold_gain":0.0,"event_name":"FaceTrader","player_choice":"Trade","floor":12.0,"gold_loss":0.0,"damage_taken":0.0,"relics_obtained":["FaceOfCleric"]},{"damage_healed":0,"gold_gain":0,"player_choice":"Shed Blood","damage_taken":25,"max_hp_gain":5,"max_hp_loss":0,"event_name":"Forgotten Altar","floor":22,"gold_loss":0},{"damage_healed":0,"gold_gain":0,"player_choice":"Bought 3 Potions","damage_taken":0,"max_hp_gain":0,"max_hp_loss":0,"event_name":"The Woman in Blue","floor":39,"gold_loss":0},{"damage_healed":0,"gold_gain":0,"player_choice":"Fight","damage_taken":0,"max_hp_gain":0,"max_hp_loss":0,"event_name":"MindBloom","floor":47,"gold_loss":0}],"is_beta":false,"boss_relics":[{"not_picked":["Inserter","Replay:Drink Me"],"picked":"Runic Dome"},{"not_picked":["Busted Crown","SlaversCollar"],"picked":"Nuclear Battery"}],"items_purged_floors":[2,5,7,20,25,27,38,46,49],"is_endless":false,"potions_floor_spawned":[13,14,18,24,29,30,31,35,37,41,42,44,47,50,53,53,53,53,53],"ascension_level":0}}