{"host":"3rixevx6n8b56xaj","time":1607786033,"event":{"mods":["2.2 Compatiblity","AchievementEnabler","BaseMod","Better Third Choice","Colored Map","DeckTracker","Friendly Minions","Minty Spire (QoL Compilation)","StSLib","SuperFastMode"],"gold_per_floor":[360,379,397,173,17,48,99,99,126,126,139,139,218,238,238,238,238],"floor_reached":16,"playtime":431,"items_purged":["Strike_G"],"score":100,"play_id":"b777ed5d-33ae-43c3-9391-30726c178eee","local_time":"20201213001353","is_ascension_mode":false,"campfire_choices":[{"data":"Acrobatics","floor":10,"key":"SMITH"},{"data":"Riddle With Holes","floor":15,"key":"SMITH"}],"circlet_count":0,"master_deck":["Strike_G","Strike_G","Strike_G","Strike_G","Defend_G","Defend_G","Defend_G","Defend_G","Survivor","Neutralize","Reflex","Acrobatics+1","Backflip","Predator","Riddle With Holes+1","After Image"],"relics":["Ring of the Snake","Tiny Chest","Happy Flower","Pen Nib","Art of War","Golden Idol","Blue Candle"],"acts_visited":["Exordium"],"potions_floor_usage":[6,14,16],"damage_taken":[{"damage":1,"enemies":"Cultist","floor":1,"turns":4},{"damage":2,"enemies":"Jaw Worm","floor":2,"turns":5},{"damage":0,"enemies":"2 Louse","floor":3,"turns":4},{"damage":17,"enemies":"Lagavulin","floor":6,"turns":8},{"damage":4,"enemies":"Looter","floor":11,"turns":5},{"damage":20,"enemies":"Exordium Wildlife","floor":14,"turns":6},{"damage":9,"enemies":"Hexaghost","floor":16,"turns":9}],"seed_played":"-5272500528302377818","potions_obtained":[{"floor":1,"key":"Fruit Juice"},{"floor":3,"key":"Strength Potion"},{"floor":14,"key":"Weak Potion"}],"is_trial":false,"path_per_floor":["M","M","M","$","$","E","T","?","T","R","M","?","T","M","R","B"],"character_chosen":"THE_SILENT","items_purchased":["Tiny Chest","Happy Flower"],"campfire_rested":0,"item_purchase_floors":[4,5],"current_hp_per_floor":[62,60,60,60,60,43,43,28,28,28,24,24,24,9,9,0,0],"gold":238,"neow_bonus":"TWO_FIFTY_GOLD","is_daily":false,"chose_seed":false,"campfire_upgraded":2,"win_rate":0.0,"timestamp":1607786033,"path_taken":["M","?","M","?","$","E","?","?","T","R","M","?","?","?","R","BOSS"],"items_purchased_type":["Relic","Relic"],"build_version":"2020-11-30","purchased_purges":1,"victory":false,"max_hp_per_floor":[63,63,63,63,63,63,63,63,63,63,63,63,63,68,68,68,68],"card_choices":[{"not_picked":["Sucker Punch","Backflip"],"picked":"Reflex","floor":1},{"not_picked":["Dash","Deflect"],"picked":"Acrobatics","floor":2},{"not_picked":["Prepared","PiercingWail","Acrobatics"],"picked":"SKIP","floor":3},{"not_picked":["PiercingWail","Flechettes"],"picked":"Backflip","floor":6},{"not_picked":["Heel Hook","Acrobatics"],"picked":"Predator","floor":11},{"not_picked":["Heel Hook","Quick Slash"],"picked":"After Image","floor":14}],"player_experience":506851,"relics_obtained":[{"floor":6,"key":"Pen Nib"},{"floor":7,"key":"Art of War"},{"floor":13,"key":"Blue Candle"}],"event_choices":[{"damage_healed":0,"gold_gain":0,"player_choice":"Take Damage","damage_taken":15,"relics_obtained":["Golden Idol"],"max_hp_gain":0,"max_hp_loss":0,"event_name":"Golden Idol","floor":8,"gold_loss":0},{"damage_healed":0,"gold_gain":0,"cards_transformed":["Defend_G"],"player_choice":"Change","damage_taken":0,"max_hp_gain":0,"max_hp_loss":0,"event_name":"Living Wall","floor":12,"gold_loss":0,"cards_obtained":["Riddle With Holes"]}],"is_beta":false,"boss_relics":[],"items_purged_floors":[4],"is_endless":false,"potions_floor_spawned":[1,3,14],"killed_by":"Hexaghost","ascension_level":0}}