{"host":"sv2o2io561l6x04h","time":1607812747,"event":{"mods":["Astrologer","BaseMod","Bestiary","Better Altar","Better Match","Better Note","Better Sensory Stone","Colored Map","Conspire","Custom Start","DeckTracker","Highlight Path","Hubris","Minty Spire (QoL Compilation)","Replay The Spire","Shop Mod","StSLib","The Disciple","The Hierophant","The Necromancer","The Runesmith"],"gold_per_floor":[110,110,34,44,44,75,75,93,147,160,177,177,197,217,217,217,217],"floor_reached":16,"playtime":1097,"items_purged":[],"score":129,"play_id":"99bd5d2a-6f3f-4f5e-b6dc-8a5fadc0bb2a","local_time":"20201212173907","is_ascension_mode":false,"campfire_choices":[{"data":"astrologer:CosmicExpanse","floor":7.0,"key":"SMITH"},{"data":"astrologer:TheEmperor","floor":12.0,"key":"SMITH"},{"floor":15,"key":"DIG"}],"circlet_count":0,"master_deck":["astrologer:Strike","astrologer:Strike","astrologer:Strike","astrologer:Strike","astrologer:Defend","astrologer:Defend","astrologer:Defend","astrologer:Defend","astrologer:NorthStar","astrologer:TheFool","astrologer:FrozenStar","astrologer:CosmicExpanse+1","astrologer:Radiance","astrologer:DarkMatter","astrologer:FrozenStar","astrologer:TheEmperor+1","astrologer:GlassStar","astrologer:Moonlight"],"relics":["astrologer:SkyMirror","NeowsBlessing","hubris:Towel","conspire:Dentures","hubris:OldNail","Shovel"],"acts_visited":["Exordium"],"potions_floor_usage":[],"damage_taken":[{"damage":0.0,"enemies":"Small Slimes","floor":1.0,"turns":1.0},{"damage":0.0,"enemies":"2 Louse","floor":4.0,"turns":1.0},{"damage":0.0,"enemies":"Lagavulin","floor":6.0,"turns":1.0},{"damage":1.0,"enemies":"Cultist","floor":8.0,"turns":5.0},{"damage":20.0,"enemies":"Exordium Wildlife","floor":10.0,"turns":5.0},{"damage":10.0,"enemies":"Looter","floor":11.0,"turns":4.0},{"damage":0.0,"enemies":"Blue Slaver","floor":13.0,"turns":4.0},{"damage":13.0,"enemies":"2 Fungi Beasts","floor":14.0,"turns":5.0},{"damage":27,"enemies":"Slime Boss","floor":16,"turns":3}],"seed_played":"-2826961635057040725","potions_obtained":[{"floor":5.0,"key":"DuplicationPotion"},{"floor":5.0,"key":"EntropicBrew"},{"floor":5.0,"key":"SpeedPotion"},{"floor":8.0,"key":"Reflective Coating"},{"floor":11.0,"key":"Elixir"},{"floor":14.0,"key":"Toxic Potion"}],"is_trial":false,"path_per_floor":["M","?","$","M","?","E","R","M","T","M","M","R","M","M","R_BF","B"],"character_chosen":"ASTROLOGER","items_purchased":["astrologer:CosmicExpanse"],"campfire_rested":0,"item_purchase_floors":[3],"current_hp_per_floor":[70,70,70,70,70,70,70,69,69,49,39,39,39,26,26,0,0],"gold":217,"neow_bonus":"THREE_ENEMY_KILL","is_daily":false,"chose_seed":false,"campfire_upgraded":2,"win_rate":0.0,"timestamp":1607812747,"path_taken":["M","?","$","M","?","E","R","M","T","M","M","R","M","?","R_BF","BOSS"],"items_purchased_type":["Card"],"build_version":"2020-11-30","purchased_purges":0,"victory":false,"max_hp_per_floor":[70,70,70,70,70,70,70,70,70,70,70,70,70,70,70,70,70],"card_choices":[{"not_picked":["astrologer:Opposition","astrologer:Still"],"picked":"astrologer:FrozenStar","floor":1.0},{"not_picked":["astrologer:Divination","astrologer:Conjunction"],"picked":"astrologer:Radiance","floor":4.0},{"not_picked":["astrologer:Confirmation","astrologer:TheDevil"],"picked":"astrologer:DarkMatter","floor":6.0},{"not_picked":["astrologer:Moonlight","astrologer:ReadTheStars"],"picked":"astrologer:FrozenStar","floor":8.0},{"not_picked":["astrologer:Eclipse","astrologer:Premonition"],"picked":"astrologer:TheEmperor","floor":10.0},{"not_picked":["astrologer:Still","astrologer:ReadTheStars"],"picked":"astrologer:GlassStar","floor":11.0},{"not_picked":["astrologer:SpaceDust","astrologer:StarOfChange"],"picked":"astrologer:Moonlight","floor":13.0},{"not_picked":["astrologer:WheelofFortune","astrologer:MeteorShower","astrologer:Still"],"picked":"SKIP","floor":14.0}],"player_experience":172564,"relics_obtained":[{"floor":6.0,"key":"conspire:Dentures"},{"floor":9.0,"key":"hubris:OldNail"},{"floor":15,"key":"Shovel"}],"event_choices":[{"damage_healed":0.0,"max_hp_gain":0.0,"max_hp_loss":0.0,"gold_gain":0.0,"event_name":"Lab","player_choice":"Got Potions","floor":5.0,"gold_loss":0.0,"damage_taken":0.0}],"is_beta":false,"boss_relics":[],"items_purged_floors":[],"is_endless":false,"potions_floor_spawned":[8,11,13,14],"killed_by":"Slime Boss","ascension_level":0}}