{"host":"8qb550oiisecbnz6","time":1607817175,"event":{"mods":["AchievementEnabler","BaseMod","Colored Map","Colored Powertips","Minty Spire (QoL Compilation)","Quick Restart","Slay-I","StSLib"],"gold_per_floor":[114,114,114,39,58,98,98,48,48,86,86,109,127,142,142,272,272,297,297,341,42,92,92,92,92],"floor_reached":24,"playtime":1385,"items_purged":["Defend_G","Defend_G"],"score":286,"play_id":"df4536d1-a547-4638-b87b-328fddc6b58d","local_time":"20201213005255","is_ascension_mode":true,"campfire_choices":[{"floor":7,"key":"RECALL"},{"floor":11,"key":"REST"},{"floor":15,"key":"REST"},{"floor":23,"key":"REST"}],"circlet_count":0,"master_deck":["Strike_G","Strike_G+1","Strike_G","Strike_G+1","Defend_G","Defend_G","Defend_G","Survivor","Neutralize","Backstab","Cloak And Dagger","Caltrops","After Image","Backflip+1"],"relics":["Ring of the Snake","NeowsBlessing","Golden Idol","Gremlin Horn","White Beast Statue","Whetstone","SacredBark","SsserpentHead","Molten Egg 2","Art of War"],"acts_visited":["Exordium","TheCity"],"potions_floor_usage":[10,16,16,16,18,24,24],"damage_taken":[{"damage":0.0,"enemies":"2 Louse","floor":1.0,"turns":1.0},{"damage":0,"enemies":"Jaw Worm","floor":5,"turns":1},{"damage":0,"enemies":"Gremlin Nob","floor":6,"turns":1},{"damage":54,"enemies":"Lagavulin","floor":10,"turns":12},{"damage":0,"enemies":"Small Slimes","floor":12,"turns":3},{"damage":2,"enemies":"Blue Slaver","floor":13,"turns":3},{"damage":6,"enemies":"Exordium Thugs","floor":14,"turns":4},{"damage":21,"enemies":"Hexaghost","floor":16,"turns":8},{"damage":37,"enemies":"Chosen","floor":18,"turns":8},{"damage":6,"enemies":"2 Thieves","floor":20,"turns":4},{"damage":38,"enemies":"Gremlin Leader","floor":24,"turns":9}],"seed_played":"2312021729327050992","potions_obtained":[{"floor":6,"key":"Block Potion"},{"floor":10,"key":"DuplicationPotion"},{"floor":12,"key":"Strength Potion"},{"floor":13,"key":"BlessingOfTheForge"},{"floor":14,"key":"CultistPotion"},{"floor":16,"key":"BlessingOfTheForge"},{"floor":18,"key":"Dexterity Potion"},{"floor":20,"key":"Strength Potion"}],"is_trial":false,"path_per_floor":["M","?","?","$","M","E","R","?","T","E","R","M","M","M","R","B",null,"M","?","M","$","T","R","E"],"character_chosen":"THE_SILENT","items_purchased":["Molten Egg 2"],"campfire_rested":3,"item_purchase_floors":[21],"current_hp_per_floor":[70,70,70,70,70,70,70,70,70,16,37,37,35,29,50,29,60,23,23,17,17,17,38,0,0],"gold":92,"neow_bonus":"THREE_ENEMY_KILL","is_daily":false,"chose_seed":false,"campfire_upgraded":0,"win_rate":0.0,"timestamp":1607817175,"path_taken":["M","?","?","?","M","E","R","?","T","E","R","M","M","?","R","BOSS","M","?","?","?","?","R","E"],"items_purchased_type":["Relic"],"build_version":"2020-11-30","purchased_purges":2,"victory":false,"max_hp_per_floor":[70,70,70,70,70,70,70,70,70,70,70,70,70,70,70,70,70,70,70,70,70,70,70,70,70],"card_choices":[{"not_picked":["Bane","Dagger Throw","Blade Dance"],"picked":"SKIP","floor":1.0},{"not_picked":["Backflip","Heel Hook"],"picked":"Backstab","floor":5},{"not_picked":["Masterful Stab","Acrobatics","Outmaneuver"],"picked":"SKIP","floor":6},{"not_picked":["Quick Slash","Underhanded Strike"],"picked":"Cloak And Dagger","floor":10},{"not_picked":["Setup","Crippling Poison"],"picked":"Caltrops","floor":12},{"not_picked":["Burst","Quick Slash","Cloak And Dagger"],"picked":"SKIP","floor":13},{"not_picked":["Skewer","Sucker Punch","Flying Knee"],"picked":"SKIP","floor":14},{"not_picked":["Adrenaline","Grand Finale"],"picked":"After Image","floor":16},{"not_picked":["Dagger Spray+1","Outmaneuver+1"],"picked":"Backflip+1","floor":18},{"not_picked":["Skewer","All Out Attack","Eviscerate"],"picked":"SKIP","floor":20}],"player_experience":334326,"relics_obtained":[{"floor":6,"key":"Gremlin Horn"},{"floor":9,"key":"White Beast Statue"},{"floor":10,"key":"Whetstone"},{"floor":22,"key":"Art of War"}],"event_choices":[{"damage_healed":0.0,"max_hp_gain":0.0,"max_hp_loss":0.0,"gold_gain":0.0,"event_name":"Golden Idol","player_choice":"Take Wound","floor":2.0,"gold_loss":0.0,"damage_taken":0.0,"relics_obtained":["Golden Idol"],"cards_obtained":["Injury"]},{"cards_removed":["Injury"],"damage_healed":0,"gold_gain":0,"player_choice":"Forget","damage_taken":0,"max_hp_gain":0,"max_hp_loss":0,"event_name":"Living Wall","floor":3,"gold_loss":0},{"cards_removed":["Strike_G"],"damage_healed":0,"gold_gain":0,"player_choice":"Card Removal","damage_taken":0,"max_hp_gain":0,"max_hp_loss":0,"event_name":"The Cleric","floor":8,"gold_loss":50},{"damage_healed":0,"gold_gain":0,"player_choice":"Trade","damage_taken":0,"relics_obtained":["SsserpentHead"],"max_hp_gain":0,"max_hp_loss":0,"event_name":"FaceTrader","floor":19,"gold_loss":0}],"is_beta":false,"boss_relics":[{"not_picked":["Sozu","Tiny House"],"picked":"SacredBark"}],"items_purged_floors":[4,21],"is_endless":false,"potions_floor_spawned":[6,10,12,13,14,16,18,20],"killed_by":"Gremlin Leader","ascension_level":5}}