{"host":"efbmiwe3kdtynlc6","time":1607769425,"event":{"mods":["BaseMod","Colored Map","Minty Spire (QoL Compilation)","Permanent Neow","Quick Restart","Rare Cards Sparkle","StSLib","SuperFastMode","UnlockEverythingMod","everything is the same but u backflip on backflip"],"gold_per_floor":[112,130,130,130,55,55,65,92,92,104,122,133,133,133],"floor_reached":13,"playtime":645,"items_purged":["Strike_G"],"score":174,"play_id":"6751abd4-f967-4c38-a6da-2958e08f432f","local_time":"20201212193705","is_ascension_mode":true,"campfire_choices":[{"data":"Neutralize","floor":6.0,"key":"SMITH"}],"circlet_count":0,"master_deck":["AscendersBane","Strike_G","Strike_G","Strike_G","Strike_G","Defend_G","Defend_G","Defend_G","Defend_G","Defend_G","Survivor","Neutralize+1","Choke","Dash+1","Venomology","Prepared","Calculated Gamble","Endless Agony"],"relics":["Ring of the Snake","Shuriken","Tiny Chest"],"acts_visited":["Exordium"],"potions_floor_usage":[13,13],"damage_taken":[{"damage":1.0,"enemies":"Cultist","floor":1.0,"turns":4.0},{"damage":1.0,"enemies":"2 Louse","floor":2.0,"turns":3.0},{"damage":0.0,"enemies":"Small Slimes","floor":7.0,"turns":3.0},{"damage":23.0,"enemies":"Gremlin Nob","floor":8.0,"turns":5.0},{"damage":7.0,"enemies":"3 Louse","floor":10.0,"turns":5.0},{"damage":0.0,"enemies":"Looter","floor":11.0,"turns":3.0},{"damage":3,"enemies":"Lots of Slimes","floor":12,"turns":8},{"damage":25,"enemies":"3 Sentries","floor":13,"turns":8}],"seed_played":"-3022468866711091932","potions_obtained":[{"floor":0.0,"key":"Block Potion"},{"floor":0.0,"key":"Regen Potion"},{"floor":8.0,"key":"Swift Potion"}],"is_trial":false,"path_per_floor":["M","M","T","?","$","R","M","E","T","M","M","M","E"],"character_chosen":"THE_SILENT","items_purchased":[],"campfire_rested":0,"item_purchase_floors":[],"current_hp_per_floor":[58,57,57,57,57,57,57,45,45,38,38,35,10,10],"gold":133,"neow_bonus":"THREE_SMALL_POTIONS","is_daily":false,"chose_seed":false,"campfire_upgraded":1,"win_rate":0.0,"timestamp":1607769425,"path_taken":["M","M","?","?","$","R","M","E","T","M","M","M","E"],"items_purchased_type":[],"build_version":"2020-11-30","purchased_purges":1,"victory":false,"max_hp_per_floor":[66,66,66,66,66,66,66,66,66,66,66,66,66,66],"card_choices":[{"not_picked":["PiercingWail","Acrobatics"],"picked":"Choke","floor":1.0},{"not_picked":["Poisoned Stab","Infinite Blades"],"picked":"Dash","floor":2.0},{"not_picked":["Poisoned Stab","All Out Attack"],"picked":"Venomology","floor":7.0},{"not_picked":["Predator","All Out Attack"],"picked":"Prepared","floor":8.0},{"not_picked":["Prepared","Masterful Stab","Sucker Punch"],"picked":"SKIP","floor":10.0},{"not_picked":["Blur","Dagger Spray"],"picked":"Calculated Gamble","floor":11.0},{"not_picked":["Leg Sweep","Quick Slash"],"picked":"Endless Agony","floor":12}],"player_experience":315411,"relics_obtained":[{"floor":3.0,"key":"Shuriken"},{"floor":8.0,"key":"Tiny Chest"}],"event_choices":[{"damage_healed":0.0,"max_hp_gain":0.0,"max_hp_loss":0.0,"gold_gain":0.0,"event_name":"Upgrade Shrine","player_choice":"Upgraded","floor":4.0,"gold_loss":0.0,"damage_taken":0.0,"cards_upgraded":["Dash"]}],"is_beta":false,"boss_relics":[],"items_purged_floors":[5],"is_endless":false,"potions_floor_spawned":[8,10,11],"killed_by":"3 Sentries","ascension_level":20}}