{"host":"jlz4is0nf6zo9oab","time":1607776190,"event":{"mods":["AchievementEnabler","BaseMod","Colored Map","Colored Powertips","Highlight Path","Minty Spire (QoL Compilation)","StSLib"],"gold_per_floor":[110,120,120,70,70,70,98,98,98,132,143,173,188,208,208,310,310,330,44,64,75,75,75],"floor_reached":22,"playtime":786,"items_purged":[],"score":343,"play_id":"58ced7a6-f0d5-42cd-bf88-f983dc6883c2","local_time":"20201212132950","is_ascension_mode":true,"campfire_choices":[{"data":"Bash","floor":6.0,"key":"SMITH"},{"data":"Defend_R","floor":8.0,"key":"SMITH"},{"floor":15.0,"key":"REST"}],"circlet_count":0,"master_deck":["AscendersBane","Strike_R","Strike_R","Strike_R","Strike_R","Defend_R","Defend_R","Defend_R","Defend_R+1","Bash+1","Rampage","Dropkick","CurseOfTheBell","Inflame"],"relics":["Burning Blood","NeowsBlessing","Gremlin Horn","Question Card","HornCleat","Odd Mushroom","Calling Bell","Happy Flower","Matryoshka","Calipers","Lizard Tail"],"acts_visited":[],"potions_floor_usage":[21],"damage_taken":[{"damage":0.0,"enemies":"2 Louse","floor":1.0,"turns":1.0},{"damage":0.0,"enemies":"Jaw Worm","floor":2.0,"turns":1.0},{"damage":0.0,"enemies":"Lagavulin","floor":7.0,"turns":1.0},{"damage":50.0,"enemies":"3 Sentries","floor":10.0,"turns":12.0},{"damage":0.0,"enemies":"Small Slimes","floor":11.0,"turns":3.0},{"damage":12.0,"enemies":"The Mushroom Lair","floor":12.0,"turns":5.0},{"damage":5.0,"enemies":"Gremlin Gang","floor":13.0,"turns":4.0},{"damage":4.0,"enemies":"2 Fungi Beasts","floor":14.0,"turns":3.0},{"damage":48.0,"enemies":"The Guardian","floor":16.0,"turns":12.0},{"damage":20.0,"enemies":"Chosen","floor":18.0,"turns":5.0},{"damage":58,"enemies":"Shell Parasite","floor":20,"turns":8},{"damage":15,"enemies":"Centurion and Healer","floor":21,"turns":8},{"damage":53,"enemies":"3 Cultists","floor":22,"turns":5}],"seed_played":"4671819465626502842","potions_obtained":[{"floor":7.0,"key":"Energy Potion"},{"floor":12.0,"key":"Dexterity Potion"},{"floor":16.0,"key":"Ancient Potion"},{"floor":20,"key":"BloodPotion"}],"is_trial":false,"path_per_floor":["M","M","?","?","$","R","E","R","T","E","M","?","M","M","R","B",null,"M","$","M","M","M"],"character_chosen":"IRONCLAD","items_purchased":["Lizard Tail"],"campfire_rested":1,"item_purchase_floors":[19],"current_hp_per_floor":[78,80,80,80,80,80,80,80,80,36,42,36,37,39,63,21,65,51,51,41,48,0,0],"gold":75,"neow_bonus":"THREE_ENEMY_KILL","is_daily":false,"chose_seed":false,"campfire_upgraded":2,"win_rate":0.0,"timestamp":1607776190,"path_taken":["M","M","?","?","$","R","E","R","T","E","M","?","M","M","R","BOSS","M","$","M","M","M"],"items_purchased_type":["Relic"],"build_version":"2020-11-30","purchased_purges":0,"victory":false,"max_hp_per_floor":[80,80,80,80,80,80,80,80,80,80,80,80,80,80,80,80,80,80,80,80,80,80,80],"card_choices":[{"not_picked":["Clash","Thunderclap","Wild Strike"],"picked":"SKIP","floor":1.0},{"not_picked":["Pommel Strike","Reckless Charge","Clothesline"],"picked":"SKIP","floor":2.0},{"not_picked":["True Grit","Second Wind","Anger"],"picked":"SKIP","floor":7.0},{"not_picked":["Flame Barrier","Thunderclap","Perfected Strike"],"picked":"Rampage","floor":10.0},{"not_picked":["Corruption","Ghostly Armor","Body Slam","Disarm"],"picked":"SKIP","floor":11.0},{"not_picked":["True Grit","Body Slam","Warcry"],"picked":"Dropkick","floor":12.0},{"not_picked":["Clash","Entrench","Combust","Armaments"],"picked":"SKIP","floor":13.0},{"not_picked":["Flex","Perfected Strike","Body Slam","Brutality"],"picked":"SKIP","floor":14.0},{"not_picked":["Sword Boomerang+1","Burning Pact","Perfected Strike+1","Iron Wave"],"picked":"SKIP","floor":18.0},{"not_picked":["Burning Pact","Cleave","Headbutt+1"],"picked":"Inflame","floor":20},{"not_picked":["Sword Boomerang","Bloodletting","Havoc+1","Armaments"],"picked":"SKIP","floor":21}],"player_experience":930546,"relics_obtained":[{"floor":7.0,"key":"Gremlin Horn"},{"floor":9.0,"key":"Question Card"},{"floor":10.0,"key":"HornCleat"},{"floor":12.0,"key":"Odd Mushroom"},{"floor":17.0,"key":"Happy Flower"},{"floor":17.0,"key":"Matryoshka"},{"floor":17.0,"key":"Calipers"}],"event_choices":[{"damage_healed":0.0,"max_hp_gain":0.0,"max_hp_loss":0.0,"gold_gain":0.0,"event_name":"Liars Game","player_choice":"Ignored","floor":3.0,"gold_loss":0.0,"damage_taken":0.0},{"cards_removed":["Strike_R"],"damage_healed":0.0,"max_hp_gain":0.0,"max_hp_loss":0.0,"gold_gain":0.0,"event_name":"The Cleric","player_choice":"Card Removal","floor":4.0,"gold_loss":50.0,"damage_taken":0.0},{"damage_healed":0.0,"max_hp_gain":0.0,"max_hp_loss":0.0,"gold_gain":0.0,"event_name":"Mushrooms","player_choice":"Fought Mushrooms","floor":12.0,"gold_loss":0.0,"damage_taken":0.0}],"is_beta":false,"boss_relics":[{"not_picked":["Pandora\u0027s Box","Snecko Eye"],"picked":"Calling Bell"}],"items_purged_floors":[],"is_endless":false,"potions_floor_spawned":[7,12,16,20],"killed_by":"3 Cultists","ascension_level":11}}