{"host":"fdq5pmhluajjrf8d","time":1607797862,"event":{"mods":["BaseMod","Minty Spire (QoL Compilation)"],"gold_per_floor":[115,135,285,285,300,330,330,342,342,352,352,69,69,88,88,163,163,183,197,197,112,112,112,112],"floor_reached":23,"playtime":1034,"items_purged":["Doubt"],"score":372,"play_id":"cc310e04-021e-4124-a091-a890fdd21e15","local_time":"20201212133102","is_ascension_mode":true,"campfire_choices":[{"data":"Redo","floor":7,"key":"SMITH"},{"floor":11,"key":"REST"},{"data":"Redo","floor":15,"key":"SMITH"}],"circlet_count":0,"master_deck":["AscendersBane","Strike_B","Strike_B","Strike_B","Strike_B","Defend_B","Defend_B","Defend_B","Defend_B","Zap","Dualcast","Coolheaded","Ball Lightning","Redo+1","Capacitor","Loop","Darkness","Barrage","Redo+1","Electrodynamics","Leap","Ball Lightning"],"relics":["Cracked Core","Happy Flower","Boot","Chemical X","Philosopher\u0027s Stone","Symbiotic Virus"],"acts_visited":["Exordium","TheCity"],"potions_floor_usage":[8,16,19,19],"damage_taken":[{"damage":11,"enemies":"Jaw Worm","floor":1,"turns":4},{"damage":5,"enemies":"Small Slimes","floor":2,"turns":3},{"damage":0,"enemies":"Cultist","floor":5,"turns":2},{"damage":21,"enemies":"Lagavulin","floor":6,"turns":7},{"damage":6,"enemies":"Red Slaver","floor":8,"turns":3},{"damage":12,"enemies":"2 Fungi Beasts","floor":10,"turns":4},{"damage":12,"enemies":"Exordium Wildlife","floor":14,"turns":5},{"damage":30,"enemies":"Slime Boss","floor":16,"turns":9},{"damage":34,"enemies":"Chosen","floor":18,"turns":5},{"damage":10,"enemies":"3 Byrds","floor":19,"turns":2},{"damage":38,"enemies":"Centurion and Healer","floor":23,"turns":3}],"seed_played":"-3751347899955508287","potions_obtained":[{"floor":6,"key":"LiquidBronze"},{"floor":8,"key":"Fruit Juice"},{"floor":14,"key":"Explosive Potion"},{"floor":16,"key":"Energy Potion"},{"floor":19,"key":"Strength Potion"}],"is_trial":false,"path_per_floor":["M","M","?","?","M","E","R","M","T","M","R","$","$","M","R","B",null,"M","M","?","?","$","M"],"character_chosen":"DEFECT","items_purchased":["Chemical X","Redo"],"campfire_rested":1,"item_purchase_floors":[12,12],"current_hp_per_floor":[60,55,55,55,55,34,34,33,33,21,45,45,45,33,33,3,63,29,19,36,36,36,0,0],"gold":112,"neow_bonus":"TEN_PERCENT_HP_BONUS","is_daily":false,"chose_seed":false,"campfire_upgraded":2,"win_rate":0.0,"timestamp":1607797862,"path_taken":["M","M","?","?","?","E","R","M","T","M","R","?","$","M","R","BOSS","M","M","?","?","$","M"],"items_purchased_type":["Relic","Card"],"build_version":"2020-11-30","purchased_purges":1,"victory":false,"max_hp_per_floor":[78,78,78,78,78,78,78,83,83,83,83,83,83,83,83,83,83,83,83,83,83,83,83,83],"card_choices":[{"not_picked":["Hologram","Compile Driver"],"picked":"Coolheaded","floor":1},{"not_picked":["Rebound","Steam"],"picked":"Ball Lightning","floor":2},{"not_picked":["BootSequence","Sweeping Beam"],"picked":"Capacitor","floor":5},{"not_picked":["Buffer","Undo"],"picked":"Loop","floor":6},{"not_picked":["Steam","Coolheaded"],"picked":"Darkness","floor":8},{"not_picked":["Hello World","Conserve Battery"],"picked":"Barrage","floor":10},{"not_picked":["Stack","Steam Power","Streamline"],"picked":"SKIP","floor":14},{"not_picked":["Seek","Core Surge"],"picked":"Electrodynamics","floor":16},{"not_picked":["Barrage","Rip and Tear"],"picked":"Leap","floor":18},{"not_picked":["Gash","Streamline+1"],"picked":"Ball Lightning","floor":19}],"player_experience":1828772,"relics_obtained":[{"floor":6,"key":"Happy Flower"},{"floor":9,"key":"Boot"}],"event_choices":[{"damage_healed":0,"gold_gain":150,"player_choice":"AGREE","damage_taken":0,"max_hp_gain":0,"max_hp_loss":0,"event_name":"Liars Game","floor":3,"gold_loss":0,"cards_obtained":["Doubt"]},{"damage_healed":0,"gold_gain":0,"player_choice":"1 cards matched","damage_taken":0,"max_hp_gain":0,"max_hp_loss":0,"event_name":"Match and Keep!","floor":4,"gold_loss":0,"cards_obtained":["Redo"]},{"damage_healed":17,"gold_gain":0,"player_choice":"Heal","damage_taken":0,"max_hp_gain":0,"max_hp_loss":0,"event_name":"The Library","floor":20,"gold_loss":0},{"damage_healed":0,"gold_gain":0,"player_choice":"Obtained Relic","damage_taken":0,"relics_obtained":["Symbiotic Virus"],"max_hp_gain":0,"max_hp_loss":0,"event_name":"Addict","floor":21,"gold_loss":85}],"is_beta":false,"boss_relics":[{"not_picked":["Busted Crown","Pandora\u0027s Box"],"picked":"Philosopher\u0027s Stone"}],"items_purged_floors":[12],"is_endless":false,"potions_floor_spawned":[6,8,14,16,19],"killed_by":"Centurion and Healer","ascension_level":19}}