{"host":"g3js2eermvvpeiqn","time":1607738722,"event":{"mods":["BaseMod","DeckTracker","Downfall","Minty Spire (QoL Compilation)","Quick Restart","StSLib"],"gold_per_floor":[115,40,40,40,55,86,104,104,150,150,186,186,186,199,199,290,290,310,310,310,331,331,331],"floor_reached":22,"playtime":882,"items_purged":[],"score":434,"play_id":"f9fc7b66-7a6c-4c85-bc9f-8a864f4eee60","local_time":"20201211200522","is_ascension_mode":true,"campfire_choices":[{"data":"Fusion","floor":10.0,"key":"SMITH"},{"floor":13.0,"key":"REST"},{"floor":15.0,"key":"REST"}],"circlet_count":0,"master_deck":["AscendersBane","Strike_B+1","Strike_B","Defend_B","Defend_B+1","Zap","Dualcast","Streamline","Auto Shields","Fusion+1","Machine Learning","Biased Cognition","Capacitor+1","BootSequence+1","Reprogram+1","RitualDagger+1"],"relics":["Cracked Core","NeowsBlessing","Guardian:PocketSentry","Golden Idol","Potion Belt","Bottled Tornado","Bottled Flame","Astrolabe"],"acts_visited":["Exordium","TheCity"],"potions_floor_usage":[21,22],"damage_taken":[{"damage":0.0,"enemies":"2 Louse","floor":1.0,"turns":1.0},{"damage":0.0,"enemies":"Jaw Worm","floor":5.0,"turns":1.0},{"damage":0.0,"enemies":"3 Sentries","floor":6.0,"turns":1.0},{"damage":0.0,"enemies":"Cultist","floor":7.0,"turns":2.0},{"damage":37.0,"enemies":"Gremlin Nob","floor":11.0,"turns":5.0},{"damage":7.0,"enemies":"Blue Slaver","floor":14.0,"turns":3.0},{"damage":20.0,"enemies":"The Guardian","floor":16.0,"turns":11.0},{"damage":22.0,"enemies":"3 Byrds","floor":18.0,"turns":7.0},{"damage":13,"enemies":"Spheric Guardian","floor":21,"turns":4},{"damage":22,"enemies":"Cultist and Chosen","floor":22,"turns":4}],"seed_played":"2694112125567729960","potions_obtained":[{"floor":7.0,"key":"EssenceOfSteel"},{"floor":14.0,"key":"EssenceOfSteel"},{"floor":18.0,"key":"Dexterity Potion"},{"floor":21,"key":"Guardian:BlockOnCardUsePotion"}],"is_trial":false,"path_per_floor":["M","?","$","?","M","E","M","?","T","R","E","T","R","M","R","B",null,"M","?","?","M","M"],"character_chosen":"DEFECT","items_purchased":[],"campfire_rested":2,"item_purchase_floors":[],"current_hp_per_floor":[64,64,64,43,43,43,43,43,43,43,6,6,25,18,37,17,52,30,24,24,11,0,0],"gold":331,"neow_bonus":"THREE_ENEMY_KILL","is_daily":false,"chose_seed":false,"campfire_upgraded":1,"win_rate":0.0,"timestamp":1607738722,"path_taken":["M","?","$","?","M","E","M","?","T","R","E","?","R","M","R","BOSS","M","?","?","M","M"],"items_purchased_type":[],"build_version":"2020-11-30","purchased_purges":0,"victory":false,"max_hp_per_floor":[71,71,71,71,71,71,71,64,64,64,64,64,64,64,64,64,64,64,64,64,64,64,64],"card_choices":[{"not_picked":["Tempest","Rebound"],"picked":"Streamline","floor":1.0},{"not_picked":["Redo","Ball Lightning"],"picked":"Auto Shields","floor":5.0},{"not_picked":["Hologram","Ball Lightning"],"picked":"Fusion","floor":6.0},{"not_picked":["Ball Lightning","Stack"],"picked":"Machine Learning","floor":7.0},{"not_picked":["Darkness","Tempest","Reprogram"],"picked":"SKIP","floor":11.0},{"not_picked":["Go for the Eyes","Chaos","Compile Driver"],"picked":"SKIP","floor":14.0},{"not_picked":["Fission","Amplify"],"picked":"Biased Cognition","floor":16.0},{"not_picked":["Cold Snap","Auto Shields","Ball Lightning"],"picked":"SKIP","floor":18.0},{"not_picked":["Ball Lightning","Cold Snap","Force Field"],"picked":"SKIP","floor":21}],"player_experience":1439969,"relics_obtained":[{"floor":6.0,"key":"Guardian:PocketSentry"},{"floor":9.0,"key":"Potion Belt"},{"floor":11.0,"key":"Bottled Tornado"},{"floor":12.0,"key":"Bottled Flame"}],"event_choices":[{"cards_removed":["Strike_B"],"damage_healed":0.0,"max_hp_gain":0.0,"max_hp_loss":0.0,"gold_gain":0.0,"event_name":"The Cleric","player_choice":"Card Removal","floor":2.0,"gold_loss":75.0,"damage_taken":0.0},{"damage_healed":0.0,"max_hp_gain":0.0,"max_hp_loss":0.0,"gold_gain":0.0,"event_name":"Shining Light","player_choice":"Entered Light","floor":4.0,"gold_loss":0.0,"damage_taken":21.0,"cards_upgraded":["Defend_B","Strike_B"]},{"damage_healed":0.0,"max_hp_gain":0.0,"max_hp_loss":7.0,"gold_gain":0.0,"event_name":"Golden Idol","player_choice":"Lose Max HP","floor":8.0,"gold_loss":0.0,"damage_taken":0.0,"relics_obtained":["Golden Idol"]},{"damage_healed":0.0,"max_hp_gain":0.0,"max_hp_loss":0.0,"gold_gain":0.0,"event_name":"Nest","player_choice":"Joined the Cult","floor":19.0,"gold_loss":0.0,"damage_taken":6.0,"cards_obtained":["RitualDagger"]},{"damage_healed":0.0,"max_hp_gain":0.0,"max_hp_loss":0.0,"gold_gain":0.0,"event_name":"Upgrade Shrine","player_choice":"Upgraded","floor":20.0,"gold_loss":0.0,"damage_taken":0.0,"cards_upgraded":["RitualDagger"]}],"is_beta":false,"boss_relics":[{"not_picked":["Velvet Choker","Pandora\u0027s Box"],"picked":"Astrolabe"}],"items_purged_floors":[],"is_endless":false,"potions_floor_spawned":[7,14,18,21],"killed_by":"Cultist and Chosen","ascension_level":20}}