{"host":"w01vs80f19dvf8rn","time":1607781962,"event":{"mods":["BaseMod","Better Note","Colored Map","Colored Powertips","DeckTracker","Friendly Minions","Googly Eyes","Minty Spire (QoL Compilation)","Rare Cards Sparkle","StSLib","SuperFastMode","The Bug Knight","The Jungle"],"gold_per_floor":[112,132,146,163,238,265,265,275,301,301,319,319,90,104,104,223,223,242,260,335,360,373,373,387,387,387,387,387,410,410,230,230,230,230],"floor_reached":33,"playtime":2945,"items_purged":["HollowMod:QuickDashStart","HollowMod:NailStrikeStart"],"score":271,"play_id":"747d9d6c-6586-40ea-8b6c-0d6987de3c24","local_time":"20201212230602","is_ascension_mode":false,"campfire_choices":[{"data":"HollowMod:PureNailStrike","floor":7.0,"key":"SMITH"},{"data":"HollowMod:SoulEater","floor":15.0,"key":"SMITH"},{"data":"HollowMod:FocusHealStart","floor":23.0,"key":"SMITH"},{"floor":25.0,"key":"REST"},{"floor":30,"key":"REST"},{"data":"HollowMod:theNailsmith","floor":32,"key":"SMITH"}],"circlet_count":0,"master_deck":["HollowMod:NailStrikeStart","HollowMod:NailStrikeStart","HollowMod:NailStrikeStart","HollowMod:QuickDashStart","HollowMod:QuickDashStart","HollowMod:QuickDashStart","HollowMod:FocusHealStart+1","HollowMod:PogoStrike","HollowMod:PureNailStrike+1","HollowMod:CloakDash","HollowMod:PerfectDash","HollowMod:SoulEater+1","HollowMod:HuntersJournal","HollowMod:theNailsmith+1","HollowMod:HuntersJournal+1","HollowMod:SoulEater+1","HollowMod:ChannelNail+1","HollowMod:SoulVessel"],"relics":["HollowMod:VesselMask","Potion Belt","Akabeko","Golden Idol","Cursed Key"],"acts_visited":["Exordium","TheCity"],"potions_floor_usage":[28,33,33],"damage_taken":[{"damage":0.0,"enemies":"Small Slimes","floor":1.0,"turns":4.0},{"damage":0.0,"enemies":"2 Louse","floor":2.0,"turns":3.0},{"damage":1.0,"enemies":"Jaw Worm","floor":3.0,"turns":3.0},{"damage":0.0,"enemies":"Red Slaver","floor":4.0,"turns":3.0},{"damage":29.0,"enemies":"Lagavulin","floor":6.0,"turns":8.0},{"damage":0.0,"enemies":"Large Slime","floor":8.0,"turns":3.0},{"damage":1.0,"enemies":"Looter","floor":11.0,"turns":3.0},{"damage":8.0,"enemies":"Exordium Wildlife","floor":14.0,"turns":5.0},{"damage":11.0,"enemies":"Slime Boss","floor":16.0,"turns":8.0},{"damage":2.0,"enemies":"3 Byrds","floor":18.0,"turns":5.0},{"damage":13.0,"enemies":"Shell Parasite","floor":19.0,"turns":5.0},{"damage":21.0,"enemies":"Shelled Parasite and Fungi","floor":21.0,"turns":5.0},{"damage":6.0,"enemies":"Snecko","floor":22.0,"turns":4.0},{"damage":36.0,"enemies":"Sentry and Sphere","floor":24.0,"turns":6.0},{"damage":15,"enemies":"Gremlin Leader","floor":28,"turns":5},{"damage":17,"enemies":"Centurion and Healer","floor":29,"turns":5},{"damage":60,"enemies":"Champ","floor":33,"turns":9}],"seed_played":"-5035251687267442069","potions_obtained":[{"floor":1.0,"key":"SmokeBomb"},{"floor":4.0,"key":"SkillPotion"},{"floor":11.0,"key":"EssenceOfSteel"},{"floor":14.0,"key":"Ancient Potion"},{"floor":16.0,"key":"ColorlessPotion"},{"floor":21.0,"key":"Weak Potion"},{"floor":29,"key":"ColorlessPotion"}],"is_trial":false,"path_per_floor":["M","M","M","M","?","E","R","M","T","?","M","?","$","M","R","B",null,"M","M","?","M","M","R","M","R","T","?","E","M","R","$","R","B"],"character_chosen":"THE_BUGKNIGHT","items_purchased":["HollowMod:SoulEater","HollowMod:HuntersJournal","HollowMod:SoulVessel"],"campfire_rested":2,"item_purchase_floors":[13,13,31],"current_hp_per_floor":[75,75,74,74,63,34,34,34,34,39,44,24,24,22,22,21,80,78,65,57,42,42,42,16,40,40,40,31,20,44,44,44,0,0],"gold":230,"neow_bonus":"RANDOM_COMMON_RELIC","is_daily":false,"chose_seed":false,"campfire_upgraded":4,"win_rate":0.0,"timestamp":1607781962,"path_taken":["M","M","M","M","?","E","R","M","T","?","M","?","$","M","R","BOSS","M","M","?","M","M","R","M","R","T","?","E","M","R","$","R","BOSS"],"items_purchased_type":["Card","Card","Card"],"build_version":"2020-11-30","purchased_purges":2,"victory":false,"max_hp_per_floor":[75,75,75,75,75,75,75,75,75,80,80,80,80,80,80,80,80,80,80,80,80,80,80,80,80,80,80,80,80,80,80,80,80,80],"card_choices":[{"not_picked":["HollowMod:DungDefenderAura","HollowMod:DashSlash","HollowMod:ShadowDash"],"picked":"SKIP","floor":1.0},{"not_picked":["HollowMod:NewLittleFool","HollowMod:LifebloodCocoon"],"picked":"HollowMod:PureNailStrike","floor":2.0},{"not_picked":["HollowMod:SoulSplash","HollowMod:InfectedAttack"],"picked":"HollowMod:CloakDash","floor":3.0},{"not_picked":["HollowMod:MothsMistake","HollowMod:NewGlowingWomb","HollowMod:FallenFury"],"picked":"SKIP","floor":4.0},{"not_picked":["HollowMod:SiblingsSouls","HollowMod:InfectedAttack"],"picked":"HollowMod:PerfectDash","floor":6.0},{"not_picked":["HollowMod:TaintedHusks","HollowMod:QuirrelsAssistance","HollowMod:Weaversong"],"picked":"SKIP","floor":8.0},{"not_picked":["HollowMod:CycloneSlash","HollowMod:DoubleDash","HollowMod:SoulShaman"],"picked":"SKIP","floor":11.0},{"not_picked":["HollowMod:InfectedCysts","HollowMod:HeavyBlow","HollowMod:SoulShaman"],"picked":"SKIP","floor":14.0},{"not_picked":["HollowMod:SoulMaster","HollowMod:MidwifesHunger"],"picked":"HollowMod:theNailsmith","floor":16.0},{"not_picked":["HollowMod:CloakDash","HollowMod:NewJinnsSoul","HollowMod:LifebloodCocoon"],"picked":"SKIP","floor":18.0},{"not_picked":["HollowMod:BrokenVessel","HollowMod:ChannelNail"],"picked":"HollowMod:HuntersJournal+1","floor":19.0},{"not_picked":["HollowMod:NewLittleFool+1","HollowMod:FallenFury","HollowMod:WraithStrike"],"picked":"SKIP","floor":21.0},{"not_picked":["HollowMod:DashSlash+1","HollowMod:InfectionAssault+1","HollowMod:SoulEater"],"picked":"SKIP","floor":22.0},{"not_picked":["HollowMod:NewJinnsSoul+1","HollowMod:QuirrelsAssistance","HollowMod:LifebloodCocoon+1"],"picked":"SKIP","floor":24.0},{"not_picked":["HollowMod:VengefulVoid+1","HollowMod:MonarchWings+1"],"picked":"HollowMod:ChannelNail+1","floor":29}],"player_experience":629126,"relics_obtained":[{"floor":6.0,"key":"Akabeko"}],"event_choices":[{"damage_healed":0.0,"max_hp_gain":0.0,"max_hp_loss":0.0,"gold_gain":75.0,"event_name":"World of Goop","player_choice":"Gather Gold","floor":5.0,"gold_loss":0.0,"damage_taken":11.0},{"damage_healed":0.0,"max_hp_gain":5.0,"max_hp_loss":0.0,"gold_gain":0.0,"event_name":"Big Fish","player_choice":"Donut","floor":10.0,"gold_loss":0.0,"damage_taken":0.0},{"damage_healed":0.0,"max_hp_gain":0.0,"max_hp_loss":0.0,"gold_gain":0.0,"event_name":"Golden Idol","player_choice":"Take Damage","floor":12.0,"gold_loss":0.0,"damage_taken":20.0,"relics_obtained":["Golden Idol"]},{"damage_healed":0.0,"max_hp_gain":0.0,"max_hp_loss":0.0,"gold_gain":75.0,"event_name":"FaceTrader","player_choice":"Touch","floor":20.0,"gold_loss":0.0,"damage_taken":8.0},{"damage_healed":0,"gold_gain":0,"player_choice":"Copied","damage_taken":0,"max_hp_gain":0,"max_hp_loss":0,"event_name":"Duplicator","floor":27,"gold_loss":0,"cards_obtained":["HollowMod:SoulEater"]}],"is_beta":false,"boss_relics":[{"not_picked":["Astrolabe","Snecko Eye"],"picked":"Cursed Key"}],"items_purged_floors":[13,31],"is_endless":false,"potions_floor_spawned":[1,4,11,14,16,21,29],"killed_by":"Champ","ascension_level":0}}