{"host":"g1nobhbyuiiqkluq","time":1607742696,"event":{"mods":["Act Like it!","Aspiration","BaseMod","Better Match","Better Skull","Block Reminder","Conspire","Halation","Hubris","Minty Spire (QoL Compilation)","Quick Restart","Relic Stats","Replay The Spire","Spicy Shops","Spikes Relics","StSLib","SuperFastMode"],"gold_per_floor":[20,35,59,72,83,83,93,104,129,129,129,145,145,159,159,255,255,275,293,22,39,39,39,52,62,85,97,97,97,97,19,19,118,118,134,34,47,93,110,140,140,156,156,156,166,166,41,52,52,52,52,52,4,37,37],"floor_reached":56,"playtime":7105,"items_purged":["Strike_R","Strike_R","Strike_R"],"score":1150,"play_id":"23fb82d4-a0a7-4867-8262-57d53e66d99f","local_time":"20201211191136","is_ascension_mode":false,"campfire_choices":[{"data":"Body Slam","floor":6.0,"key":"SMITH"},{"data":"Neutralize","floor":11.0,"key":"SMITH"},{"data":"Shrug It Off","floor":13.0,"key":"SMITH"},{"data":"Spot Weakness","floor":15.0,"key":"SMITH"},{"data":"Armaments","floor":23.0,"key":"SMITH"},{"data":"True Grit","floor":28.0,"key":"SMITH"},{"data":"Evolve","floor":32.0,"key":"SMITH"},{"data":"Offering","floor":41.0,"key":"SMITH"},{"floor":46.0,"key":"RECALL"},{"data":"Shrug It Off+1","floor":49,"key":"SMITH"},{"data":"Shrug It Off+2","floor":52,"key":"SMITH"}],"circlet_count":0,"master_deck":["Defend_R","Defend_R","Defend_R","Defend_R","Intimidate","Seeing Red","Body Slam+1","Shrug It Off+1","Spot Weakness+1","Survivor","Neutralize+1","Impervious","Sword Boomerang","True Grit+1","Armaments+1","Shrug It Off+3","Evolve+1","Offering+2","Armaments+1"],"relics":["Burning Blood","Potion Belt","Oddly Smooth Stone","hubris:Backtick","conspire:InfiniteJournal","ClockworkSouvenir","halation:Convergence","hubris:CrackedHourglass","SpikesRelics:DaevaFist","Vajra","Pondfish Scales","Magic Flower"],"acts_visited":["Exordium","TheCity","TheBeyond","TheEnding"],"potions_floor_usage":[50,54,55,55,55],"damage_taken":[{"damage":6.0,"enemies":"Cultist","floor":1.0,"turns":5.0},{"damage":0.0,"enemies":"2 Louse","floor":2.0,"turns":3.0},{"damage":0.0,"enemies":"conspire:RoseBush","floor":4.0,"turns":4.0},{"damage":35.0,"enemies":"Exordium Thugs","floor":5.0,"turns":10.0},{"damage":7.0,"enemies":"Exordium Wildlife","floor":7.0,"turns":6.0},{"damage":3.0,"enemies":"conspire:2 RoseBushes","floor":8.0,"turns":9.0},{"damage":1.0,"enemies":"Lots of Slimes","floor":12.0,"turns":5.0},{"damage":2.0,"enemies":"3 Louse","floor":14.0,"turns":5.0},{"damage":6.0,"enemies":"Hexaghost","floor":16.0,"turns":10.0},{"damage":19.0,"enemies":"Spheric Guardian","floor":18.0,"turns":7.0},{"damage":1.0,"enemies":"Shell Parasite","floor":19.0,"turns":5.0},{"damage":7.0,"enemies":"Centurion and Healer","floor":21.0,"turns":11.0},{"damage":5.0,"enemies":"conspire:HollyBat","floor":24.0,"turns":7.0},{"damage":0.0,"enemies":"Snake Plant","floor":25.0,"turns":7.0},{"damage":8.0,"enemies":"Centurion and Healer","floor":27.0,"turns":11.0},{"damage":62.0,"enemies":"Collector","floor":33.0,"turns":16.0},{"damage":14.0,"enemies":"3 Shapes","floor":35.0,"turns":5.0},{"damage":24.0,"enemies":"3 Darklings","floor":37.0,"turns":6.0},{"damage":13.0,"enemies":"conspire:MimicChest","floor":38.0,"turns":13.0},{"damage":6.0,"enemies":"Writhing Mass","floor":39.0,"turns":9.0},{"damage":6.0,"enemies":"Giant Head","floor":40.0,"turns":11.0},{"damage":7.0,"enemies":"Transient","floor":42.0,"turns":5.0},{"damage":6.0,"enemies":"3 Darklings","floor":45.0,"turns":4.0},{"damage":6,"enemies":"Sphere and 2 Shapes","floor":48,"turns":5},{"damage":9,"enemies":"Donu and Deca","floor":50,"turns":7},{"damage":12,"enemies":"Shield and Spear","floor":54,"turns":8},{"damage":48,"enemies":"The Heart","floor":55,"turns":13}],"seed_played":"4251680837272478280","potions_obtained":[{"floor":2.0,"key":"Elixir"},{"floor":8.0,"key":"Dexterity Potion"},{"floor":12.0,"key":"BlessingOfTheForge"},{"floor":16.0,"key":"Energy Potion"},{"floor":21.0,"key":"SkillPotion"},{"floor":24.0,"key":"SteroidPotion"},{"floor":30.0,"key":"BloodPotion"},{"floor":30.0,"key":"LiquidMemories"},{"floor":39.0,"key":"Block Potion"},{"floor":40.0,"key":"Block Potion"},{"floor":42.0,"key":"LifebloodPotion"},{"floor":48,"key":"Adrenaline Potion"}],"is_trial":false,"path_per_floor":["M","M","T","M","M","R","M","M","T","?","R","M","R","M","R","B",null,"M","M","$","M","?","R","M","M","T","M","R","?","?","$","R","B",null,"M","$","M","?","M","E","R","M","T","?","M","R","$","M","R","B",null,"R","$","E","B",null],"character_chosen":"IRONCLAD","items_purchased":["True Grit","ClockworkSouvenir","halation:Convergence","Block Potion"],"campfire_rested":0,"item_purchase_floors":[20,20,31,53],"current_hp_per_floor":[80,80,80,80,51,51,50,53,53,53,53,58,58,62,62,62,80,67,72,72,71,71,71,72,78,78,76,76,76,76,76,76,20,80,72,72,70,63,63,63,63,62,62,62,62,62,62,62,62,59,80,80,80,74,35],"gold":37,"neow_bonus":"TRANSFORM_TWO_CARDS","is_daily":false,"chose_seed":false,"campfire_upgraded":10,"win_rate":0.0,"timestamp":1607742696,"path_taken":["M","M","?","M","M","R","M","M","T","?","R","M","R","M","R","BOSS","M","M","$","M","?","R","?","M","T","M","R","?","?","$","R","BOSS","M","$","?","?","M","E","R","M","T","?","M","R","$","?","R","BOSS","R","$","E","BOSS"],"items_purchased_type":["Card","Relic","Relic","Potion"],"build_version":"2020-11-30","purchased_purges":3,"victory":true,"max_hp_per_floor":[80,80,80,80,80,80,80,80,80,80,80,80,80,80,80,80,80,80,80,80,80,80,80,80,80,80,80,80,80,80,80,80,80,80,80,80,80,80,80,80,80,80,80,80,80,80,80,80,80,80,80,80,80,80,80],"relic_stats":{"counters":[27,207],"Magic Flower":[3],"obtain_stats":[{"Potion Belt":3,"Pondfish Scales":43,"hubris:Backtick":17,"Oddly Smooth Stone":9,"Vajra":40,"Magic Flower":54,"SpikesRelics:DaevaFist":38,"halation:Convergence":31,"hubris:CrackedHourglass":34,"Burning Blood":0,"conspire:InfiniteJournal":17,"ClockworkSouvenir":20},{"Potion Belt":2,"Pondfish Scales":22,"hubris:Backtick":9,"Oddly Smooth Stone":6,"Vajra":21,"Magic Flower":26,"SpikesRelics:DaevaFist":19,"halation:Convergence":15,"hubris:CrackedHourglass":16,"Burning Blood":0,"conspire:InfiniteJournal":9,"ClockworkSouvenir":11},{"Potion Belt":8,"Pondfish Scales":170,"hubris:Backtick":57,"Oddly Smooth Stone":37,"Vajra":165,"Magic Flower":194,"SpikesRelics:DaevaFist":145,"halation:Convergence":105,"hubris:CrackedHourglass":121,"Burning Blood":0,"conspire:InfiniteJournal":57,"ClockworkSouvenir":69}],"Burning Blood":153},"card_choices":[{"not_picked":["Warcry","ReplayTheSpireMod:Limb From Limb","Anger"],"picked":"SKIP","floor":1.0},{"not_picked":["Iron Wave","Whirlwind"],"picked":"Body Slam","floor":2.0},{"not_picked":["ReplayTheSpireMod:LeadingStrike","Thunderclap","Replay:Undeath\u0027s Touch"],"picked":"SKIP","floor":4.0},{"not_picked":["Twin Strike","Warcry"],"picked":"Shrug It Off","floor":5.0},{"not_picked":["ReplayTheSpireMod:Limb From Limb","Feed","hubris:ReadiedAction"],"picked":"SKIP","floor":7.0},{"not_picked":["Bloodletting","Thunderclap"],"picked":"Spot Weakness","floor":8.0},{"not_picked":["conspire:Charge","Abandon","ReplayTheSpireMod:LeadingStrike"],"picked":"SKIP","floor":12.0},{"not_picked":["Rage","Thunderclap","Replay:Undeath\u0027s Touch"],"picked":"SKIP","floor":14.0},{"not_picked":["Brutality","Double Tap"],"picked":"Impervious","floor":16.0},{"not_picked":["Iron Wave","Perfected Strike"],"picked":"Sword Boomerang","floor":18.0},{"not_picked":["Body Slam","Invigoration","Iron Wave"],"picked":"SKIP","floor":19.0},{"not_picked":["Havoc","Absolvement"],"picked":"Armaments","floor":21.0},{"not_picked":["Havoc","ReplayTheSpireMod:LeadingStrike","Clothesline"],"picked":"SKIP","floor":24.0},{"not_picked":["Havoc","Wild Strike+1","Fiend Fire"],"picked":"SKIP","floor":25.0},{"not_picked":["Twin Strike","Wild Strike"],"picked":"Evolve","floor":27.0},{"not_picked":["Limit Break","Hemogenesis"],"picked":"Offering","floor":33.0},{"not_picked":["Twin Strike","Clash","Perfected Strike+1"],"picked":"SKIP","floor":35.0},{"not_picked":["hubris:ReadiedAction+1","Feel No Pain","Thunderclap"],"picked":"SKIP","floor":37.0},{"not_picked":["Hemogenesis","Rupture+1"],"picked":"Armaments+1","floor":38.0},{"not_picked":["Sentinel+1","Pommel Strike+1","Absolvement"],"picked":"SKIP","floor":39.0},{"not_picked":["Hemokinesis+1","Clothesline","Demonic Infusion"],"picked":"SKIP","floor":40.0},{"not_picked":["Replay:Undeath\u0027s Touch+1","Invigoration","Headbutt+1"],"picked":"SKIP","floor":42.0},{"not_picked":["Wild Strike","Cleave+1","Whirlwind"],"picked":"SKIP","floor":45.0},{"not_picked":["Run Through+1","Evolve+1","Pommel Strike+1"],"picked":"SKIP","floor":48},{"not_picked":["Blood for Blood+1","Sword Boomerang+1","Armaments"],"picked":"SKIP","floor":54}],"player_experience":3016708,"relics_obtained":[{"floor":3.0,"key":"Potion Belt"},{"floor":9.0,"key":"Oddly Smooth Stone"},{"floor":38.0,"key":"SpikesRelics:DaevaFist"},{"floor":40.0,"key":"Vajra"},{"floor":43.0,"key":"Pondfish Scales"},{"floor":54,"key":"Magic Flower"}],"event_choices":[{"damage_healed":0.0,"max_hp_gain":0.0,"max_hp_loss":0.0,"gold_gain":0.0,"event_name":"Duplicator","player_choice":"Copied","floor":22.0,"gold_loss":0.0,"damage_taken":0.0,"cards_obtained":["Shrug It Off"]},{"damage_healed":0.0,"max_hp_gain":0.0,"max_hp_loss":0.0,"gold_gain":0.0,"event_name":"Lab","player_choice":"Got Potions","floor":30.0,"gold_loss":0.0,"damage_taken":0.0},{"damage_healed":0.0,"max_hp_gain":0.0,"max_hp_loss":0.0,"gold_gain":0.0,"event_name":"Upgrade Shrine","player_choice":"Upgraded","floor":44.0,"gold_loss":0.0,"damage_taken":0.0,"cards_upgraded":["Offering"]}],"is_beta":false,"boss_relics":[{"not_picked":["hubris:GrandSneckoEye","HailfireSword"],"picked":"hubris:Backtick"},{"not_picked":["aspiration:SilentSkillbook","halation:LoveArrow"],"picked":"hubris:CrackedHourglass"}],"items_purged_floors":[20,36,47],"is_endless":false,"potions_floor_spawned":[2,8,12,16,21,24,25,39,40,42,48],"ascension_level":0}}