{"host":"hfvpa4llnnjpeawn","time":1607759994,"event":{"mods":["2.2 Compatiblity","Act Like it!","BaseMod","Better Skull","Better Third Choice","BetterRewards","CapriCore","Conspire","Downfall","Elementarium","GungeonMod","Hermit","Hubris","Koishi","Lobotomy","Mad Scientist","Minty Spire (QoL Compilation)","Replay The Spire","Shade Mod","Somnambulant","StSLib","The Bladedancer","The Factory","The Jungle","Waifu the Spire"],"gold_per_floor":[111,111,31,48,117,142,6,6,29,98,148,218,230,280,280,384,384,397,412,56,106,156,156,193,193,266,288,338,82,111,161,161,274,274,300,93,143,171,95,95,143,22,22,38,38],"floor_reached":44,"playtime":2162,"items_purged":[],"score":575,"play_id":"87ce4d84-ecc8-4a93-b1c4-aaea47ba31e8","local_time":"20201212025954","is_ascension_mode":true,"campfire_choices":[{"data":"Heavy Blade","floor":8,"key":"SMITH"},{"data":"Flame Barrier","floor":15,"key":"SMITH"},{"floor":23,"key":"REST"},{"floor":25,"key":"REST"},{"floor":40,"key":"REST"}],"circlet_count":0,"master_deck":["Strike_R","Strike_R","Strike_R","Strike_R","Strike_R","Defend_R","Defend_R","Defend_R","Bash","Neutralize","Guardian:TwinSlam","Run Through+1","Rupture","Shrug It Off","Inflame","Heavy Blade+1","Perfected Strike+1","Sadistic Nature","Hemogenesis","Seeing Red","Flame Barrier+1","Limit Break","Heavy Blade","ReplayTheSpireMod:Muscle Training","Combust","Master of Strategy","Demon Form","Bloodletting","Metallicize","Metallicize","Offering+1","Fire Breathing","expansioncontent:DashGenerateEvil","Pommel Strike+1","Rage","expansioncontent:CaCaw"],"relics":["Burning Blood","hubris:CuriousFeather","SsserpentHead","Bronze Scales","ReplayFunnel","Sozu","Replay:Bandana","Elementarium:FlickeringLantern","Toy Ornithopter","Red Skull","Juzu Bracelet","hubris:CrystalStatue","Membership Card","Strawberry","Replay:Multitool","Elementarium:ElementariumTrophy","conspire:SpecialSausage","Vajra","Toolbox","Boot","conspire:TreasureMap","conspire:BottledYoYo"],"acts_visited":["Exordium","Exordium","TheBeyond"],"potions_floor_usage":[10,12,13,16,24],"damage_taken":[{"damage":0,"enemies":"2 Louse","floor":1,"turns":2},{"damage":1,"enemies":"Cultist","floor":4,"turns":4},{"damage":3,"enemies":"conspire:RoseBush","floor":5,"turns":3},{"damage":18,"enemies":"Gremlin Nob","floor":6,"turns":4},{"damage":21,"enemies":"Lots of Slimes","floor":10,"turns":4},{"damage":6,"enemies":"Looter","floor":12,"turns":2},{"damage":8,"enemies":"Large Slime","floor":13,"turns":4},{"damage":37,"enemies":"Hexaghost","floor":16,"turns":7},{"damage":18,"enemies":"Elementarium:Cyclone","floor":18,"turns":5},{"damage":14,"enemies":"Elementarium:2_ELEMENTALS","floor":19,"turns":2},{"damage":31,"enemies":"Elementarium:WarGolem","floor":24,"turns":3},{"damage":24,"enemies":"Elementarium:STONE_GOLEMS","floor":27,"turns":3},{"damage":12,"enemies":"Elementarium:VOID_CORRUPTION_AND_ORB_OF_FIRE","floor":30,"turns":5},{"damage":44,"enemies":"Elementarium:GoldenDragon","floor":33,"turns":7},{"damage":11,"enemies":"Orb Walker","floor":35,"turns":2},{"damage":40,"enemies":"3 Shapes","floor":38,"turns":4},{"damage":42,"enemies":"R_Hoarder","floor":41,"turns":6},{"damage":43,"enemies":"Reptomancer","floor":44,"turns":4}],"seed_played":"-8606603379378382632","potions_obtained":[{"floor":1,"key":"SpeedPotion"},{"floor":10,"key":"Adrenaline Potion"},{"floor":12,"key":"BloodPotion"},{"floor":13,"key":"Explosive Potion"},{"floor":16,"key":"Fire Potion"}],"is_trial":false,"path_per_floor":["M","?","$","M","M","E","$","R","T","M","?","M","M","?","R","B",null,"M","M","$","?","?","R","E","R","T","M","?","$","M","?","R","B",null,"M","$","?","M","$","R","E","$","T","E"],"character_chosen":"IRONCLAD","items_purchased":["Rupture","Shrug It Off","Sadistic Nature","Combust","Master of Strategy","Replay:Bandana","Membership Card","Strawberry","Metallicize","Vajra","Fire Breathing","expansioncontent:DashGenerateEvil","Toolbox","expansioncontent:CaCaw","conspire:TreasureMap"],"campfire_rested":3,"item_purchase_floors":[3,3,7,20,20,20,29,29,29,36,36,36,39,42,42],"current_hp_per_floor":[80,80,80,80,80,68,68,68,68,53,53,53,67,67,67,36,80,71,63,63,63,28,52,32,56,56,43,43,50,49,49,75,37,87,82,82,82,48,48,74,43,43,43,0,0],"gold":38,"neow_bonus":"ONE_RARE_RELIC","is_daily":false,"chose_seed":false,"campfire_upgraded":2,"win_rate":0.0,"timestamp":1607759994,"path_taken":["M","?","$","M","?","E","?","R","T","?","?","?","M","?","R","BOSS","M","M","$","?","?","R","E","R","T","M","?","$","M","?","R","BOSS","M","$","?","M","$","R","E","$","T","E"],"items_purchased_type":["Card","Card","Card","Card","Card","Relic","Relic","Relic","Card","Relic","Card","Card","Relic","Card","Relic"],"build_version":"2020-11-30","purchased_purges":0,"victory":false,"max_hp_per_floor":[80,80,80,80,80,80,80,80,80,80,80,80,80,80,80,80,80,80,80,80,80,80,80,80,80,80,80,80,87,87,87,87,87,87,87,87,87,87,87,87,87,87,87,87,87],"card_choices":[{"not_picked":["Wild Strike","True Grit"],"picked":"Run Through","floor":1},{"not_picked":["Warcry","Cleave"],"picked":"Inflame","floor":4},{"not_picked":["ReplayTheSpireMod:Limb From Limb","Blood for Blood"],"picked":"Heavy Blade","floor":5},{"not_picked":["Armaments","conspire:HitWhereItHurts"],"picked":"Perfected Strike","floor":6},{"not_picked":["Anger","hubris:ReadiedAction","Clash"],"picked":"SKIP","floor":10},{"not_picked":["Replay:Undeath\u0027s Touch","Entrench"],"picked":"Seeing Red","floor":12},{"not_picked":["hubris:SharpeningStone","Clash"],"picked":"Flame Barrier","floor":13},{"not_picked":["Immolate","Brutality"],"picked":"Limit Break","floor":16},{"not_picked":["Perfected Strike","Havoc"],"picked":"Heavy Blade","floor":18},{"not_picked":["Warcry","Replay:Undeath\u0027s Touch"],"picked":"ReplayTheSpireMod:Muscle Training","floor":19},{"not_picked":["Warcry","Rage"],"picked":"Demon Form","floor":24},{"not_picked":["Body Slam","Clothesline+1"],"picked":"Bloodletting","floor":27},{"not_picked":["Pommel Strike","hubris:ReadiedAction"],"picked":"Metallicize","floor":30},{"not_picked":["Immolate","Demon Form"],"picked":"Offering","floor":33},{"not_picked":["Clothesline+1","Anger","Body Slam+1"],"picked":"SKIP","floor":35},{"not_picked":["Bloodletting+1","Hemogenesis"],"picked":"Pommel Strike+1","floor":38},{"not_picked":["Twin Strike+1","hubris:ReadiedAction"],"picked":"Rage","floor":41}],"player_experience":167382,"relics_obtained":[{"floor":6,"key":"Bronze Scales"},{"floor":9,"key":"ReplayFunnel"},{"floor":24,"key":"Juzu Bracelet"},{"floor":26,"key":"hubris:CrystalStatue"},{"floor":41,"key":"Boot"},{"floor":43,"key":"conspire:BottledYoYo"}],"event_choices":[{"damage_healed":0,"gold_gain":0,"player_choice":"Trade","damage_taken":0,"relics_obtained":["SsserpentHead"],"max_hp_gain":0,"max_hp_loss":0,"event_name":"FaceTrader","floor":2,"gold_loss":0},{"damage_healed":0,"gold_gain":0,"cards_transformed":["Defend_R"],"player_choice":"Transformed","damage_taken":0,"max_hp_gain":0,"max_hp_loss":0,"event_name":"Transmorgrifier","floor":11,"gold_loss":0,"cards_obtained":["Hemogenesis"]},{"damage_healed":0,"gold_gain":0,"player_choice":"Leave","damage_taken":0,"max_hp_gain":0,"max_hp_loss":0,"event_name":"conspire:Investor","floor":14,"gold_loss":0},{"damage_healed":0,"gold_gain":0,"player_choice":"Take","damage_taken":0,"relics_obtained":["Elementarium:FlickeringLantern"],"max_hp_gain":0,"max_hp_loss":0,"event_name":"Elementarium:HeartOfTheVoid","floor":21,"gold_loss":0},{"damage_healed":0,"gold_gain":0,"player_choice":"RE RE ","damage_taken":39,"relics_obtained":["Toy Ornithopter","Red Skull"],"max_hp_gain":0,"max_hp_loss":0,"event_name":"betterSkull:BetterSkull","floor":22,"gold_loss":0,"cards_upgraded":[]},{"damage_healed":0,"gold_gain":0,"player_choice":"Pray","damage_taken":0,"max_hp_gain":0,"max_hp_loss":0,"event_name":"Elementarium:VoidShrine","floor":28,"gold_loss":0,"cards_upgraded":["Run Through"]},{"damage_healed":0,"gold_gain":0,"player_choice":"Open","damage_taken":0,"relics_obtained":["Replay:Multitool"],"max_hp_gain":0,"max_hp_loss":0,"event_name":"Elementarium:TarCoveredCasket","floor":31,"gold_loss":0,"cards_obtained":["Elementarium:StickyTar"]},{"damage_healed":0,"gold_gain":0,"player_choice":"Upgraded","damage_taken":0,"max_hp_gain":0,"max_hp_loss":0,"event_name":"Upgrade Shrine","floor":37,"gold_loss":0,"cards_upgraded":["Offering"]}],"is_beta":false,"boss_relics":[{"not_picked":["Runic Dome","Astrolabe"],"picked":"Sozu"},{"not_picked":["Calling Bell","hubris:ScarierMask"],"picked":"conspire:SpecialSausage"}],"items_purged_floors":[],"is_endless":false,"potions_floor_spawned":[1,10,12,13,16,18,19,33,35,41],"killed_by":"Reptomancer","ascension_level":2}}