{"host":"yk98keyoflza93y0","time":1607739259,"event":{"mods":["AchievementEnabler","BaseMod","BetterRewards","Card Forge","Colored Map","DeckTracker","Minty Spire (QoL Compilation)","Shop Mod","StSLib","SuperFastMode"],"gold_per_floor":[110,10010,9542,9555,9555,9590,9620,9646,9646,9672,9672,9689,9689,8797,8797,8872,8872,8884,8884,8894,8910,8433,8468,8502,8502,8529,8569,8569,8608,8651,8675,8675,8758,8758,8770,6935,6961,7012,2451,2481,2481,2481,2481,2506,2531,2561,2596,2627,2627,2627,2627,2627,2627,2372,2402,2402],"floor_reached":57,"playtime":2436,"items_purged":["Strike_B","Strike_B","Defend_B","Strike_B","Strike_B","Dualcast","Defend_B","Core Surge"],"score":4261,"play_id":"0501254a-3eb8-40a1-b9a2-a4c011a44776","local_time":"20201212111419","is_ascension_mode":true,"campfire_choices":[{"floor":11,"key":"DIG"},{"floor":13,"key":"DIG"},{"floor":15,"key":"DIG"},{"floor":25,"key":"DIG"},{"floor":28,"key":"DIG"},{"floor":32,"key":"DIG"},{"floor":41,"key":"RECALL"},{"floor":49,"key":"DIG"},{"data":"Gash","floor":53,"key":"PURGE"}],"circlet_count":12,"master_deck":["AscendersBane","Defend_B","Zap+1","Blizzard","Chill","Glacier","Heatsinks+1","Fission+1","Conserve Battery+1","Defragment+1","Fission+1","Creative AI+1","Coolheaded+1","Turbo+1","Creative AI+1","Chaos+1","Glacier+1","Heatsinks+1","Core Surge","Reboot+1","Buffer+1"],"relics":["Cracked Core","Hammer of Thor","Seething Fire","Anvil of the Gods","ClockworkSouvenir","Blood Vial","Thread and Needle","Nunchaku","TungstenRod","Ornamental Fan","Ancient Tea Set","Shovel","Gremlin Horn","Ice Cream","Ginger","StoneCalendar","Bird Faced Urn","Oddly Smooth Stone","Runic Capacitor","Incense Burner","Lantern","Frozen Egg 2","Sling","Turnip","Omamori","TheAbacus","Centennial Puzzle","Torii","Toxic Egg 2","Mummified Hand","Juzu Bracelet","Question Card","Art of War","DataDisk","PreservedInsect","HandDrill","Anchor","Black Star","DollysMirror","Toy Ornithopter","Bronze Scales","CeramicFish","Tiny Chest","FossilizedHelix","Bag of Preparation","Happy Flower","CaptainsWheel","Boot","Blue Candle","Lizard Tail","Akabeko","Pen Nib","The Courier","Philosopher\u0027s Stone","MealTicket","Regal Pillow","Bottled Tornado","Gambling Chip","Unceasing Top","Mango","Peace Pipe","Bag of Marbles","Vajra","Emotion Chip","InkBottle","Strawberry","Potion Belt","Singing Bowl","Meat on the Bone","Calipers","Letter Opener","Pantograph","Mercury Hourglass","Matryoshka","Darkstone Periapt","Molten Egg 2","Cables","White Beast Statue","Du-Vu Doll","Prayer Wheel","Pear","Pocketwatch","Shuriken","Eternal Feather","Sundial","Chemical X","Symbiotic Virus","Kunai","StrikeDummy","Circlet","WingedGreaves","Membership Card"],"acts_visited":["Exordium","TheCity","TheBeyond","TheEnding"],"potions_floor_usage":[],"damage_taken":[{"damage":0,"enemies":"Small Slimes","floor":1,"turns":3},{"damage":0,"enemies":"Cultist","floor":4,"turns":3},{"damage":0,"enemies":"3 Sentries","floor":6,"turns":6},{"damage":7,"enemies":"Gremlin Nob","floor":7,"turns":5},{"damage":0,"enemies":"Lagavulin","floor":8,"turns":6},{"damage":0,"enemies":"Gremlin Nob","floor":10,"turns":4},{"damage":0,"enemies":"Jaw Worm","floor":12,"turns":3},{"damage":0,"enemies":"The Guardian","floor":16,"turns":10},{"damage":0,"enemies":"3 Byrds","floor":18,"turns":5},{"damage":0,"enemies":"2 Thieves","floor":20,"turns":3},{"damage":0,"enemies":"Snecko","floor":21,"turns":4},{"damage":18,"enemies":"Slavers","floor":23,"turns":3},{"damage":20,"enemies":"Gremlin Leader","floor":24,"turns":4},{"damage":0,"enemies":"Slavers","floor":27,"turns":3},{"damage":0,"enemies":"Book of Stabbing","floor":29,"turns":3},{"damage":0,"enemies":"Slavers","floor":30,"turns":3},{"damage":0,"enemies":"Chosen and Byrds","floor":31,"turns":3},{"damage":0,"enemies":"Collector","floor":33,"turns":5},{"damage":0,"enemies":"Orb Walker","floor":35,"turns":2},{"damage":0,"enemies":"3 Darklings","floor":37,"turns":2},{"damage":0,"enemies":"2 Orb Walkers","floor":38,"turns":2},{"damage":0,"enemies":"Reptomancer","floor":40,"turns":1},{"damage":0,"enemies":"Nemesis","floor":44,"turns":1},{"damage":0,"enemies":"Mind Bloom Boss Battle","floor":45,"turns":2},{"damage":0,"enemies":"Reptomancer","floor":46,"turns":1},{"damage":0,"enemies":"Giant Head","floor":47,"turns":1},{"damage":0,"enemies":"Nemesis","floor":48,"turns":1},{"damage":0,"enemies":"Donu and Deca","floor":50,"turns":3},{"damage":0,"enemies":"Awakened One","floor":51,"turns":5},{"damage":0,"enemies":"Shield and Spear","floor":55,"turns":1},{"damage":0,"enemies":"The Heart","floor":56,"turns":5}],"seed_played":"-5524538507517280691","potions_obtained":[{"floor":1,"key":"SteroidPotion"},{"floor":7,"key":"FairyPotion"},{"floor":40,"key":"DistilledChaos"},{"floor":44,"key":"Strength Potion"},{"floor":46,"key":"FocusPotion"}],"is_trial":false,"path_per_floor":["M","$","$","M","?","E","E","E","T","E","R","M","R","$","R","B",null,"M","?","M","M","$","E","E","R","T","E","R","E","E","M","R","B",null,"M","$","M","?","$","E","R","?","T","E","?","E","E","E","R","B","B",null,"R","$","E","B",null],"character_chosen":"DEFECT","items_purchased":["ClockworkSouvenir","Blood Vial","Nunchaku","Ornamental Fan","Ancient Tea Set","Gremlin Horn","Ginger","Oddly Smooth Stone","Runic Capacitor","Lantern","Frozen Egg 2","Sling","Omamori","TheAbacus","DataDisk","PreservedInsect","HandDrill","Defragment+1","Fission+1","DollysMirror","DuplicationPotion","FocusPotion","MealTicket","Regal Pillow","Bottled Tornado","Gambling Chip","Unceasing Top","Mango","Peace Pipe","Bag of Marbles","Vajra","InkBottle","Strawberry","Potion Belt","Singing Bowl","Meat on the Bone","Calipers","Letter Opener","Pantograph","Mercury Hourglass","Matryoshka","Darkstone Periapt","Molten Egg 2","Cables","White Beast Statue","Du-Vu Doll","Prayer Wheel","Pear","Pocketwatch","Shuriken","Eternal Feather","Sundial","Chemical X","Membership Card"],"campfire_rested":0,"item_purchase_floors":[0,0,0,0,0,0,0,0,0,0,0,0,3,3,14,14,14,14,14,22,22,22,36,36,36,36,36,36,36,36,36,39,39,39,39,39,39,39,39,39,39,39,39,39,39,39,39,39,39,39,39,39,39,54],"current_hp_per_floor":[66,66,66,68,68,70,64,68,68,71,71,71,71,71,71,71,71,71,52,62,76,76,70,68,68,68,76,76,76,76,76,76,76,76,76,90,90,90,107,109,109,109,109,111,113,115,117,119,119,119,119,119,119,119,121,121],"gold":2402,"neow_bonus":"","is_daily":false,"chose_seed":false,"campfire_upgraded":0,"win_rate":0.0,"timestamp":1607739259,"path_taken":["M","$","$","M","?","E","E","E","T","E","R","M","R","$","R","BOSS","M","?","M","M","$","E","E","R","T","E","R","E","E","M","R","BOSS","M","$","M","?","$","E","R","?","T","E","?","E","E","E","R","BOSS","BOSS","R","$","E","BOSS"],"items_purchased_type":["Relic","Relic","Relic","Relic","Relic","Relic","Relic","Relic","Relic","Relic","Relic","Relic","Relic","Relic","Relic","Relic","Relic","Card","Card","Relic","Potion","Potion","Relic","Relic","Relic","Relic","Relic","Relic","Relic","Relic","Relic","Relic","Relic","Relic","Relic","Relic","Relic","Relic","Relic","Relic","Relic","Relic","Relic","Relic","Relic","Relic","Relic","Relic","Relic","Relic","Relic","Relic","Relic","Relic"],"build_version":"2020-11-30","purchased_purges":8,"victory":true,"max_hp_per_floor":[71,71,71,71,71,71,71,71,71,71,71,71,71,71,71,71,71,71,76,76,76,76,76,76,76,76,76,76,76,76,76,76,76,76,76,90,90,90,107,109,109,109,109,111,113,115,117,119,119,119,119,119,119,119,121,121],"card_choices":[{"not_picked":["Coolheaded","Compile Driver"],"picked":"Blizzard","floor":1},{"not_picked":["Steam Power","Steam"],"picked":"Gash","floor":4},{"not_picked":["Compile Driver","Sweeping Beam"],"picked":"Heatsinks+1","floor":6},{"not_picked":["Defragment+1","Stack"],"picked":"Core Surge","floor":7},{"not_picked":["Barrage","Leap+1","Rebound"],"picked":"SKIP","floor":8},{"not_picked":["Barrage","Steam+1"],"picked":"Fission+1","floor":10},{"not_picked":["Tempest+1","Streamline","Go for the Eyes"],"picked":"Conserve Battery+1","floor":12},{"not_picked":["Buffer+1","Meteor Strike","Core Surge"],"picked":"Creative AI+1","floor":16},{"not_picked":["Sweeping Beam","Compile Driver","Stack+1"],"picked":"Coolheaded+1","floor":18},{"not_picked":["Hologram+1","Chill+1","Cold Snap+1"],"picked":"Turbo+1","floor":20},{"not_picked":["FTL","Beam Cell+1","Sweeping Beam","Meteor Strike"],"picked":"SKIP","floor":21},{"not_picked":["Leap+1","Beam Cell","Rebound","Fission+1"],"picked":"SKIP","floor":23},{"not_picked":["BootSequence+1","Beam Cell","Ball Lightning","Stack+1"],"picked":"SKIP","floor":24},{"not_picked":["Compile Driver","Stack+1","Melter"],"picked":"Chaos+1","floor":27},{"not_picked":["Ball Lightning","Beam Cell","Darkness+1"],"picked":"Glacier+1","floor":29},{"not_picked":["Tempest+1","Blizzard","Sweeping Beam"],"picked":"Heatsinks+1","floor":30},{"not_picked":["Cold Snap","Gash","Compile Driver"],"picked":"Core Surge","floor":31},{"not_picked":["Thunder Strike","Machine Learning+1","All For One"],"picked":"Reboot+1","floor":33},{"not_picked":["Steam+1","Static Discharge+1","Rip and Tear","Hologram+1"],"picked":"SKIP","floor":35},{"not_picked":["Steam+1","Hologram+1","Redo+1"],"picked":"Buffer+1","floor":37},{"not_picked":["Storm+1","Turbo+1","Doom and Gloom+1","Cold Snap+1"],"picked":"Singing Bowl","floor":40},{"not_picked":["Turbo+1","Beam Cell+1","Streamline+1","Multi-Cast+1"],"picked":"Singing Bowl","floor":44},{"not_picked":["Auto Shields+1","Beam Cell+1","Steam+1","Capacitor+1"],"picked":"Singing Bowl","floor":45},{"not_picked":["Doom and Gloom+1","Aggregate+1","Go for the Eyes+1","Gash+1"],"picked":"Singing Bowl","floor":46},{"not_picked":["Ball Lightning+1","Sunder+1","Genetic Algorithm+1","Rip and Tear+1"],"picked":"Singing Bowl","floor":47},{"not_picked":["Genetic Algorithm+1","Undo+1","Rebound+1","Capacitor+1"],"picked":"Singing Bowl","floor":48},{"not_picked":["Multi-Cast+1","Stack+1","Barrage+1","Turbo+1"],"picked":"Singing Bowl","floor":55}],"player_experience":1452730,"relics_obtained":[{"floor":6,"key":"Centennial Puzzle"},{"floor":7,"key":"Torii"},{"floor":8,"key":"Toxic Egg 2"},{"floor":9,"key":"Mummified Hand"},{"floor":10,"key":"Juzu Bracelet"},{"floor":11,"key":"Question Card"},{"floor":13,"key":"Art of War"},{"floor":15,"key":"Anchor"},{"floor":23,"key":"Toy Ornithopter"},{"floor":23,"key":"Bronze Scales"},{"floor":24,"key":"CeramicFish"},{"floor":24,"key":"Tiny Chest"},{"floor":25,"key":"FossilizedHelix"},{"floor":26,"key":"Bag of Preparation"},{"floor":27,"key":"Happy Flower"},{"floor":27,"key":"CaptainsWheel"},{"floor":28,"key":"Boot"},{"floor":29,"key":"Blue Candle"},{"floor":29,"key":"Lizard Tail"},{"floor":30,"key":"Akabeko"},{"floor":30,"key":"Pen Nib"},{"floor":32,"key":"The Courier"},{"floor":38,"key":"Emotion Chip"},{"floor":40,"key":"Symbiotic Virus"},{"floor":40,"key":"Kunai"},{"floor":43,"key":"StrikeDummy"},{"floor":44,"key":"Circlet"},{"floor":44,"key":"Circlet"},{"floor":45,"key":"Circlet"},{"floor":46,"key":"Circlet"},{"floor":46,"key":"Circlet"},{"floor":47,"key":"Circlet"},{"floor":47,"key":"Circlet"},{"floor":48,"key":"Circlet"},{"floor":48,"key":"Circlet"},{"floor":49,"key":"Circlet"},{"floor":55,"key":"Circlet"},{"floor":55,"key":"Circlet"}],"event_choices":[{"cards_removed":["Defend_B"],"damage_healed":0,"gold_gain":0,"player_choice":"Purged","damage_taken":0,"max_hp_gain":0,"max_hp_loss":0,"event_name":"Purifier","floor":5,"gold_loss":0},{"damage_healed":0,"gold_gain":0,"player_choice":"Shed Blood","damage_taken":25,"max_hp_gain":5,"max_hp_loss":0,"event_name":"Forgotten Altar","floor":19,"gold_loss":0},{"damage_healed":0,"gold_gain":0,"player_choice":"Fight","damage_taken":0,"max_hp_gain":0,"max_hp_loss":0,"event_name":"Mysterious Sphere","floor":38,"gold_loss":0},{"damage_healed":0,"gold_gain":0,"player_choice":"Upgraded","damage_taken":0,"max_hp_gain":0,"max_hp_loss":0,"event_name":"Upgrade Shrine","floor":42,"gold_loss":0,"cards_upgraded":["Zap"]},{"damage_healed":0,"gold_gain":0,"player_choice":"Fight","damage_taken":0,"max_hp_gain":0,"max_hp_loss":0,"event_name":"MindBloom","floor":45,"gold_loss":0}],"is_beta":false,"boss_relics":[{"not_picked":["Inserter","Pandora\u0027s Box"],"picked":"Black Star"},{"not_picked":["Astrolabe","Tiny House"],"picked":"Philosopher\u0027s Stone"}],"items_purged_floors":[0,2,3,14,22,36,39,54],"is_endless":false,"potions_floor_spawned":[1,7,10,16,18,21,23,29,33,35,37,40,44,45,46,47,48,55],"ascension_level":20}}