{"host":"kig4ty9d1aubg29s","time":1607774947,"event":{"mods":["BaseMod","Downfall","Minty Spire (QoL Compilation)","READ ME - Guardian Mod","READ ME - Snecko Mod","StSLib","The Cursed","The Gatherer","The Hierophant","The Jungle","The Runesmith"],"gold_per_floor":[114,128,128,93,58,58,21,47,47,61,90,105,115,115,115,212,212,225,237,237,257,268,302,302,314,314,342,442,442,472,472,472,569,569,580,595,124,124,137,137,187,187,242,255,283,23,23,51,51,51],"floor_reached":51,"playtime":6194,"items_purged":["Gatherer:Defend_Gatherer"],"score":1198,"play_id":"463f1c3d-d434-4005-955c-308e6f32b844","local_time":"20201212210907","is_ascension_mode":true,"metric_token":733,"campfire_choices":[{"data":"Gatherer:Snatch","floor":6,"key":"SMITH"},{"floor":15,"key":"REST"},{"floor":24,"key":"REST"},{"data":"Gatherer:Liquidism","floor":29,"key":"SMITH"},{"data":"Gatherer:BigPouch","floor":32,"key":"SMITH"},{"data":"Gatherer:LuckyClover","floor":40,"key":"SMITH"},{"data":"Gatherer:ColorfulGarden","floor":42,"key":"SMITH"},{"data":"Gatherer:BalancedGrowth","floor":49,"key":"SMITH"}],"circlet_count":0,"master_deck":["AscendersBane","Gatherer:Strike_Gatherer","Gatherer:Strike_Gatherer","Gatherer:Strike_Gatherer","Gatherer:Strike_Gatherer","Gatherer:Strike_Gatherer","Gatherer:Defend_Gatherer","Gatherer:Defend_Gatherer","Gatherer:Defend_Gatherer","Gatherer:Centralize","Gatherer:FlowerWhip+1","Gatherer:DrugPower+1","Gatherer:Snatch+1","Gatherer:GlowingPlant","Gatherer:Shadow","Gatherer:Light","Gatherer:Liquidism+1","Gatherer:EnergyBasket","Gatherer:BalancedGrowth+1","Gatherer:Pollute","Gatherer:DrugPower","Gatherer:CollectorsShot","Gatherer:FlowerBeam","Gatherer:FlowerBeam","Gatherer:BigPouch+1","Gatherer:Photoscythe","Gatherer:ScherryThrow","Gatherer:FlowerShield","Gatherer:FlowerFalling","Gatherer:WitheringStrike+1","Gatherer:FruitForce","Gatherer:TacticalStrike+1","Gatherer:FlowerShield","Gatherer:AlchemyTrial+1","Gatherer:Pollute","Gatherer:Misfortune","Gatherer:FlowerBeam","Gatherer:Photoscythe","Gatherer:QuickSynthesis","Gatherer:ScherryThrow","Gatherer:ColorfulGarden+1","CurseOfTheBell","Gatherer:ScherryThrow+1","Gatherer:Frenzy+1","Gatherer:AcidicSpray+1","Gatherer:MiningStrike+1","Gatherer:Photoscythe","Gatherer:LuckyClover+1","Gatherer:EnergyBasket+1","Gatherer:FlowerPower","Gatherer:EnergyBasket+1","Gatherer:Snatch","Gatherer:Pollute","Gatherer:FlowerPower","Gatherer:FlowerShield+1"],"relics":["Gatherer:MiracleBag","Gatherer:MistGenerator","PreservedInsect","Orichalcum","Prayer Wheel","Meat on the Bone","WingedGreaves","Happy Flower","Ornamental Fan","Torii","Gatherer:FlyingFruit","Red Mask","Calling Bell","Potion Belt","Kunai","Runesmith:Locket","Lantern","Letter Opener","Ginger","Whetstone","Vajra","Guardian:PocketSentry","Akabeko"],"acts_visited":["Exordium","TheCity","TheBeyond"],"potions_floor_usage":[16,18,19,20,21,21,21,23,23,27,28,30,31,33,35,36,44,48,50,50,50],"damage_taken":[{"damage":2,"enemies":"Small Slimes","floor":1,"turns":3},{"damage":4,"enemies":"Jaw Worm","floor":2,"turns":3},{"damage":18,"enemies":"Lagavulin","floor":8,"turns":6},{"damage":0,"enemies":"Cultist","floor":10,"turns":3},{"damage":12,"enemies":"3 Sentries","floor":11,"turns":5},{"damage":5,"enemies":"Looter","floor":12,"turns":3},{"damage":7,"enemies":"Gremlin Gang","floor":13,"turns":3},{"damage":10,"enemies":"Slime Boss","floor":16,"turns":8},{"damage":0,"enemies":"Shell Parasite","floor":18,"turns":3},{"damage":9,"enemies":"Chosen","floor":19,"turns":3},{"damage":0,"enemies":"Centurion and Healer","floor":20,"turns":1},{"damage":25,"enemies":"Snake Plant","floor":21,"turns":4},{"damage":29,"enemies":"Snecko","floor":22,"turns":6},{"damage":30,"enemies":"Book of Stabbing","floor":23,"turns":4},{"damage":8,"enemies":"Chosen and Byrds","floor":25,"turns":4},{"damage":0,"enemies":"Gremlin Leader","floor":27,"turns":2},{"damage":2,"enemies":"Colosseum Slavers","floor":28,"turns":2},{"damage":1,"enemies":"Colosseum Nobs","floor":28,"turns":3},{"damage":0,"enemies":"Masked Bandits","floor":30,"turns":2},{"damage":0,"enemies":"Snake Plant","floor":31,"turns":1},{"damage":91,"enemies":"Automaton","floor":33,"turns":8},{"damage":8,"enemies":"Orb Walker","floor":35,"turns":3},{"damage":22,"enemies":"3 Darklings","floor":36,"turns":4},{"damage":0,"enemies":"Sphere and 2 Shapes","floor":39,"turns":3},{"damage":0,"enemies":"Mind Bloom Boss Battle","floor":41,"turns":4},{"damage":10,"enemies":"4 Shapes","floor":44,"turns":5},{"damage":9,"enemies":"Reptomancer","floor":45,"turns":4},{"damage":2,"enemies":"Nemesis","floor":48,"turns":2},{"damage":44,"enemies":"Donu and Deca","floor":50,"turns":7}],"seed_played":"-1048503031602528856","potions_obtained":[{"floor":10,"key":"Strength Potion"},{"floor":12,"key":"FearPotion"},{"floor":13,"key":"Poison Potion"},{"floor":16,"key":"Regen Potion"},{"floor":21,"key":"Fire Potion"},{"floor":25,"key":"Explosive Potion"},{"floor":27,"key":"BlessingOfTheForge"},{"floor":30,"key":"GamblersBrew"},{"floor":33,"key":"FearPotion"},{"floor":35,"key":"Poison Potion"},{"floor":45,"key":"GhostInAJar"},{"floor":48,"key":"BottledMiracle"}],"is_trial":false,"path_per_floor":["M","M","?","?","$","R","$","E","T","M","E","M","M","?","R","B",null,"M","M","M","M","M","E","R","M","T","E","?","R","?","M","R","B",null,"M","M","$","?","M","R","?","R","T","M","E","$","?","E","R","B",null],"character_chosen":"THE_GATHERER","items_purchased":["Gatherer:GlowingPlant","Gatherer:Liquidism","Lantern","Letter Opener","Gatherer:Photoscythe","Guardian:PocketSentry","Gatherer:FlowerPower"],"campfire_rested":2,"item_purchase_floors":[5,7,37,37,37,46,46],"current_hp_per_floor":[63,59,47,65,65,65,65,47,47,47,35,42,47,47,68,58,69,69,60,60,54,37,19,44,48,48,48,45,45,49,49,49,40,81,73,51,51,51,51,51,55,55,55,59,54,54,54,56,56,32],"gold":51,"neow_bonus":"RANDOM_COMMON_RELIC","is_daily":false,"chose_seed":false,"campfire_upgraded":6,"win_rate":0.0,"timestamp":1607774947,"path_taken":["M","M","?","?","?","R","$","E","T","?","E","M","M","?","R","BOSS","M","M","M","M","?","E","R","?","T","E","?","R","?","M","R","BOSS","M","M","$","?","M","R","?","R","T","M","E","$","?","E","R","BOSS"],"items_purchased_type":["Card","Card","Relic","Relic","Card","Relic","Card"],"build_version":"2020-11-30","purchased_purges":1,"victory":true,"max_hp_per_floor":[72,72,72,72,72,72,72,72,72,72,72,72,72,72,72,72,72,72,72,72,86,86,86,86,86,86,86,86,86,90,90,90,94,94,94,94,94,94,94,94,94,94,94,104,104,104,104,104,104,108],"card_choices":[{"not_picked":["Gatherer:AromaProtection","Gatherer:PotentialSlash"],"picked":"Gatherer:DrugPower","floor":1},{"not_picked":["Gatherer:TreeGrowth","Gatherer:CollectorsShot"],"picked":"Gatherer:Snatch","floor":2},{"not_picked":["Gatherer:EchoOfNature","Gatherer:WoolGloves"],"picked":"Gatherer:EnergyBasket","floor":8},{"not_picked":["Gatherer:AcidicSpray","Gatherer:PotentialSlash"],"picked":"Gatherer:BalancedGrowth","floor":10},{"not_picked":["Gatherer:Duplicator","Gatherer:RottenStipe"],"picked":"Gatherer:Pollute","floor":10},{"not_picked":["Gatherer:Transmute","Gatherer:ScrollOfPurity"],"picked":"Gatherer:DrugPower","floor":11},{"not_picked":["Gatherer:SaveValuables","Gatherer:SmartManeuver"],"picked":"Gatherer:CollectorsShot","floor":12},{"not_picked":["Gatherer:TreeGrowth","Gatherer:AromaProtection"],"picked":"Gatherer:FlowerBeam","floor":12},{"not_picked":["Gatherer:Frenzy","Gatherer:WoolGloves"],"picked":"Gatherer:FlowerBeam","floor":13},{"not_picked":["Gatherer:GatherMaterial","Gatherer:RecipeChange"],"picked":"Gatherer:BigPouch","floor":13},{"not_picked":["Gatherer:ScrollOfPurity","Gatherer:CursedBlade"],"picked":"Gatherer:Photoscythe","floor":16},{"not_picked":["Gatherer:TacticalStrike","Gatherer:Duality+1"],"picked":"Gatherer:ScherryThrow","floor":18},{"not_picked":["Gatherer:GatherMaterial","Gatherer:Pollute"],"picked":"Gatherer:FlowerShield","floor":18},{"not_picked":["Gatherer:SealedBomb","Gatherer:EnergyBasket"],"picked":"Gatherer:FlowerFalling","floor":19},{"not_picked":["Gatherer:FragileHammer","Gatherer:Snatch"],"picked":"Gatherer:WitheringStrike+1","floor":19},{"not_picked":["Gatherer:CarefulStrike","Gatherer:GrowBook"],"picked":"Gatherer:FruitForce","floor":21},{"not_picked":["Gatherer:GatherMaterial","Gatherer:SealedBomb"],"picked":"Gatherer:TacticalStrike+1","floor":21},{"not_picked":["Gatherer:Convert","Gatherer:Frenzy"],"picked":"Gatherer:FlowerShield","floor":22},{"not_picked":["Gatherer:FlowerShield","Gatherer:TacticalStrike+1"],"picked":"Gatherer:AlchemyTrial+1","floor":22},{"not_picked":["Gatherer:AromaProtection","Gatherer:GatherMaterial"],"picked":"Gatherer:Pollute","floor":23},{"not_picked":["Gatherer:AcidicSpray","Gatherer:BambuSword"],"picked":"Gatherer:Misfortune","floor":25},{"not_picked":["Gatherer:PotentialSlash+1","Gatherer:Snatch"],"picked":"Gatherer:FlowerBeam","floor":25},{"not_picked":["Gatherer:FlowerShield","Gatherer:AromaProtection+1"],"picked":"Gatherer:Photoscythe","floor":27},{"not_picked":["Gatherer:CarefulStrike","Gatherer:Convert"],"picked":"Gatherer:QuickSynthesis","floor":28},{"not_picked":["Gatherer:CarefulStrike","Gatherer:AromaProtection+1"],"picked":"Gatherer:ScherryThrow","floor":30},{"not_picked":["Gatherer:FinishingStrike","Gatherer:HeartToFruit"],"picked":"Gatherer:ColorfulGarden","floor":33},{"not_picked":["Gatherer:SealedBomb+1","Gatherer:GlowingPlant+1"],"picked":"Gatherer:ScherryThrow+1","floor":35},{"not_picked":["Gatherer:SaveValuables","Gatherer:WoolGloves"],"picked":"Gatherer:Frenzy+1","floor":35},{"not_picked":["Gatherer:BalancedGrowth+1","Gatherer:BambuSword+1"],"picked":"Gatherer:AcidicSpray+1","floor":36},{"not_picked":["Gatherer:FlowerShield","Gatherer:CarefulStrike"],"picked":"Gatherer:MiningStrike+1","floor":36},{"not_picked":["Gatherer:Polymorphism+1","Gatherer:EnergyBasket+1"],"picked":"Gatherer:LuckyClover","floor":39},{"not_picked":["Gatherer:DrugPower","Gatherer:BambuSword+1"],"picked":"Gatherer:EnergyBasket+1","floor":39},{"not_picked":["Gatherer:QuickSynthesis","Gatherer:FlowerShield+1"],"picked":"Gatherer:FlowerPower","floor":41},{"not_picked":["Gatherer:EchoOfNature+1","Gatherer:CollectorsShot"],"picked":"Gatherer:EnergyBasket+1","floor":44},{"not_picked":["Gatherer:ScrollOfWall","Gatherer:Frenzy+1"],"picked":"Gatherer:Snatch","floor":44},{"not_picked":["Gatherer:BambuSword","Gatherer:EnergyBasket"],"picked":"Gatherer:Pollute","floor":45},{"not_picked":["Gatherer:TreeGrowth+1","Gatherer:FragileHammer"],"picked":"Gatherer:FlowerShield+1","floor":48}],"player_experience":2165911,"relics_obtained":[{"floor":8,"key":"Orichalcum"},{"floor":9,"key":"Prayer Wheel"},{"floor":11,"key":"Meat on the Bone"},{"floor":23,"key":"WingedGreaves"},{"floor":26,"key":"Happy Flower"},{"floor":27,"key":"Ornamental Fan"},{"floor":28,"key":"Torii"},{"floor":28,"key":"Gatherer:FlyingFruit"},{"floor":30,"key":"Red Mask"},{"floor":34,"key":"Potion Belt"},{"floor":34,"key":"Kunai"},{"floor":34,"key":"Runesmith:Locket"},{"floor":41,"key":"Ginger"},{"floor":43,"key":"Whetstone"},{"floor":45,"key":"Vajra"},{"floor":48,"key":"Akabeko"}],"event_choices":[{"damage_healed":0,"gold_gain":0,"player_choice":"Success","damage_taken":12,"relics_obtained":["PreservedInsect"],"max_hp_gain":0,"max_hp_loss":0,"event_name":"Scrap Ooze","floor":3,"gold_loss":0},{"damage_healed":18,"gold_gain":0,"player_choice":"Healed","damage_taken":0,"max_hp_gain":0,"max_hp_loss":0,"event_name":"The Cleric","floor":4,"gold_loss":35},{"damage_healed":0,"gold_gain":0,"player_choice":"Got Potions","damage_taken":0,"max_hp_gain":0,"max_hp_loss":0,"event_name":"Lab","floor":14,"gold_loss":0},{"damage_healed":0,"gold_gain":0,"player_choice":"Fight","damage_taken":0,"max_hp_gain":0,"max_hp_loss":0,"event_name":"Colosseum","floor":28,"gold_loss":0},{"damage_healed":0,"gold_gain":0,"player_choice":"Fought Nobs","damage_taken":0,"max_hp_gain":0,"max_hp_loss":0,"event_name":"Colosseum","floor":28,"gold_loss":0},{"damage_healed":0,"gold_gain":0,"player_choice":"Fought Bandits","damage_taken":0,"max_hp_gain":0,"max_hp_loss":0,"event_name":"Masked Bandits","floor":30,"gold_loss":0},{"cards_removed":["Gatherer:Defend_Gatherer"],"damage_healed":0,"gold_gain":0,"player_choice":"Removed Skill","damage_taken":0,"max_hp_gain":0,"max_hp_loss":0,"event_name":"Falling","floor":38,"gold_loss":0},{"damage_healed":0,"gold_gain":0,"player_choice":"Fight","damage_taken":0,"max_hp_gain":0,"max_hp_loss":0,"event_name":"MindBloom","floor":41,"gold_loss":0},{"damage_healed":0,"gold_gain":0,"player_choice":"Ignored","damage_taken":0,"max_hp_gain":0,"max_hp_loss":0,"event_name":"Tomb of Lord Red Mask","floor":47,"gold_loss":0}],"is_beta":false,"boss_relics":[{"not_picked":["Snecko Eye","Pandora\u0027s Box"],"picked":"Gatherer:MiracleBag"},{"not_picked":["Cursed Key","Empty Cage"],"picked":"Calling Bell"}],"items_purged_floors":[46],"is_endless":false,"potions_floor_spawned":[10,12,13,16,21,25,27,28,30,31,33,35,45,48],"ascension_level":10}}