{"host":"j4g6ia6asvpyu2b0","time":1607816647,"event":{"mods":["BaseMod","Colored Map","Minty Spire (QoL Compilation)","Permanent Neow","Quick Restart","Relic Stats","StSLib","Unceasing Turn Reminder"],"gold_per_floor":[117,185,199,274,274,332,369,369,369],"floor_reached":8,"playtime":265,"items_purged":[],"score":62,"play_id":"c0d09ee1-2fab-4d0c-9d73-1c44ad1b31d1","local_time":"20201212164407","daily_mods":["Shiny","Colorless Cards","Terminal"],"is_ascension_mode":true,"campfire_choices":[],"circlet_count":0,"master_deck":["Double Tap","Demon Form","Bludgeon","Feed","Limit Break","Corruption","Barricade","Fiend Fire","Berserk","Impervious","Juggernaut","Brutality","Reaper","Exhume","Offering","Immolate","Thinking Ahead","Metamorphosis","Master of Strategy","Magnetism","Chrysalis","Transmutation","HandOfGreed","Mayhem","Apotheosis","Secret Weapon","Panache","Violence","Secret Technique","The Bomb","Sadistic Nature","Anger","Flash of Steel","Battle Trance"],"relics":["Burning Blood","Potion Belt","Ornamental Fan"],"acts_visited":["Exordium"],"potions_floor_usage":[],"damage_taken":[{"damage":7.0,"enemies":"Jaw Worm","floor":1.0,"turns":3.0},{"damage":13.0,"enemies":"Cultist","floor":3.0,"turns":4.0},{"damage":21.0,"enemies":"3 Sentries","floor":6.0,"turns":4.0},{"damage":12.0,"enemies":"Small Slimes","floor":7.0,"turns":2.0},{"damage":0,"enemies":"Gremlin Nob","floor":8,"turns":1}],"seed_played":"-4951832306991949354","potions_obtained":[{"floor":3.0,"key":"PowerPotion"}],"is_trial":true,"path_per_floor":["M","?","M","?","T","E","M","E"],"character_chosen":"IRONCLAD","items_purchased":[],"campfire_rested":0,"item_purchase_floors":[],"current_hp_per_floor":[82,81,78,67,67,52,57,57,57],"gold":369,"neow_bonus":"","is_daily":false,"chose_seed":false,"campfire_upgraded":0,"win_rate":0.0,"timestamp":1607816647,"path_taken":["M","?","M","?","?","E","M","E"],"items_purchased_type":[],"build_version":"2020-11-30","purchased_purges":0,"victory":false,"max_hp_per_floor":[82,81,84,83,82,81,83,83,83],"relic_stats":{"counters":[5,13],"Ornamental Fan":[4],"obtain_stats":[{"Potion Belt":5,"Ornamental Fan":6,"Burning Blood":0},{"Potion Belt":2,"Ornamental Fan":3,"Burning Blood":0},{"Potion Belt":7,"Ornamental Fan":11,"Burning Blood":0}],"Burning Blood":24},"card_choices":[{"not_picked":["Flex","Enlightenment"],"picked":"Anger","floor":1.0},{"not_picked":["Panacea","Dark Shackles"],"picked":"Flash of Steel","floor":3.0},{"not_picked":["Deep Breath","Inflame"],"picked":"Battle Trance","floor":6.0},{"not_picked":["Bloodletting","Sever Soul","Reckless Charge"],"picked":"SKIP","floor":7.0}],"player_experience":626031,"relics_obtained":[{"floor":5.0,"key":"Potion Belt"},{"floor":6.0,"key":"Ornamental Fan"}],"event_choices":[{"damage_healed":0.0,"max_hp_gain":0.0,"max_hp_loss":0.0,"gold_gain":68.0,"event_name":"Golden Wing","player_choice":"Gained Gold","floor":2.0,"gold_loss":0.0,"damage_taken":0.0},{"damage_healed":0.0,"max_hp_gain":0.0,"max_hp_loss":0.0,"gold_gain":75.0,"event_name":"World of Goop","player_choice":"Gather Gold","floor":4.0,"gold_loss":0.0,"damage_taken":11.0}],"is_beta":false,"boss_relics":[],"items_purged_floors":[],"is_endless":false,"potions_floor_spawned":[3],"killed_by":"Gremlin Nob","ascension_level":2}}