{"host":"2pgz2fctomabfk86","time":1607778086,"event":{"mods":["AchievementEnabler","BaseMod","Colored Map","DeckTracker","Minty Spire (QoL Compilation)","StSLib","SuperFastMode"],"gold_per_floor":[113,113,113,34,34,74,74,90,90,114,114,152,152,176,176,265,265,289,309,328,352,376,417,417,448,472,472,287,287,202,202,202,296,296,317,337,355,255,139,139,175,50,76,76,89,157,0,21,21,21],"floor_reached":51,"playtime":2354,"items_purged":["Strike_B","Strike_B","Strike_B"],"score":1540,"play_id":"7fd89d59-481c-43c4-8ab6-cbf359adfbee","local_time":"20201212220126","is_ascension_mode":true,"campfire_choices":[{"data":"Rainbow","floor":13.0,"key":"SMITH"},{"data":"Echo Form","floor":15.0,"key":"SMITH"},{"data":"Buffer","floor":24.0,"key":"SMITH"},{"data":"Glacier","floor":27.0,"key":"SMITH"},{"data":"Ghostly","floor":32.0,"key":"SMITH"},{"data":"Ghostly","floor":40.0,"key":"SMITH"},{"data":"Ghostly","floor":44.0,"key":"SMITH"},{"data":"Force Field","floor":49,"key":"SMITH"}],"circlet_count":0,"master_deck":["AscendersBane","Defend_B","Defend_B","Defend_B","Defend_B","Zap","Dualcast","Ball Lightning","Glacier+1","Rainbow+1","Force Field+1","Echo Form+1","Buffer+1","Electrodynamics","Ghostly+1","Ghostly+1","Ghostly+1","Creative AI"],"relics":["Snecko Eye","Golden Idol","Omamori","Singing Bowl","Blue Candle","Darkstone Periapt","Coffee Dripper","Regal Pillow","Cables","Ancient Tea Set","Bronze Scales","Orichalcum","Sozu","Mummified Hand","Emotion Chip","Pen Nib","StrikeDummy","Red Mask"],"acts_visited":["Exordium","TheCity","TheBeyond"],"potions_floor_usage":[50],"damage_taken":[{"damage":6.0,"enemies":"Jaw Worm","floor":1.0,"turns":6.0},{"damage":15.0,"enemies":"Lagavulin","floor":6.0,"turns":6.0},{"damage":2.0,"enemies":"Small Slimes","floor":8.0,"turns":4.0},{"damage":0.0,"enemies":"Cultist","floor":10.0,"turns":4.0},{"damage":8.0,"enemies":"Gremlin Nob","floor":12.0,"turns":3.0},{"damage":0.0,"enemies":"Exordium Wildlife","floor":14.0,"turns":3.0},{"damage":21.0,"enemies":"The Guardian","floor":16.0,"turns":8.0},{"damage":16.0,"enemies":"Shell Parasite","floor":18.0,"turns":7.0},{"damage":0.0,"enemies":"Spheric Guardian","floor":19.0,"turns":6.0},{"damage":0.0,"enemies":"Cultist and Chosen","floor":20.0,"turns":10.0},{"damage":0.0,"enemies":"Snecko","floor":21.0,"turns":5.0},{"damage":32.0,"enemies":"Slavers","floor":23.0,"turns":7.0},{"damage":0.0,"enemies":"Gremlin Leader","floor":25.0,"turns":6.0},{"damage":36.0,"enemies":"Champ","floor":33.0,"turns":11.0},{"damage":0.0,"enemies":"3 Shapes","floor":35.0,"turns":4.0},{"damage":0.0,"enemies":"Orb Walker","floor":36.0,"turns":4.0},{"damage":0.0,"enemies":"3 Darklings","floor":37.0,"turns":4.0},{"damage":0.0,"enemies":"Reptomancer","floor":41.0,"turns":8.0},{"damage":0,"enemies":"Writhing Mass","floor":45,"turns":5},{"damage":0,"enemies":"Sphere and 2 Shapes","floor":48,"turns":4},{"damage":0,"enemies":"Donu and Deca","floor":50,"turns":7}],"seed_played":"156736283252228225","potions_obtained":[{"floor":6.0,"key":"Swift Potion"},{"floor":11.0,"key":"Strength Potion"},{"floor":12.0,"key":"GamblersBrew"},{"floor":16.0,"key":"Dexterity Potion"},{"floor":18.0,"key":"FocusPotion"},{"floor":23.0,"key":"AttackPotion"},{"floor":33.0,"key":"DuplicationPotion"}],"is_trial":false,"path_per_floor":["M","?","?","$","T","E","?","M","T","M","?","E","R","M","R","B",null,"M","M","M","M","T","E","R","E","T","R","$","?","?","?","R","B",null,"M","M","M","$","?","R","E","$","T","R","M","T","?","M","R","B",null],"character_chosen":"DEFECT","items_purchased":["Glacier","FairyPotion"],"campfire_rested":0,"item_purchase_floors":[4,28],"current_hp_per_floor":[58,58,58,58,58,43,39,39,39,41,41,33,33,33,33,12,54,40,42,44,46,46,14,14,16,16,16,16,16,16,16,16,11,32,34,36,38,38,38,38,40,40,40,40,42,42,42,44,44,44],"gold":21,"neow_bonus":"BOSS_RELIC","is_daily":false,"chose_seed":false,"campfire_upgraded":8,"win_rate":0.0,"timestamp":1607778086,"path_taken":["M","?","?","$","?","E","?","M","T","?","?","E","R","M","R","BOSS","M","?","M","?","?","E","R","E","T","R","$","?","?","?","R","BOSS","M","M","M","$","?","R","E","?","T","R","M","?","?","M","R","BOSS"],"items_purchased_type":["Card","Potion"],"build_version":"2020-11-30","purchased_purges":3,"victory":true,"max_hp_per_floor":[71,64,64,64,64,64,64,66,66,68,68,68,68,68,68,68,68,70,72,74,76,76,76,76,78,78,78,78,39,39,39,39,39,39,41,43,45,45,45,45,47,47,47,47,49,49,49,51,51,51],"card_choices":[{"not_picked":["Go for the Eyes","Barrage","Sweeping Beam"],"picked":"SKIP","floor":1.0},{"not_picked":["Loop","Skim"],"picked":"Rainbow","floor":6.0},{"not_picked":["Cold Snap","White Noise","Hologram"],"picked":"Singing Bowl","floor":8.0},{"not_picked":["FTL","Streamline","Hologram"],"picked":"Singing Bowl","floor":10.0},{"not_picked":["Leap","Rebound"],"picked":"Force Field","floor":12.0},{"not_picked":["Rebound","Hologram"],"picked":"Echo Form","floor":14.0},{"not_picked":["All For One","Reboot"],"picked":"Buffer","floor":16.0},{"not_picked":["Barrage","Conserve Battery","Gash"],"picked":"Singing Bowl","floor":18.0},{"not_picked":["Barrage","Ball Lightning","Compile Driver"],"picked":"Singing Bowl","floor":19.0},{"not_picked":["Blizzard","Barrage+1","Cold Snap"],"picked":"Singing Bowl","floor":20.0},{"not_picked":["Doom and Gloom","Beam Cell","Leap"],"picked":"Singing Bowl","floor":21.0},{"not_picked":["Steam+1","Self Repair"],"picked":"Electrodynamics","floor":23.0},{"not_picked":["Conserve Battery","Cold Snap","Heatsinks"],"picked":"Singing Bowl","floor":25.0},{"not_picked":["Core Surge","Reboot"],"picked":"Creative AI","floor":33.0},{"not_picked":["Cold Snap","Steam","Genetic Algorithm"],"picked":"Singing Bowl","floor":35.0},{"not_picked":["Doom and Gloom","Sweeping Beam+1","Scrape"],"picked":"Singing Bowl","floor":36.0},{"not_picked":["Skim","Barrage","Steam+1"],"picked":"Singing Bowl","floor":37.0},{"not_picked":["Scrape","Gash","Coolheaded"],"picked":"Singing Bowl","floor":41.0},{"not_picked":["Cold Snap","Compile Driver","Streamline+1"],"picked":"Singing Bowl","floor":45},{"not_picked":["Glacier","Leap","Turbo"],"picked":"Singing Bowl","floor":48}],"player_experience":926484,"relics_obtained":[{"floor":5.0,"key":"Omamori"},{"floor":6.0,"key":"Singing Bowl"},{"floor":9.0,"key":"Blue Candle"},{"floor":12.0,"key":"Darkstone Periapt"},{"floor":22.0,"key":"Regal Pillow"},{"floor":23.0,"key":"Cables"},{"floor":25.0,"key":"Ancient Tea Set"},{"floor":26.0,"key":"Bronze Scales"},{"floor":41.0,"key":"Emotion Chip"},{"floor":43.0,"key":"Pen Nib"},{"floor":46,"key":"StrikeDummy"}],"event_choices":[{"damage_healed":0.0,"max_hp_gain":0.0,"max_hp_loss":7.0,"gold_gain":0.0,"event_name":"Golden Idol","player_choice":"Lose Max HP","floor":2.0,"gold_loss":0.0,"damage_taken":0.0,"relics_obtained":["Golden Idol"]},{"damage_healed":0.0,"max_hp_gain":0.0,"max_hp_loss":0.0,"gold_gain":0.0,"cards_transformed":["Strike_B"],"event_name":"Living Wall","player_choice":"Change","floor":3.0,"gold_loss":0.0,"damage_taken":0.0,"cards_obtained":["Ball Lightning"]},{"damage_healed":0.0,"max_hp_gain":0.0,"max_hp_loss":0.0,"gold_gain":0.0,"event_name":"The Woman in Blue","player_choice":"Bought 0 Potions","floor":7.0,"gold_loss":0.0,"damage_taken":0.0},{"damage_healed":0.0,"max_hp_gain":0.0,"max_hp_loss":0.0,"gold_gain":0.0,"event_name":"Lab","player_choice":"Got Potions","floor":11.0,"gold_loss":0.0,"damage_taken":0.0},{"damage_healed":0.0,"max_hp_gain":0.0,"max_hp_loss":39.0,"gold_gain":0.0,"event_name":"Ghosts","player_choice":"Became a Ghost","floor":29.0,"gold_loss":0.0,"damage_taken":0.0,"cards_obtained":["Ghostly","Ghostly","Ghostly"]},{"damage_healed":0.0,"max_hp_gain":0.0,"max_hp_loss":0.0,"gold_gain":0.0,"event_name":"Addict","player_choice":"Obtained Relic","floor":30.0,"gold_loss":85.0,"damage_taken":0.0,"relics_obtained":["Orichalcum"]},{"damage_healed":0.0,"max_hp_gain":0.0,"max_hp_loss":0.0,"gold_gain":0.0,"event_name":"The Mausoleum","player_choice":"Ignored","floor":31.0,"gold_loss":0.0,"damage_taken":0.0},{"damage_healed":0.0,"max_hp_gain":0.0,"max_hp_loss":0.0,"gold_gain":0.0,"event_name":"WeMeetAgain","player_choice":"Paid Gold","floor":39.0,"gold_loss":116.0,"damage_taken":0.0,"relics_obtained":["Mummified Hand"]},{"damage_healed":0,"gold_gain":0,"player_choice":"Paid","damage_taken":0,"relics_obtained":["Red Mask"],"max_hp_gain":0,"max_hp_loss":0,"event_name":"Tomb of Lord Red Mask","floor":47,"gold_loss":157}],"is_beta":false,"boss_relics":[{"not_picked":["Cursed Key","Tiny House"],"picked":"Coffee Dripper"},{"not_picked":["SlaversCollar","Black Star"],"picked":"Sozu"}],"items_purged_floors":[28,38,42],"is_endless":false,"potions_floor_spawned":[6,12,14,16,18,19,23,33,36,41,45],"ascension_level":18}}