{"host":"606b8xrf5hl71uhc","time":1607752946,"event":{"mods":["BaseMod","Colored Map","Downfall","Highlight Path","Minty Spire (QoL Compilation)","Relic Stats","StSLib","The Servant 0.9.4"],"gold_per_floor":[99,99,124,224,244,254,278,288,320,320,335,350,18,28,47,152,152,152,252,266,116,128,128,128,138,168,73,85,103,113,246,265,365,365,290,307,323,351,351,351,351,368,368,400,400,91,141,141,155,155,155,187,42,42,42],"floor_reached":56,"playtime":13699,"items_purged":["Slimebound:Defend_Slimebound","Pain"],"score":1628,"play_id":"d73a0ca1-e7fb-47ce-b469-85e8610241b9","local_time":"20201211220226","is_ascension_mode":true,"campfire_choices":[{"data":"Slimebound:Split","floor":1.0,"key":"SMITH"},{"data":"Slimebound:Repurpose","floor":10.0,"key":"SMITH"},{"data":"Slimebound:MinionMaster","floor":18.0,"key":"SMITH"},{"data":"Slimebound:SelfFormingGoo","floor":21.0,"key":"SMITH"},{"floor":23.0,"key":"RECALL"},{"data":"Slimebound:Overexert","floor":35.0,"key":"SMITH"},{"data":"Slimebound:AcidTongue","floor":39.0,"key":"SMITH"},{"data":"expansioncontent:Corrupt","floor":43.0,"key":"SMITH"},{"floor":54,"key":"REST"}],"circlet_count":0,"master_deck":["Slimebound:Strike_Slimebound","Slimebound:Strike_Slimebound","Slimebound:Strike_Slimebound","Slimebound:Tackle","Slimebound:Defend_Slimebound","Slimebound:Defend_Slimebound","Slimebound:Defend_Slimebound","Slimebound:Split+1","Slimebound:CorrosiveSpit","Slimebound:SpikyOuterGoop","Slimebound:LeechEnergy","Slimebound:SplitBruiser","Slimebound:LeechingTouch","Slimebound:Repurpose+1","Slimebound:ItLooksTasty","Slimebound:SplitMire","Slimebound:MinionMaster+1","Slimebound:Gluttony","Slimebound:SelfFormingGoo+1","Slimebound:SplitLeeching+1","Slimebound:SlimeBarrage+1","Slimebound:Nibble+1","Slimebound:SlimeTap","Slimebound:AcidTongue+1","Slimebound:SamplingLick+1","Slimebound:SlimeBrawl+1","expansioncontent:Corrupt+1","Slimebound:SplitMire+1","Slimebound:Overexert+1","Slimebound:SplitMire+1","Slimebound:Schlurp+1","Slimebound:GoopSpray+1","Slimebound:SamplingLick+1","Panache+1","Slimebound:Darklings","Slimebound:SelfFormingGoo+1","Slimebound:PressTheAttack"],"relics":["Slimebound:AbsorbEndCombatUpgraded","Vajra","Bag of Marbles","Anchor","Slimebound:MaxSlimesRelic","downfall:GremlinWheel","downfall:HeartBlessingGreen","downfall:HeartBlessingBlue","Akabeko","Bottled Flame","Cursed Key","downfall:HeartBlessingRed","Strawberry","Happy Flower","Mummified Hand","Frozen Egg 2","Slimebound:SelfDamagePreventRelic","Bag of Preparation","InkBottle"],"acts_visited":["TheEnding"],"potions_floor_usage":[55,55],"damage_taken":[{"damage":41.0,"enemies":"Lagavulin","floor":3.0,"turns":7.0},{"damage":13.0,"enemies":"Small Slimes","floor":5.0,"turns":4.0},{"damage":14.0,"enemies":"Jaw Worm","floor":6.0,"turns":3.0},{"damage":12.0,"enemies":"Cultist","floor":8.0,"turns":3.0},{"damage":14.0,"enemies":"3 Sentries","floor":9.0,"turns":6.0},{"damage":12.0,"enemies":"Exordium Wildlife","floor":11.0,"turns":4.0},{"damage":14.0,"enemies":"Gremlin Gang","floor":12.0,"turns":3.0},{"damage":20.0,"enemies":"downfall:FleeingMerchant","floor":13.0,"turns":4.0},{"damage":29.0,"enemies":"Exordium Thugs","floor":14.0,"turns":4.0},{"damage":16.0,"enemies":"Red Slaver","floor":15.0,"turns":3.0},{"damage":72.0,"enemies":"downfall:CharBossSilent","floor":16.0,"turns":7.0},{"damage":50.0,"enemies":"downfall:CharBossSilent","floor":19.0,"turns":4.0},{"damage":37.0,"enemies":"Shell Parasite","floor":20.0,"turns":4.0},{"damage":37.0,"enemies":"Snake Plant","floor":22.0,"turns":4.0},{"damage":24.0,"enemies":"Centurion and Healer","floor":25.0,"turns":5.0},{"damage":57.0,"enemies":"Book of Stabbing","floor":26.0,"turns":5.0},{"damage":26.0,"enemies":"downfall:FleeingMerchant","floor":27.0,"turns":4.0},{"damage":20.0,"enemies":"Snecko","floor":28.0,"turns":4.0},{"damage":19.0,"enemies":"Snake Plant","floor":29.0,"turns":4.0},{"damage":18.0,"enemies":"Centurion and Healer","floor":30.0,"turns":3.0},{"damage":39.0,"enemies":"downfall:FleeingMerchant","floor":31.0,"turns":3.0},{"damage":13.0,"enemies":"3 Cultists","floor":32.0,"turns":4.0},{"damage":44.0,"enemies":"downfall:CharBossDefect","floor":33.0,"turns":5.0},{"damage":65.0,"enemies":"3 Darklings","floor":36.0,"turns":3.0},{"damage":15.0,"enemies":"3 Shapes","floor":37.0,"turns":3.0},{"damage":38.0,"enemies":"Giant Head","floor":38.0,"turns":7.0},{"damage":24.0,"enemies":"Transient","floor":42.0,"turns":5.0},{"damage":66.0,"enemies":"Nemesis","floor":44.0,"turns":3.0},{"damage":8.0,"enemies":"4 Shapes","floor":49.0,"turns":2.0},{"damage":41,"enemies":"downfall:CharBossWatcher","floor":50,"turns":5},{"damage":79,"enemies":"downfall:CharBossMerchant","floor":52,"turns":5},{"damage":49,"enemies":"downfall:NeowBoss","floor":55,"turns":15}],"seed_played":"2250867895820587062","potions_obtained":[{"floor":5.0,"key":"Slimebound:SlimedPotion"},{"floor":6.0,"key":"Strength Potion"},{"floor":8.0,"key":"Dexterity Potion"},{"floor":11.0,"key":"Slimebound:SlimedPotion"},{"floor":12.0,"key":"Strength Potion"},{"floor":22.0,"key":"Fire Potion"},{"floor":25.0,"key":"Block Potion"},{"floor":26.0,"key":"Swift Potion"},{"floor":28.0,"key":"Fruit Juice"},{"floor":30.0,"key":"Explosive Potion"},{"floor":37.0,"key":"DuplicationPotion"}],"is_trial":false,"path_per_floor":["R","?","E","?","M","M","T","M","E","R","M","M","$","M","M","B",null,"R","?","M","R","M","R","T","M","E","$","M","M","M","$","M","B",null,"R","M","M","E","R","?","T","M","R","E","?","$","T","?","M","B",null,"E","$","R","B",null],"character_chosen":"SLIMEBOUND","items_purchased":["Slimebound:MaxSlimesRelic","Slimebound:AcidTongue","expansioncontent:Corrupt","Slimebound:SelfDamagePreventRelic","Panache+1","Slimebound:PressTheAttack"],"campfire_rested":1,"item_purchase_floors":[13,27,31,46,46,53],"current_hp_per_floor":[66,63,38,38,33,31,31,33,37,37,47,53,65,57,66,32,66,66,44,53,63,50,50,50,76,65,76,78,80,81,81,81,81,81,88,47,66,86,86,86,86,88,88,50,50,50,50,50,62,79,88,49,49,75,88],"gold":42,"neow_bonus":"TEN_PERCENT_HP_BONUS","is_daily":false,"chose_seed":false,"campfire_upgraded":7,"win_rate":0.0,"timestamp":1607752946,"path_taken":["R","?","E","?","M","M","T","M","E","R","M","?","$","M","M","BOSS","R","?","M","R","?","R","T","M","E","$","M","M","M","$","M","BOSS","R","M","M","E","R","?","T","?","R","E","?","?","?","?","M","BOSS","E","$","R","BOSS"],"items_purchased_type":["Relic","Card","Card","Relic","Card","Card"],"build_version":"2020-11-30","purchased_purges":2,"victory":true,"max_hp_per_floor":[66,66,66,66,66,66,66,66,66,66,66,66,66,66,66,66,66,66,66,66,76,76,76,76,76,76,76,81,81,81,81,81,81,81,88,88,88,88,88,88,88,88,88,88,88,88,88,88,88,88,88,88,88,88,88],"relic_stats":{"Happy Flower":[11],"counters":[32,140],"Mummified Hand":[36],"Bag of Preparation":[8],"Cursed Key":2,"obtain_stats":[{"Slimebound:SelfDamagePreventRelic":46,"downfall:HeartBlessingRed":35,"Happy Flower":38,"Vajra":2,"downfall:HeartBlessingGreen":21,"Bag of Preparation":47,"Frozen Egg 2":44,"Cursed Key":34,"Akabeko":24,"Anchor":9,"Bottled Flame":26,"Slimebound:MaxSlimesRelic":13,"downfall:GremlinWheel":19,"downfall:HeartBlessingBlue":21,"Mummified Hand":41,"Strawberry":35,"Slimebound:AbsorbEndCombat":0,"Bag of Marbles":3,"Slimebound:AbsorbEndCombatUpgraded":17,"InkBottle":52},{"Slimebound:SelfDamagePreventRelic":28,"downfall:HeartBlessingRed":23,"Happy Flower":26,"Vajra":0,"downfall:HeartBlessingGreen":13,"Bag of Preparation":28,"Frozen Egg 2":28,"Cursed Key":23,"Akabeko":14,"Anchor":5,"Bottled Flame":16,"Slimebound:MaxSlimesRelic":8,"downfall:GremlinWheel":12,"downfall:HeartBlessingBlue":13,"Mummified Hand":26,"Strawberry":23,"Slimebound:AbsorbEndCombat":0,"Bag of Marbles":1,"Slimebound:AbsorbEndCombatUpgraded":11,"InkBottle":31},{"Slimebound:SelfDamagePreventRelic":113,"downfall:HeartBlessingRed":93,"Happy Flower":105,"Vajra":0,"downfall:HeartBlessingGreen":53,"Bag of Preparation":113,"Frozen Egg 2":113,"Cursed Key":93,"Akabeko":56,"Anchor":21,"Bottled Flame":66,"Slimebound:MaxSlimesRelic":32,"downfall:GremlinWheel":49,"downfall:HeartBlessingBlue":53,"Mummified Hand":105,"Strawberry":93,"Slimebound:AbsorbEndCombat":0,"Bag of Marbles":7,"Slimebound:AbsorbEndCombatUpgraded":45,"InkBottle":125}],"InkBottle":[9]},"card_choices":[{"not_picked":["Slimebound:ViciousTackle","Slimebound:LeechingTouch"],"picked":"Slimebound:SpikyOuterGoop","floor":3.0},{"not_picked":["Slimebound:Equalize","Slimebound:ProtectTheBoss"],"picked":"Slimebound:LeechEnergy","floor":5.0},{"not_picked":["Slimebound:SplitAcid","Slimebound:GrowthPunch"],"picked":"Slimebound:SplitBruiser","floor":6.0},{"not_picked":["Slimebound:SlimeBrawl","Slimebound:SplitAcid"],"picked":"Slimebound:LeechingTouch","floor":8.0},{"not_picked":["Slimebound:Prepare","Slimebound:FinishingTackle"],"picked":"Slimebound:Repurpose","floor":9.0},{"not_picked":["Slimebound:GoopTackle","Slimebound:SlimeSpikes"],"picked":"Slimebound:ItLooksTasty","floor":11.0},{"not_picked":["Slimebound:GrowthPunch","Slimebound:Dissolve"],"picked":"Slimebound:SplitMire","floor":12.0},{"not_picked":["Slimebound:SamplingLick","Slimebound:SplitBruiser"],"picked":"Slimebound:MinionMaster","floor":14.0},{"not_picked":["Slimebound:Chomp","Slimebound:Schlurp"],"picked":"Slimebound:Gluttony","floor":15.0},{"not_picked":["Slimebound:MassRepurpose","Slimebound:CheckThePlaybook"],"picked":"Slimebound:SelfFormingGoo","floor":16.0},{"not_picked":["Slimebound:SplitAcid","Slimebound:ComboTackle+1"],"picked":"Slimebound:SplitLeeching+1","floor":20.0},{"not_picked":["Slimebound:RollThrough+1","Slimebound:SamplingLick"],"picked":"Slimebound:SlimeBarrage+1","floor":22.0},{"not_picked":["Slimebound:SamplingLick+1","Slimebound:LivingWall"],"picked":"Slimebound:Nibble+1","floor":25.0},{"not_picked":["Slimebound:TongueLash","Slimebound:FormOfPuddle"],"picked":"Slimebound:SlimeTap","floor":26.0},{"not_picked":["Slimebound:RollThrough","Slimebound:Grow+1","Slimebound:SlimeSpikes"],"picked":"SKIP","floor":28.0},{"not_picked":["Slimebound:ItLooksTasty","Slimebound:Equalize+1"],"picked":"Slimebound:SamplingLick","floor":29.0},{"not_picked":["Slimebound:Dissolve","Slimebound:GrowthPunch"],"picked":"Slimebound:SlimeBrawl+1","floor":30.0},{"not_picked":["Slimebound:LeechEnergy","Slimebound:Prepare"],"picked":"Slimebound:SplitMire+1","floor":32.0},{"not_picked":["Slimebound:PrepareCrush","Slimebound:RallyTheTroops"],"picked":"Slimebound:Overexert","floor":33.0},{"not_picked":["Slimebound:SplitBruiser+1","Slimebound:ItLooksTasty+1"],"picked":"Slimebound:SplitMire+1","floor":36.0},{"not_picked":["Slimebound:FinishingTackle","Slimebound:PressTheAttack","Slimebound:GrowthPunch"],"picked":"SKIP","floor":37.0},{"not_picked":["Slimebound:PressTheAttack+1","Slimebound:Prepare+1"],"picked":"Slimebound:Schlurp+1","floor":38.0},{"not_picked":["Slimebound:ItLooksTasty+1","Slimebound:Grow+1"],"picked":"Slimebound:GoopSpray+1","floor":42.0},{"not_picked":["Slimebound:Chomp","Slimebound:SplitAcid"],"picked":"Slimebound:SamplingLick+1","floor":44.0},{"not_picked":["Slimebound:RejuvenatingLick","Slimebound:Schlurp","Slimebound:Gluttony+1"],"picked":"SKIP","floor":49.0},{"not_picked":["Slimebound:SplitAcid","Slimebound:TongueLash+1"],"picked":"Slimebound:SelfFormingGoo+1","floor":52}],"player_experience":536009,"relics_obtained":[{"floor":3.0,"key":"Bag of Marbles"},{"floor":9.0,"key":"Anchor"},{"floor":19.0,"key":"downfall:GremlinWheel"},{"floor":24.0,"key":"Akabeko"},{"floor":26.0,"key":"Bottled Flame"},{"floor":35.0,"key":"Strawberry"},{"floor":38.0,"key":"Happy Flower"},{"floor":41.0,"key":"Mummified Hand"},{"floor":44.0,"key":"Frozen Egg 2"},{"floor":47.0,"key":"Bag of Preparation"},{"floor":52,"key":"InkBottle"}],"event_choices":[{"damage_healed":0.0,"max_hp_gain":0.0,"max_hp_loss":0.0,"gold_gain":0.0,"event_name":"Scrap Ooze","player_choice":"Success","floor":2.0,"gold_loss":0.0,"damage_taken":3.0,"relics_obtained":["Vajra"]},{"damage_healed":0.0,"max_hp_gain":0.0,"max_hp_loss":0.0,"gold_gain":0.0,"event_name":"Wheel of Change","player_choice":"Relic","floor":35.0,"gold_loss":0.0,"damage_taken":0.0},{"damage_healed":0.0,"max_hp_gain":0.0,"max_hp_loss":0.0,"gold_gain":0.0,"event_name":"Accursed Blacksmith","player_choice":"Forge","floor":40.0,"gold_loss":0.0,"damage_taken":0.0,"cards_upgraded":["Slimebound:SamplingLick"]},{"cards_removed":["Normality"],"damage_healed":0.0,"max_hp_gain":0.0,"max_hp_loss":0.0,"gold_gain":0.0,"event_name":"Purifier","player_choice":"Purged","floor":45.0,"gold_loss":0.0,"damage_taken":0.0}],"is_beta":false,"boss_relics":[{"not_picked":["Snecko Eye","Coffee Dripper"],"picked":"Slimebound:AbsorbEndCombatUpgraded"},{"not_picked":["Empty Cage","Pandora\u0027s Box"],"picked":"Cursed Key"}],"items_purged_floors":[13,53],"is_endless":false,"potions_floor_spawned":[5,6,8,11,12,22,25,26,28,30,37,38,49,52],"ascension_level":1}}