{"host":"qr1bwouox9un7py1","time":1607778593,"event":{"mods":["2.2 Compatiblity","AchievementEnabler","BaseMod","Colored Map","Colored Powertips","GifTheSpireLib","Lobotomy","LobotomyExtend","Minty Spire (QoL Compilation)","Quick Restart","Shop Mod","StSLib","Unceasing Turn Reminder"],"gold_per_floor":[113,126,140,156,172,172,203,214,214,214,22,33,67,67,67,162,162,174,174,174],"floor_reached":19,"playtime":917,"items_purged":[],"score":240,"play_id":"567d95fc-2436-4aea-b620-41614ea4dfa6","local_time":"20201213000953","is_ascension_mode":true,"campfire_choices":[{"floor":10,"key":"REST"}],"circlet_count":0,"master_deck":["SpecialBullet","SpecialBullet","SpecialBullet","SpecialBullet","SpecialBullet","SpecialBullet","SpecialBullet","SpecialBullet","InformationCode","SecurityCode","ControlCode","Wellcheers","Heaven","NakedNest","Soda","OSAHOGD","SingingMachine","QueenOfHatred","RedEyes","WallGazer","Mimicry","UniverseFragment","Ecstasy","BlackSwan_ego","BeautyBeast","Horn","Murderer","Harvest","TT2Protocol","PunishingBird","SoundOfStar","CurseOfTheBell"],"relics":["CogitoBucket","Regal Pillow","Meat on the Bone","SkinProphecy","White Beast Statue","Membership Card","Smiling Mask","Calling Bell","Anchor","Eternal Feather","Du-Vu Doll"],"acts_visited":["Exordium","TheCity"],"potions_floor_usage":[7,18,19],"damage_taken":[{"damage":6,"enemies":"Cultist","floor":1,"turns":3},{"damage":5,"enemies":"2 Louse","floor":2,"turns":2},{"damage":8,"enemies":"Small Slimes","floor":3,"turns":2},{"damage":13,"enemies":"Red Slaver","floor":4,"turns":3},{"damage":30,"enemies":"Exordium Wildlife","floor":5,"turns":3},{"damage":42,"enemies":"Lagavulin","floor":7,"turns":4},{"damage":36,"enemies":"Large Slime","floor":8,"turns":4},{"damage":19,"enemies":"Blue Slaver","floor":12,"turns":3},{"damage":22,"enemies":"Gremlin Nob","floor":13,"turns":4},{"damage":60,"enemies":"Hexaghost","floor":16,"turns":9},{"damage":42,"enemies":"Shell Parasite","floor":18,"turns":6},{"damage":135,"enemies":"2 Thieves","floor":19,"turns":2}],"seed_played":"-5977315259255749978","potions_obtained":[{"floor":4,"key":"LiquidMemories"},{"floor":12,"key":"Swift Potion"},{"floor":18,"key":"Fruit Juice"}],"is_trial":false,"path_per_floor":["M","M","M","M","M","R","E","M","T","R","$","M","E","$","R","B",null,"M","M"],"character_chosen":"Angela","items_purchased":["Membership Card","BlackSwan_ego"],"campfire_rested":1,"item_purchase_floors":[11,11],"current_hp_per_floor":[70,70,70,70,49,49,28,19,19,57,57,60,65,65,65,46,96,73,0,0],"gold":174,"neow_bonus":"RANDOM_COMMON_RELIC","is_daily":false,"chose_seed":false,"campfire_upgraded":0,"win_rate":0.0,"timestamp":1607778593,"path_taken":["M","M","M","M","M","R","E","M","T","R","$","M","E","$","R","BOSS","M","M"],"items_purchased_type":["Relic","Card"],"build_version":"2020-11-30","purchased_purges":0,"victory":false,"max_hp_per_floor":[70,70,70,70,70,70,74,78,78,78,78,84,90,90,90,96,96,103,107,107],"card_choices":[{"not_picked":["CherryBlossoms","Scorched"],"picked":"Wellcheers","floor":1},{"not_picked":["SwordSharpenedByTears"],"picked":"Heaven","floor":1},{"not_picked":["CherryBlossoms","WhitesApple"],"picked":"NakedNest","floor":2},{"not_picked":["Wingbeat"],"picked":"Soda","floor":2},{"not_picked":["Bloodbath","LittleHelper"],"picked":"OSAHOGD","floor":3},{"not_picked":["Loneliness","RapturousDream"],"picked":"SKIP","floor":3},{"not_picked":["Murderer","VoidDream"],"picked":"SingingMachine","floor":4},{"not_picked":["Wingbeat","TodaysExpression"],"picked":"SKIP","floor":4},{"not_picked":["FieryBird","CrumblingArmor"],"picked":"QueenOfHatred","floor":5},{"not_picked":["SwordSharpenedByTears"],"picked":"RedEyes","floor":5},{"not_picked":["LittleHelper","CherryBlossoms"],"picked":"WallGazer","floor":7},{"not_picked":["Loneliness"],"picked":"Mimicry","floor":7},{"not_picked":["Scorched","MHz"],"picked":"UniverseFragment","floor":8},{"not_picked":["Lantern"],"picked":"Ecstasy","floor":8},{"not_picked":["FairyFestival","DreamingCurrent"],"picked":"BeautyBeast","floor":12},{"not_picked":["Logging"],"picked":"Horn","floor":12},{"not_picked":["MHz","OldLady"],"picked":"Murderer","floor":13},{"not_picked":["Regret_ego"],"picked":"Harvest","floor":13},{"not_picked":["OldLady","Yin"],"picked":"PunishingBird","floor":16},{"not_picked":["Pinks"],"picked":"SoundOfStar","floor":16},{"not_picked":["Wingbeat","Pleasure+1"],"picked":"SKIP","floor":18}],"player_experience":238029,"relics_obtained":[{"floor":7,"key":"Meat on the Bone"},{"floor":9,"key":"White Beast Statue"},{"floor":13,"key":"Smiling Mask"},{"floor":17,"key":"Anchor"},{"floor":17,"key":"Eternal Feather"},{"floor":17,"key":"Du-Vu Doll"}],"event_choices":[],"is_beta":false,"boss_relics":[{"not_picked":["Sozu","Astrolabe"],"picked":"Calling Bell"}],"items_purged_floors":[],"is_endless":false,"potions_floor_spawned":[1,4,5,12,16,18],"killed_by":"2 Thieves","ascension_level":1}}