{"host":"ocy7z4248lncoz2b","time":1607760745,"event":{"mods":["BaseMod","Beaked The Cultist","Better Match","Better Sensory Stone","Better Third Choice","BetterRewards","Colored Powertips","Conspire","Downfall","Friendly Minions","Highlight Path","Hubris","Infinite Spire","Marisa????????","Mimic Mod","Minty Spire (QoL Compilation)","READ ME - Guardian Mod","Replay The Spire","Shop Mod","Spicy Shops","Spikes Relics","StSLib","SuperFastMode","The Blue Laboratory","The Construct","The Jungle"],"gold_per_floor":[17,30,44,44,68,96,96,96,96,114,114,131,156,174,174,174,174],"floor_reached":16,"playtime":661,"items_purged":[],"score":112,"play_id":"2c934095-5920-4bcc-a7cb-22c9749ee6eb","local_time":"20201212171225","is_ascension_mode":false,"campfire_choices":[{"data":"Fission","floor":8,"key":"SMITH"},{"data":"Mirror Shield","floor":11,"key":"SMITH"},{"data":"Coolheaded","floor":15,"key":"SMITH"}],"circlet_count":0,"master_deck":["Strike_B","Strike_B","Strike_B","Strike_B","Defend_B","Defend_B","Defend_B","Defend_B","Zap","Dualcast","Loop","Mirror Shield+1","Hologram","Fission+1","Coolheaded+1","Defragment","Defragment","Buffer"],"relics":["Cracked Core","BlackRope","hubris:Towel","Replay:Antivirus Software","conspire:IceCreamScoop","ZombieTooth","Smiling Mask"],"acts_visited":["Exordium"],"potions_floor_usage":[13,13],"damage_taken":[{"damage":0,"enemies":"Cultist","floor":1,"turns":3},{"damage":0,"enemies":"2 Louse","floor":2,"turns":2},{"damage":1,"enemies":"Jaw Worm","floor":3,"turns":4},{"damage":14,"enemies":"3 Sentries","floor":6,"turns":8},{"damage":1,"enemies":"Red Slaver","floor":10,"turns":3},{"damage":7,"enemies":"Exordium Wildlife","floor":12,"turns":4},{"damage":25,"enemies":"Gremlin Nob","floor":13,"turns":4},{"damage":0,"enemies":"Large Slime","floor":14,"turns":9},{"damage":32,"enemies":"Slime Boss","floor":16,"turns":10}],"seed_played":"3339993188178619638","potions_obtained":[{"floor":1,"key":"blueLaboratory:AbyssPotion"},{"floor":2,"key":"blueLaboratory:LouseDecoction"},{"floor":10,"key":"blueLaboratory:BubblePotion"}],"is_trial":false,"path_per_floor":["M","M","M","?","T","E","$","R","T","M","R","M","E","M","R","B"],"character_chosen":"DEFECT","items_purchased":[],"campfire_rested":0,"item_purchase_floors":[],"current_hp_per_floor":[75,75,74,74,74,60,60,60,60,59,59,52,27,27,27,0,0],"gold":174,"neow_bonus":"ONE_RARE_RELIC","is_daily":false,"chose_seed":false,"campfire_upgraded":3,"win_rate":0.0,"timestamp":1607760745,"path_taken":["M","M","?","?","?","E","$","R","T","?","R","M","E","M","R","BOSS"],"items_purchased_type":[],"build_version":"2020-11-30","purchased_purges":0,"victory":false,"max_hp_per_floor":[75,75,75,75,75,75,75,75,75,75,75,75,75,75,75,75,75],"card_choices":[{"not_picked":["Darkness","Redo"],"picked":"Loop","floor":1},{"not_picked":["Stack","Steam"],"picked":"Mirror Shield","floor":2},{"not_picked":["hubris:PowerSurge","Beam Cell"],"picked":"Hologram","floor":3},{"not_picked":["Scrape","Skim"],"picked":"Fission","floor":6},{"not_picked":["Sweeping Beam","Go for the Eyes"],"picked":"Coolheaded","floor":10},{"not_picked":["Rip and Tear","Go for the Eyes"],"picked":"Defragment","floor":12},{"not_picked":["Doom and Gloom","Redo"],"picked":"Defragment","floor":13},{"not_picked":["Cold Snap","Blizzard"],"picked":"Buffer","floor":14}],"player_experience":219186,"relics_obtained":[{"floor":5,"key":"Replay:Antivirus Software"},{"floor":6,"key":"conspire:IceCreamScoop"},{"floor":9,"key":"ZombieTooth"},{"floor":13,"key":"Smiling Mask"}],"event_choices":[],"is_beta":false,"boss_relics":[],"items_purged_floors":[],"is_endless":false,"potions_floor_spawned":[1,2,10,12],"killed_by":"Slime Boss","ascension_level":0}}