{"host":"zksvs3x2ysy9npnz","time":1607776275,"event":{"mods":["Aspiration","BaseMod","Beaked The Cultist","BetterRewards","Colored Map","Conspire","Duelist Mod","Halation","Highlight Path","Hubris","Infinite Spire","Jedi Mod","Minty Spire (QoL Compilation)","Permanent Neow","Quick Restart","Relic Stats","Replay The Spire","Retaliation","Shop Mod","StSLib"],"gold_per_floor":[137,147,161,43,59,88,88,119,143,143,155,155,186,205,205,282,282,295,295,295,312,123,123,123,123],"floor_reached":24,"playtime":6187,"items_purged":["theDuelist:Sparks","theDuelist:Sparks"],"score":410,"play_id":"7b193d6c-3e80-4a50-b9ac-c2ad370b7d6d","local_time":"20201212133115","is_ascension_mode":true,"campfire_choices":[{"floor":7,"key":"REST"},{"floor":12,"key":"REST"},{"floor":15,"key":"REST"},{"floor":23,"key":"REST"}],"circlet_count":0,"master_deck":["theDuelist:CastleWalls","theDuelist:CastleWalls","theDuelist:CrossSwordBeetle","theDuelist:EmpressMantis","AscendersBane","theDuelist:InsectKnight","theDuelist:RazorLizard","theDuelist:RazorLizard","theDuelist:ManEaterBug","theDuelist:MetalArmoredBug","theDuelist:UndergroundArachnid","theDuelist:Parasite","theDuelist:UndergroundArachnid","theDuelist:Parasite","theDuelist:SpiderWeb+1","theDuelist:ZefraMetaltron","theDuelist:PoseidonBeetle","theDuelist:BugEmergency","theDuelist:SkullMarkLadybug","theDuelist:HundredFootHorror+1","theDuelist:WormBarses"],"relics":["theDuelist:MillenniumPuzzle","theDuelist:CardPoolRelic","theDuelist:CardPoolBasicRelic","theDuelist:BoosterPackPoolRelic","theDuelist:CardPoolAddRelic","theDuelist:CardPoolMinusRelic","theDuelist:CardPoolSaveRelic","theDuelist:CardPoolOptionsRelic","Bottled Lightning","Dream Catcher","Bird Faced Urn","halation:HeavySnake"],"acts_visited":["Exordium","TheCity"],"potions_floor_usage":[6,13,16],"damage_taken":[{"damage":1.0,"enemies":"Cultist","floor":1.0,"turns":3.0},{"damage":7.0,"enemies":"Small Slimes","floor":2.0,"turns":4.0},{"damage":5,"enemies":"Jaw Worm","floor":3,"turns":5},{"damage":5,"enemies":"Blue Slaver","floor":5,"turns":6},{"damage":17,"enemies":"3 Sentries","floor":6,"turns":11},{"damage":3,"enemies":"Lagavulin","floor":8,"turns":6},{"damage":0,"enemies":"Exordium Thugs","floor":11,"turns":5},{"damage":19,"enemies":"Gremlin Nob","floor":13,"turns":6},{"damage":9,"enemies":"Red Slaver","floor":14,"turns":6},{"damage":19,"enemies":"Slime Boss","floor":16,"turns":13},{"damage":32,"enemies":"Spheric Guardian","floor":18,"turns":11},{"damage":0,"enemies":"conspire:FuzzyDice","floor":21,"turns":8},{"damage":57,"enemies":"Chosen and Byrds","floor":24,"turns":7}],"seed_played":"-2303293989801701325","potions_obtained":[{"floor":1.0,"key":"theDuelist:TokenPotionB"},{"floor":2.0,"key":"SteroidPotion"},{"floor":8,"key":"theDuelist:SummonArmorPotion"},{"floor":14,"key":"Fire Potion"}],"is_trial":false,"path_per_floor":["M","M","M","$","M","E","R","E","T","?","M","R","E","M","R","B",null,"M","?","?","M","$","R","M"],"character_chosen":"THE_DUELIST","items_purchased":["theDuelist:Parasite","theDuelist:WormBarses"],"campfire_rested":4,"item_purchase_floors":[4,22],"current_hp_per_floor":[62,55,50,50,45,28,49,46,46,46,46,67,48,39,60,45,64,32,32,32,32,32,53,0,0],"gold":123,"neow_bonus":"REMOVE_CARD","is_daily":false,"chose_seed":false,"campfire_upgraded":0,"win_rate":0.0,"timestamp":1607776275,"path_taken":["M","M","M","?","?","E","R","E","T","?","M","R","E","M","R","BOSS","M","?","?","?","?","R","M"],"items_purchased_type":["Card","Card"],"build_version":"2020-11-30","purchased_purges":2,"victory":false,"max_hp_per_floor":[70,70,70,70,70,70,70,70,70,70,70,70,70,70,70,70,70,70,70,70,70,70,70,70,70],"relic_stats":{"Dream Catcher":3,"counters":[13,91],"Bird Faced Urn":[4],"obtain_stats":[{"theDuelist:BoosterPackPoolRelic":0,"theDuelist:CardPoolMinusRelic":0,"Dream Catcher":8,"theDuelist:CardPoolBasicRelic":0,"Bird Faced Urn":13,"theDuelist:CardPoolAddRelic":0,"theDuelist:CardPoolOptionsRelic":0,"theDuelist:MillenniumPuzzle":0,"theDuelist:CardPoolSaveRelic":0,"Bottled Lightning":6,"theDuelist:CardPoolRelic":0,"halation:HeavySnake":17},{"theDuelist:BoosterPackPoolRelic":0,"theDuelist:CardPoolMinusRelic":0,"Dream Catcher":6,"theDuelist:CardPoolBasicRelic":0,"Bird Faced Urn":8,"theDuelist:CardPoolAddRelic":0,"theDuelist:CardPoolOptionsRelic":0,"theDuelist:MillenniumPuzzle":0,"theDuelist:CardPoolSaveRelic":0,"Bottled Lightning":5,"theDuelist:CardPoolRelic":0,"halation:HeavySnake":10},{"theDuelist:BoosterPackPoolRelic":0,"theDuelist:CardPoolMinusRelic":0,"Dream Catcher":35,"theDuelist:CardPoolBasicRelic":0,"Bird Faced Urn":46,"theDuelist:CardPoolAddRelic":0,"theDuelist:CardPoolOptionsRelic":0,"theDuelist:MillenniumPuzzle":0,"theDuelist:CardPoolSaveRelic":0,"Bottled Lightning":29,"theDuelist:CardPoolRelic":0,"halation:HeavySnake":65}]},"card_choices":[{"not_picked":["theDuelist:HunterSpider","theDuelist:DragonDowser","theDuelist:ArmoredBee","theDuelist:BeakedSnake"],"picked":"theDuelist:ManEaterBug","floor":1.0},{"not_picked":["theDuelist:BugSignal","theDuelist:BlockSpider","theDuelist:ArsenalBug","theDuelist:Greatfly"],"picked":"theDuelist:MetalArmoredBug","floor":2.0},{"not_picked":["theDuelist:InsectKnight","theDuelist:HunterSpider","theDuelist:CrossSwordBeetle","theDuelist:BeeListSoldier"],"picked":"theDuelist:UndergroundArachnid","floor":3},{"not_picked":["theDuelist:LinkSpider","theDuelist:GigaCricket"],"picked":"theDuelist:UndergroundArachnid","floor":5},{"not_picked":["theDuelist:Forest","theDuelist:CorrosiveScales","theDuelist:Anteater"],"picked":"theDuelist:Parasite","floor":6},{"not_picked":["theDuelist:ReptiliannePoison","theDuelist:GroundSpider","theDuelist:Gagagigo","theDuelist:AtomicFirefly"],"picked":"theDuelist:SpiderWeb","floor":8},{"not_picked":["theDuelist:ManEaterBug","theDuelist:HunterSpider","theDuelist:JiraiGumo","theDuelist:CrossSwordBeetle","theDuelist:BeeListSoldier"],"picked":"SKIP","floor":11},{"not_picked":["theDuelist:CorrosiveScales","theDuelist:CocoonUltraEvolution"],"picked":"theDuelist:ZefraMetaltron","floor":12},{"not_picked":["theDuelist:BeeListSoldier","theDuelist:MetalArmoredBug","theDuelist:GroundSpider","theDuelist:AtomicFirefly","theDuelist:HerculesBeetle"],"picked":"SKIP","floor":13},{"not_picked":["theDuelist:BeeListSoldier","theDuelist:ArmoredBee","theDuelist:KarakuriSpider","theDuelist:GroundSpider"],"picked":"theDuelist:PoseidonBeetle","floor":14},{"not_picked":["theDuelist:RazorLizard","theDuelist:JiraiGumo"],"picked":"theDuelist:BugEmergency","floor":15},{"not_picked":["theDuelist:Zektahawk","theDuelist:PoisonousWinds","theDuelist:Greatfly","theDuelist:GigaCricket"],"picked":"theDuelist:SkullMarkLadybug","floor":16},{"not_picked":["theDuelist:JiraiGumo","theDuelist:HunterSpider+1","theDuelist:EmpressMantis","theDuelist:BiteBug","theDuelist:BeakedSnake"],"picked":"SKIP","floor":18},{"not_picked":["theDuelist:InsectKnight","theDuelist:ReptiliannePoison","theDuelist:ZefraMetaltron","theDuelist:BeeListSoldier"],"picked":"theDuelist:HundredFootHorror+1","floor":21}],"player_experience":1177946,"relics_obtained":[{"floor":6,"key":"Bottled Lightning"},{"floor":8,"key":"Dream Catcher"},{"floor":13,"key":"Bird Faced Urn"}],"event_choices":[{"damage_healed":0,"gold_gain":0,"player_choice":"Leave","duelist":true,"damage_taken":0,"max_hp_gain":0,"max_hp_loss":0,"event_name":"Relic Duplicator","floor":10,"gold_loss":0},{"damage_healed":0,"gold_gain":0,"player_choice":"Ignored","damage_taken":0,"max_hp_gain":0,"max_hp_loss":0,"event_name":"Ghosts","floor":19,"gold_loss":0},{"damage_healed":0,"gold_gain":0,"player_choice":"Upgraded","damage_taken":0,"max_hp_gain":0,"max_hp_loss":0,"event_name":"Upgrade Shrine","floor":20,"gold_loss":0,"cards_upgraded":["theDuelist:SpiderWeb"]}],"is_beta":false,"boss_relics":[{"not_picked":["halation:MonkeysPaw","halation:PlatinumPhoenix"],"picked":"halation:HeavySnake"}],"items_purged_floors":[4,22],"is_endless":false,"potions_floor_spawned":[1,2,8,11,14],"killed_by":"Chosen and Byrds","ascension_level":18}}