{"host":"wshh0nphwn6jv7vj","time":1607765175,"event":{"mods":["BaseMod","Bestiary","Minty Spire (QoL Compilation)"],"gold_per_floor":[112,112,82,13,31,31,58,70,70,70,102,112,112,125,125,202,202,214,225,243,262,177,177,177],"floor_reached":23,"playtime":1139,"items_purged":[],"score":355,"play_id":"398ef95b-4b1d-47c5-a65b-e0e70359ecfc","local_time":"20201212042615","is_ascension_mode":true,"campfire_choices":[{"data":"Neutralize","floor":6,"key":"SMITH"},{"floor":10,"key":"REST"},{"floor":15,"key":"DIG"}],"circlet_count":0,"master_deck":["AscendersBane","Strike_G","Strike_G","Strike_G+1","Strike_G","Strike_G","Defend_G","Defend_G+1","Defend_G","Defend_G","Defend_G","Survivor","Neutralize+1","Backstab","Deadly Poison","All Out Attack","Malaise","Bane","Dash","Storm of Steel","Caltrops","Deflect","Well Laid Plans"],"relics":["Ring of the Snake","FossilizedHelix","Shovel","Singing Bowl","Eternal Feather","Black Star","Strawberry"],"acts_visited":["Exordium","TheCity"],"potions_floor_usage":[7,16,16,20,21],"damage_taken":[{"damage":0,"enemies":"Cultist","floor":1,"turns":3},{"damage":0,"enemies":"2 Louse","floor":5,"turns":1},{"damage":20,"enemies":"Lagavulin","floor":7,"turns":7},{"damage":0,"enemies":"Jaw Worm","floor":8,"turns":2},{"damage":9,"enemies":"Gremlin Nob","floor":11,"turns":5},{"damage":0,"enemies":"Looter","floor":12,"turns":2},{"damage":1,"enemies":"Exordium Wildlife","floor":14,"turns":3},{"damage":30,"enemies":"Slime Boss","floor":16,"turns":12},{"damage":12,"enemies":"3 Byrds","floor":18,"turns":6},{"damage":10,"enemies":"Chosen","floor":19,"turns":5},{"damage":15,"enemies":"3 Cultists","floor":20,"turns":5},{"damage":21,"enemies":"Centurion and Healer","floor":21,"turns":11},{"damage":18,"enemies":"Slavers","floor":23,"turns":2}],"seed_played":"-5285410258079767832","potions_obtained":[{"floor":3,"key":"Strength Potion"},{"floor":3,"key":"GhostInAJar"},{"floor":8,"key":"Explosive Potion"},{"floor":19,"key":"PowerPotion"},{"floor":20,"key":"GamblersBrew"}],"is_trial":false,"path_per_floor":["M","?","?","$","M","R","E","M","T","R","E","M","?","M","R","B",null,"M","M","M","M","?","E"],"character_chosen":"THE_SILENT","items_purchased":["All Out Attack"],"campfire_rested":1,"item_purchase_floors":[4],"current_hp_per_floor":[59,39,39,39,39,39,19,19,19,38,31,33,56,57,57,27,61,49,41,26,5,12,0,0],"gold":177,"neow_bonus":"THREE_CARDS","is_daily":false,"chose_seed":false,"campfire_upgraded":1,"win_rate":0.0,"timestamp":1607765175,"path_taken":["M","?","?","$","M","R","E","M","T","R","E","?","?","M","R","BOSS","M","M","M","M","?","E"],"items_purchased_type":["Card"],"build_version":"2020-11-30","purchased_purges":0,"victory":false,"max_hp_per_floor":[66,66,66,66,66,66,66,66,66,66,68,70,70,72,72,72,72,72,74,74,74,81,81,81],"card_choices":[{"not_picked":["Prepared","Finisher"],"picked":"Backstab","floor":0},{"not_picked":["Bane","Cloak And Dagger"],"picked":"Deadly Poison","floor":1},{"not_picked":["Dagger Spray","Dodge and Roll"],"picked":"Malaise","floor":5},{"not_picked":["Cloak And Dagger","Masterful Stab"],"picked":"Bane","floor":7},{"not_picked":["Flying Knee","Caltrops"],"picked":"Dash","floor":8},{"not_picked":["Slice","Underhanded Strike","Choke"],"picked":"Singing Bowl","floor":11},{"not_picked":["Sucker Punch","Concentrate","Bane"],"picked":"Singing Bowl","floor":12},{"not_picked":["Bane","Underhanded Strike","Skewer"],"picked":"Singing Bowl","floor":14},{"not_picked":["After Image","Doppelganger"],"picked":"Storm of Steel","floor":16},{"not_picked":["Sucker Punch","Slice"],"picked":"Caltrops","floor":18},{"not_picked":["Outmaneuver","Endless Agony","Quick Slash+1"],"picked":"Singing Bowl","floor":19},{"not_picked":["Quick Slash","Tactician"],"picked":"Deflect","floor":20},{"not_picked":["Deadly Poison","Acrobatics+1"],"picked":"Well Laid Plans","floor":21}],"player_experience":1387010,"relics_obtained":[{"floor":7,"key":"FossilizedHelix"},{"floor":9,"key":"Shovel"},{"floor":11,"key":"Singing Bowl"},{"floor":15,"key":"Eternal Feather"}],"event_choices":[{"damage_healed":0,"gold_gain":0,"player_choice":"Entered Light","damage_taken":20,"max_hp_gain":0,"max_hp_loss":0,"event_name":"Shining Light","floor":2,"gold_loss":0,"cards_upgraded":["Strike_G","Defend_G"]},{"damage_healed":0,"gold_gain":0,"player_choice":"Bought 2 Potions","damage_taken":0,"max_hp_gain":0,"max_hp_loss":0,"event_name":"The Woman in Blue","floor":3,"gold_loss":0},{"damage_healed":23,"gold_gain":0,"player_choice":"Banana","damage_taken":0,"max_hp_gain":0,"max_hp_loss":0,"event_name":"Big Fish","floor":13,"gold_loss":0},{"damage_healed":0,"gold_gain":0,"player_choice":"Obtained Relic","damage_taken":0,"relics_obtained":["Strawberry"],"max_hp_gain":0,"max_hp_loss":0,"event_name":"Addict","floor":22,"gold_loss":85}],"is_beta":false,"boss_relics":[{"not_picked":["Calling Bell","Ectoplasm"],"picked":"Black Star"}],"items_purged_floors":[],"is_endless":false,"potions_floor_spawned":[8,12,19,20],"killed_by":"Slavers","ascension_level":15}}