{"host":"j49z5jz0n7e8vjox","time":1607804704,"event":{"mods":["AchievementEnabler","BaseMod","Bestiary","Colored Map","Colored Powertips","DeckTracker","Minty Spire (QoL Compilation)"],"gold_per_floor":[117,192,211,14,14,46,46,60,60,91,91,121,137,169,169,169,169],"floor_reached":16,"playtime":916,"items_purged":[],"score":173,"play_id":"d26f5f15-c13c-4d28-a878-31cbd4ce1620","local_time":"20201212142504","is_ascension_mode":true,"campfire_choices":[{"data":"Immolate","floor":7,"key":"SMITH"},{"data":"Feel No Pain","floor":11,"key":"SMITH"},{"data":"True Grit","floor":15,"key":"SMITH"}],"circlet_count":0,"master_deck":["Strike_R","Strike_R","Strike_R","Strike_R","Strike_R","Defend_R","Defend_R","Defend_R","Defend_R","Bash","Immolate+1","Dark Embrace+1","Thunderclap","Battle Trance","Panacea","Feel No Pain+1","Spot Weakness","Shrug It Off","Feed","True Grit+1"],"relics":["Burning Blood","StoneCalendar","Champion Belt","Anchor","Ancient Tea Set","Bird Faced Urn"],"acts_visited":["Exordium"],"potions_floor_usage":[6,6,12,14],"damage_taken":[{"damage":0,"enemies":"Small Slimes","floor":1,"turns":3},{"damage":0,"enemies":"2 Louse","floor":3,"turns":1},{"damage":10,"enemies":"Gremlin Nob","floor":6,"turns":3},{"damage":1,"enemies":"Cultist","floor":8,"turns":4},{"damage":20,"enemies":"3 Sentries","floor":10,"turns":4},{"damage":8,"enemies":"Gremlin Nob","floor":12,"turns":3},{"damage":13,"enemies":"Blue Slaver","floor":13,"turns":5},{"damage":4,"enemies":"3 Sentries","floor":14,"turns":4},{"damage":46,"enemies":"Hexaghost","floor":16,"turns":9}],"seed_played":"7732339092068275146","potions_obtained":[{"floor":1,"key":"Fire Potion"},{"floor":3,"key":"DistilledChaos"},{"floor":6,"key":"SneckoOil"},{"floor":12,"key":"Block Potion"}],"is_trial":false,"path_per_floor":["M","?","M","$","?","E","R","M","T","E","R","E","M","E","R","B"],"character_chosen":"IRONCLAD","items_purchased":["Thunderclap","Battle Trance","Panacea"],"campfire_rested":0,"item_purchase_floors":[4,4,4],"current_hp_per_floor":[57,46,52,52,52,48,48,53,53,39,39,37,33,38,38,0,0],"gold":169,"neow_bonus":"THREE_RARE_CARDS","is_daily":false,"chose_seed":false,"campfire_upgraded":3,"win_rate":0.0,"timestamp":1607804704,"path_taken":["M","?","M","$","?","E","R","?","T","E","R","E","M","E","R","BOSS"],"items_purchased_type":["Card","Card","Card"],"build_version":"2020-11-30","purchased_purges":0,"victory":false,"max_hp_per_floor":[80,80,80,80,80,80,80,80,80,80,80,80,83,86,86,86,86],"card_choices":[{"not_picked":["Barricade","Berserk"],"picked":"Immolate","floor":0},{"not_picked":["Flex","True Grit"],"picked":"Dark Embrace","floor":1},{"not_picked":["Clothesline","Anger","Rage"],"picked":"SKIP","floor":3},{"not_picked":["Thunderclap","Clothesline"],"picked":"Feel No Pain","floor":6},{"not_picked":["Iron Wave","Perfected Strike"],"picked":"Spot Weakness","floor":8},{"not_picked":["Power Through","Perfected Strike"],"picked":"Shrug It Off","floor":10},{"not_picked":["Iron Wave","Clash"],"picked":"Feed","floor":12},{"not_picked":["Rupture","Anger","Twin Strike"],"picked":"SKIP","floor":13},{"not_picked":["Flex","Impervious"],"picked":"True Grit","floor":14}],"player_experience":660730,"relics_obtained":[{"floor":6,"key":"StoneCalendar"},{"floor":9,"key":"Champion Belt"},{"floor":10,"key":"Anchor"},{"floor":12,"key":"Ancient Tea Set"},{"floor":14,"key":"Bird Faced Urn"}],"event_choices":[{"damage_healed":0,"gold_gain":75,"player_choice":"Gather Gold","damage_taken":11,"max_hp_gain":0,"max_hp_loss":0,"event_name":"World of Goop","floor":2,"gold_loss":0},{"damage_healed":0,"gold_gain":0,"player_choice":"Upgraded","damage_taken":0,"max_hp_gain":0,"max_hp_loss":0,"event_name":"Upgrade Shrine","floor":5,"gold_loss":0,"cards_upgraded":["Dark Embrace"]}],"is_beta":false,"boss_relics":[],"items_purged_floors":[],"is_endless":false,"potions_floor_spawned":[1,3,6,12],"killed_by":"Hexaghost","ascension_level":7}}