{"host":"swphzoo6hmc78epl","time":1607813447,"event":{"mods":["BaseMod","Highlight Path","Minty Spire (QoL Compilation)","Quick Restart"],"gold_per_floor":[117,117,129,204,379,379,409,63,133,133,167,167,196,213,213,317,317,356,631,183,219,264,292,292,292,292,292,304,343,343,343,343],"floor_reached":31,"playtime":1205,"items_purged":["Doubt","Regret"],"score":440,"play_id":"286ea201-9a3a-459f-bb40-cf206ad10bc7","local_time":"20201212175047","is_ascension_mode":true,"campfire_choices":[{"data":"ForeignInfluence","floor":6,"key":"SMITH"},{"data":"Judgement","floor":10,"key":"SMITH"},{"data":"Eruption","floor":15,"key":"SMITH"},{"floor":30,"key":"DIG"}],"circlet_count":0,"master_deck":["Strike_P","Strike_P","Strike_P","Defend_P","Defend_P","Defend_P","Defend_P","Eruption+1","Vigilance","ForeignInfluence+1","WheelKick","Judgement+1","Bandage Up","Perseverance","SashWhip","Consecrate","Wish","FlurryOfBlows","CutThroughFate","Cloak And Dagger+1","Pummel","Hologram","RitualDagger","Clothesline+1"],"relics":["PureWater","NeowsBlessing","Singing Bowl","Damaru","Strange Spoon","TeardropLocket","Centennial Puzzle","Blue Candle","VioletLotus","PrismaticShard","Tiny Chest","Blood Vial","Toxic Egg 2","Shovel","Ancient Tea Set"],"acts_visited":["Exordium","TheCity"],"potions_floor_usage":[13,13,13,16,22,29,31],"damage_taken":[{"damage":0,"enemies":"Small Slimes","floor":1,"turns":1},{"damage":0,"enemies":"Cultist","floor":3,"turns":1},{"damage":0,"enemies":"Lagavulin","floor":7,"turns":1},{"damage":0,"enemies":"3 Sentries","floor":11,"turns":4},{"damage":7,"enemies":"Lagavulin","floor":13,"turns":4},{"damage":0,"enemies":"Jaw Worm","floor":14,"turns":1},{"damage":28,"enemies":"The Guardian","floor":16,"turns":10},{"damage":1,"enemies":"Spheric Guardian","floor":18,"turns":3},{"damage":2,"enemies":"Chosen","floor":21,"turns":3},{"damage":2,"enemies":"Snecko","floor":22,"turns":5},{"damage":0,"enemies":"Gremlin Leader","floor":23,"turns":5},{"damage":23,"enemies":"Centurion and Healer","floor":28,"turns":2},{"damage":39,"enemies":"Snake Plant","floor":29,"turns":3},{"damage":29,"enemies":"Slavers","floor":31,"turns":2}],"seed_played":"-5034163141007667679","potions_obtained":[{"floor":1,"key":"GamblersBrew"},{"floor":12,"key":"Swift Potion"},{"floor":12,"key":"Energy Potion"},{"floor":12,"key":"Fire Potion"},{"floor":13,"key":"ColorlessPotion"},{"floor":14,"key":"FearPotion"},{"floor":18,"key":"DistilledChaos"},{"floor":28,"key":"Energy Potion"}],"is_trial":false,"path_per_floor":["M","?","M","?","?","R","E","$","T","R","E","?","E","M","R","B",null,"M","?","$","M","M","E","?","?","T","T","M","M","R","E"],"character_chosen":"WATCHER","items_purchased":["Strange Spoon","Bandage Up","Perseverance","PrismaticShard","Tiny Chest","CutThroughFate"],"campfire_rested":0,"item_purchase_floors":[8,8,8,20,20,20],"current_hp_per_floor":[72,72,72,61,61,61,61,61,61,61,67,67,67,67,67,55,74,73,73,73,74,72,74,68,68,68,68,51,20,20,0,0],"gold":343,"neow_bonus":"THREE_ENEMY_KILL","is_daily":false,"chose_seed":false,"campfire_upgraded":3,"win_rate":0.0,"timestamp":1607813447,"path_taken":["M","?","?","?","?","R","E","$","T","R","E","?","E","M","R","BOSS","M","?","$","?","M","E","?","?","T","?","M","M","R","E"],"items_purchased_type":["Relic","Card","Card","Relic","Relic","Card"],"build_version":"2020-11-30","purchased_purges":2,"victory":false,"max_hp_per_floor":[72,72,72,72,72,72,72,72,72,72,74,74,74,74,74,74,74,74,74,74,74,74,74,74,74,74,74,74,76,76,76,76],"card_choices":[{"not_picked":["BowlingBash","Weave"],"picked":"ForeignInfluence","floor":1},{"not_picked":["BowlingBash","Protect"],"picked":"WheelKick","floor":3},{"not_picked":["EmptyFist","ForeignInfluence"],"picked":"Judgement","floor":7},{"not_picked":["FlyingSleeves","Study","FlurryOfBlows"],"picked":"Singing Bowl","floor":11},{"not_picked":["Wireheading","Protect"],"picked":"SashWhip","floor":13},{"not_picked":["Collect","Halt"],"picked":"Consecrate","floor":14},{"not_picked":["Scrawl","SpiritShield"],"picked":"Wish","floor":16},{"not_picked":["InnerPeace","Fasting2"],"picked":"FlurryOfBlows","floor":18},{"not_picked":["Reckless Charge+1","SashWhip+1"],"picked":"Cloak And Dagger+1","floor":21},{"not_picked":["Auto Shields","Rebound"],"picked":"Pummel","floor":22},{"not_picked":["Flying Knee+1","Gash+1"],"picked":"Hologram","floor":23},{"not_picked":["Coolheaded+1","Dropkick"],"picked":"Clothesline+1","floor":28},{"not_picked":["Deadly Poison+1","Swivel+1","True Grit+1"],"picked":"Singing Bowl","floor":29}],"player_experience":726498,"relics_obtained":[{"floor":7,"key":"Damaru"},{"floor":9,"key":"TeardropLocket"},{"floor":11,"key":"Centennial Puzzle"},{"floor":13,"key":"Blue Candle"},{"floor":23,"key":"Blood Vial"},{"floor":26,"key":"Toxic Egg 2"},{"floor":27,"key":"Shovel"},{"floor":30,"key":"Ancient Tea Set"}],"event_choices":[{"damage_healed":0,"gold_gain":0,"player_choice":"Gave Potion","damage_taken":0,"relics_obtained":["Singing Bowl"],"max_hp_gain":0,"max_hp_loss":0,"event_name":"WeMeetAgain","floor":2,"gold_loss":0},{"damage_healed":0,"gold_gain":75,"player_choice":"Gather Gold","damage_taken":11,"max_hp_gain":0,"max_hp_loss":0,"event_name":"World of Goop","floor":4,"gold_loss":0},{"damage_healed":0,"gold_gain":175,"player_choice":"AGREE","damage_taken":0,"max_hp_gain":0,"max_hp_loss":0,"event_name":"Liars Game","floor":5,"gold_loss":0,"cards_obtained":["Doubt"]},{"damage_healed":0,"gold_gain":0,"player_choice":"Got Potions","damage_taken":0,"max_hp_gain":0,"max_hp_loss":0,"event_name":"Lab","floor":12,"gold_loss":0},{"damage_healed":0,"gold_gain":275,"player_choice":"Desecrate","damage_taken":0,"max_hp_gain":0,"max_hp_loss":0,"event_name":"Golden Shrine","floor":19,"gold_loss":0,"cards_obtained":["Regret"]},{"damage_healed":0,"gold_gain":0,"player_choice":"Joined the Cult","damage_taken":6,"max_hp_gain":0,"max_hp_loss":0,"event_name":"Nest","floor":24,"gold_loss":0,"cards_obtained":["RitualDagger"]},{"cards_removed":["Strike_P"],"damage_healed":0,"gold_gain":0,"player_choice":"Elegance","damage_taken":0,"max_hp_gain":0,"max_hp_loss":0,"event_name":"Back to Basics","floor":25,"gold_loss":0}],"is_beta":false,"boss_relics":[{"not_picked":["Velvet Choker","Ectoplasm"],"picked":"VioletLotus"}],"items_purged_floors":[8,20],"is_endless":false,"potions_floor_spawned":[1,13,14,18,28],"killed_by":"Slavers","ascension_level":4}}