{"host":"2n2g1vowfllvjtvi","time":1607767721,"event":{"mods":["AchievementEnabler","BaseMod","Custom Start","GifTheSpireLib","Keyboard Shortcuts","Minty Spire (QoL Compilation)","Quick Restart","Rare Cards Sparkle","StSLib","SuperFastMode"],"gold_per_floor":[114,189,114,114,137,137,167,187,214,214,214,232,232,69,69,189,189,205,223,19,40,84,122,122,162,162,162,198,59,79,98,98,226,226,250,250,175,200,73,73,87,87,142,155,191,207,250,283,295,307],"floor_reached":51,"playtime":1251,"items_purged":["Strike_G","Strike_G","Strike_G","Strike_G","Poisoned Stab+1"],"score":1418,"play_id":"13e5bcd7-cc32-41e3-b0e8-ce24f30044e6","local_time":"20201212190841","is_ascension_mode":true,"campfire_choices":[{"data":"Poisoned Stab","floor":6.0,"key":"SMITH"},{"data":"Poisoned Stab","floor":11.0,"key":"SMITH"},{"data":"Apotheosis","floor":15.0,"key":"SMITH"},{"floor":24.0,"key":"REST"},{"floor":32.0,"key":"REST"},{"data":"Poisoned Stab+1","floor":40,"key":"PURGE"},{"data":"Defend_G","floor":42,"key":"PURGE"},{"data":"Defend_G","floor":49,"key":"PURGE"}],"circlet_count":0,"master_deck":["Defend_G","Defend_G","Defend_G","Survivor","Neutralize","Backflip","Dagger Throw","Apotheosis+1","Adrenaline","Bouncing Flask+1","Blur","Noxious Fumes","PiercingWail","Catalyst","Bullet Time","Crippling Poison","Escape Plan","Acrobatics"],"relics":["Ring of the Snake","NeowsBlessing","InkBottle","PreservedInsect","Boot","Snake Skull","Golden Idol","HoveringKite","Membership Card","Red Mask","Akabeko","Letter Opener","Peace Pipe","Shuriken","TwistedFunnel","Sozu","Omamori","Ninja Scroll","MawBank"],"acts_visited":["Exordium","TheCity","TheBeyond"],"potions_floor_usage":[50],"damage_taken":[{"damage":0.0,"enemies":"2 Louse","floor":1.0,"turns":1.0},{"damage":0.0,"enemies":"3 Sentries","floor":7.0,"turns":1.0},{"damage":0.0,"enemies":"Jaw Worm","floor":8.0,"turns":1.0},{"damage":0.0,"enemies":"Cultist","floor":12.0,"turns":3.0},{"damage":11.0,"enemies":"Hexaghost","floor":16.0,"turns":8.0},{"damage":1.0,"enemies":"2 Thieves","floor":18.0,"turns":4.0},{"damage":0.0,"enemies":"Shell Parasite","floor":19.0,"turns":4.0},{"damage":24.0,"enemies":"3 Cultists","floor":21.0,"turns":7.0},{"damage":9.0,"enemies":"Masked Bandits","floor":22.0,"turns":4.0},{"damage":0.0,"enemies":"Gremlin Leader","floor":23.0,"turns":8.0},{"damage":5.0,"enemies":"Book of Stabbing","floor":25.0,"turns":5.0},{"damage":0.0,"enemies":"Slavers","floor":28.0,"turns":5.0},{"damage":4.0,"enemies":"Centurion and Healer","floor":30.0,"turns":5.0},{"damage":6.0,"enemies":"Snake Plant","floor":31.0,"turns":3.0},{"damage":18.0,"enemies":"Collector","floor":33.0,"turns":8.0},{"damage":0.0,"enemies":"3 Shapes","floor":35.0,"turns":2.0},{"damage":4,"enemies":"3 Darklings","floor":38,"turns":3},{"damage":4,"enemies":"Jaw Worm Horde","floor":41,"turns":3},{"damage":0,"enemies":"4 Shapes","floor":44,"turns":2},{"damage":15,"enemies":"Reptomancer","floor":45,"turns":4},{"damage":0,"enemies":"Spire Growth","floor":46,"turns":3},{"damage":0,"enemies":"Giant Head","floor":47,"turns":5},{"damage":0,"enemies":"Maw","floor":48,"turns":4},{"damage":0,"enemies":"Donu and Deca","floor":50,"turns":8}],"seed_played":"-5674935639792826749","potions_obtained":[{"floor":8.0,"key":"Fire Potion"},{"floor":12.0,"key":"Dexterity Potion"},{"floor":19.0,"key":"Regen Potion"},{"floor":21.0,"key":"DistilledChaos"},{"floor":28.0,"key":"CunningPotion"},{"floor":30.0,"key":"Regen Potion"},{"floor":33.0,"key":"PowerPotion"}],"is_trial":false,"path_per_floor":["M","?","$","?","T","R","E","M","T","?","R","M","?","$","R","B",null,"M","M","$","M","?","E","R","E","T","?","E","$","M","M","R","B",null,"M","?","$","M","$","R","M","R","T","M","E","M","E","M","R","B",null],"character_chosen":"THE_SILENT","items_purchased":["Apotheosis","Membership Card","TwistedFunnel","Crippling Poison"],"campfire_rested":2,"item_purchase_floors":[14,20,29,39],"current_hp_per_floor":[63,52,52,40,40,40,40,40,40,40,40,40,40,40,40,29,56,55,55,55,31,22,22,41,36,36,25,40,40,36,39,60,42,63,63,63,63,59,59,59,55,55,55,55,40,40,40,40,40,40],"gold":319,"neow_bonus":"THREE_ENEMY_KILL","is_daily":false,"chose_seed":false,"campfire_upgraded":3,"win_rate":0.0,"timestamp":1607767721,"path_taken":["M","?","$","?","?","R","E","?","T","?","R","M","?","$","R","BOSS","M","M","$","M","?","E","R","E","T","?","E","$","M","M","R","BOSS","M","?","?","M","$","R","M","R","T","?","E","M","E","M","R","BOSS"],"items_purchased_type":["Card","Relic","Relic","Card"],"build_version":"2020-11-30","purchased_purges":5,"victory":true,"max_hp_per_floor":[70,70,70,70,70,70,70,70,70,70,70,70,65,65,65,65,65,65,65,65,65,65,65,65,65,65,70,70,70,70,70,70,70,70,70,70,70,70,70,70,70,70,70,70,70,70,70,70,70,70],"card_choices":[{"not_picked":["Quick Slash","Accuracy"],"picked":"Poisoned Stab","floor":1.0},{"not_picked":["Night Terror","Grand Finale"],"picked":"Poisoned Stab","floor":7.0},{"not_picked":["Reflex","Endless Agony"],"picked":"Backflip","floor":8.0},{"not_picked":["Sucker Punch","Backflip"],"picked":"Dagger Throw","floor":12.0},{"not_picked":["Die Die Die","Unload"],"picked":"Adrenaline","floor":16.0},{"not_picked":["Endless Agony","Terror"],"picked":"Bouncing Flask+1","floor":18.0},{"not_picked":["Blade Dance","Bane"],"picked":"Blur","floor":19.0},{"not_picked":["Deflect","Endless Agony+1"],"picked":"Noxious Fumes","floor":21.0},{"not_picked":["Prepared","Deadly Poison"],"picked":"PiercingWail","floor":22.0},{"not_picked":["Heel Hook","Reflex"],"picked":"Catalyst","floor":23.0},{"not_picked":["Dagger Spray","Grand Finale","Backflip"],"picked":"SKIP","floor":25.0},{"not_picked":["Backflip","Cloak And Dagger+1","Endless Agony"],"picked":"SKIP","floor":28.0},{"not_picked":["Sucker Punch+1","Backflip","Poisoned Stab"],"picked":"SKIP","floor":30.0},{"not_picked":["Dagger Spray+1","Bane","Eviscerate"],"picked":"SKIP","floor":31.0},{"not_picked":["Die Die Die","Tools of the Trade"],"picked":"Bullet Time","floor":33.0},{"not_picked":["Flying Knee+1","Blade Dance","Slice+1"],"picked":"SKIP","floor":35.0},{"not_picked":["Dagger Spray+1","Caltrops","Deadly Poison"],"picked":"SKIP","floor":38},{"not_picked":["Backflip","Blur+1"],"picked":"Escape Plan","floor":41},{"not_picked":["Heel Hook","Skewer","Deflect"],"picked":"SKIP","floor":44},{"not_picked":["Backstab+1","Glass Knife","Outmaneuver"],"picked":"SKIP","floor":45},{"not_picked":["Flechettes+1","Cloak And Dagger","Infinite Blades+1"],"picked":"SKIP","floor":46},{"not_picked":["Dodge and Roll+1","Dagger Throw+1","Skewer+1"],"picked":"SKIP","floor":47},{"not_picked":["Dagger Throw+1","Cloak And Dagger"],"picked":"Acrobatics","floor":48}],"player_experience":442560,"relics_obtained":[{"floor":5.0,"key":"PreservedInsect"},{"floor":7.0,"key":"Boot"},{"floor":9.0,"key":"Snake Skull"},{"floor":22.0,"key":"Red Mask"},{"floor":23.0,"key":"Akabeko"},{"floor":25.0,"key":"Letter Opener"},{"floor":26.0,"key":"Peace Pipe"},{"floor":28.0,"key":"Shuriken"},{"floor":43,"key":"Omamori"},{"floor":45,"key":"Ninja Scroll"},{"floor":47,"key":"MawBank"}],"event_choices":[{"damage_healed":0.0,"max_hp_gain":0.0,"max_hp_loss":0.0,"gold_gain":75.0,"event_name":"World of Goop","player_choice":"Gather Gold","floor":2.0,"gold_loss":0.0,"damage_taken":11.0},{"damage_healed":0.0,"max_hp_gain":0.0,"max_hp_loss":0.0,"gold_gain":0.0,"event_name":"Scrap Ooze","player_choice":"Success","floor":4.0,"gold_loss":0.0,"damage_taken":12.0,"relics_obtained":["InkBottle"]},{"damage_healed":0.0,"max_hp_gain":0.0,"max_hp_loss":0.0,"gold_gain":0.0,"event_name":"Liars Game","player_choice":"Ignored","floor":10.0,"gold_loss":0.0,"damage_taken":0.0},{"damage_healed":0.0,"max_hp_gain":0.0,"max_hp_loss":5.0,"gold_gain":0.0,"event_name":"Golden Idol","player_choice":"Lose Max HP","floor":13.0,"gold_loss":0.0,"damage_taken":0.0,"relics_obtained":["Golden Idol"]},{"damage_healed":0.0,"max_hp_gain":0.0,"max_hp_loss":0.0,"gold_gain":0.0,"event_name":"Masked Bandits","player_choice":"Fought Bandits","floor":22.0,"gold_loss":0.0,"damage_taken":0.0},{"damage_healed":0.0,"max_hp_gain":5.0,"max_hp_loss":0.0,"gold_gain":0.0,"event_name":"Forgotten Altar","player_choice":"Shed Blood","floor":27.0,"gold_loss":0.0,"damage_taken":16.0},{"cards_removed":["Strike_G"],"damage_healed":0.0,"max_hp_gain":0.0,"max_hp_loss":0.0,"gold_gain":0.0,"event_name":"Falling","player_choice":"Removed Attack","floor":36.0,"gold_loss":0.0,"damage_taken":0.0}],"is_beta":false,"boss_relics":[{"not_picked":["Coffee Dripper","Snecko Eye"],"picked":"HoveringKite"},{"not_picked":["Velvet Choker","Pandora\u0027s Box"],"picked":"Sozu"}],"items_purged_floors":[3,20,29,37,39],"is_endless":false,"potions_floor_spawned":[8,12,19,21,28,30,33,45,47,48],"ascension_level":8}}