{"host":"27hat5v0dffgaxzm","time":1607795027,"event":{"mods":["BaseMod","Colored Map","Colored Powertips","Highlight Path","Minty Spire (QoL Compilation)","Permanent Neow","Quick Restart"],"gold_per_floor":[113,113,213,224,240,240,274,274,352,381,393,393,393,34,34,108,158,174,99,118,118,33,33,33],"floor_reached":23,"playtime":706,"items_purged":[],"score":374,"play_id":"88678a37-aaad-464a-9d30-d6f951339135","local_time":"20201213024347","is_ascension_mode":true,"campfire_choices":[{"data":"Bouncing Flask","floor":6.0,"key":"SMITH"},{"data":"Neutralize","floor":8.0,"key":"SMITH"},{"floor":12.0,"key":"REST"},{"data":"Bullet Time","floor":15.0,"key":"SMITH"}],"circlet_count":0,"master_deck":["AscendersBane","Strike_G","Strike_G","Strike_G+1","Defend_G","Defend_G","Defend_G","Defend_G","Defend_G+1","Survivor","Neutralize+1","Backstab+1","Bouncing Flask+1","Backflip+1","Backstab","Expertise+1","Acrobatics","Bullet Time+1","Footwork","Corpse Explosion","Backstab"],"relics":["SlaversCollar","War Paint","Singing Bowl","Odd Mushroom","Vajra","Whetstone","Toy Ornithopter","Tiny House","Frozen Egg 2"],"acts_visited":["Exordium","TheCity"],"potions_floor_usage":[23,23],"damage_taken":[{"damage":4.0,"enemies":"Jaw Worm","floor":1.0,"turns":7.0},{"damage":4.0,"enemies":"Small Slimes","floor":4.0,"turns":5.0},{"damage":1.0,"enemies":"Cultist","floor":5.0,"turns":4.0},{"damage":31.0,"enemies":"Gremlin Nob","floor":7.0,"turns":4.0},{"damage":4.0,"enemies":"The Mushroom Lair","floor":10.0,"turns":3.0},{"damage":12.0,"enemies":"Exordium Wildlife","floor":11.0,"turns":4.0},{"damage":4.0,"enemies":"Hexaghost","floor":16.0,"turns":9.0},{"damage":11.0,"enemies":"2 Thieves","floor":18.0,"turns":3.0},{"damage":19.0,"enemies":"3 Byrds","floor":20.0,"turns":4.0},{"damage":44,"enemies":"Gremlin Leader","floor":23,"turns":6}],"seed_played":"1443389443604916388","potions_obtained":[{"floor":1.0,"key":"Explosive Potion"},{"floor":7.0,"key":"SpeedPotion"},{"floor":16.0,"key":"AttackPotion"},{"floor":17.0,"key":"CultistPotion"}],"is_trial":false,"path_per_floor":["M","?","?","M","M","R","E","R","T","?","M","R","T","$","R","B",null,"M","?","M","?","?","E"],"character_chosen":"THE_SILENT","items_purchased":["Footwork","Whetstone","Toy Ornithopter"],"campfire_rested":1,"item_purchase_floors":[14,14,14],"current_hp_per_floor":[55,55,55,51,50,50,19,19,19,15,3,22,22,22,22,18,59,50,50,33,33,33,0,0],"gold":33,"neow_bonus":"BOSS_RELIC","is_daily":false,"chose_seed":false,"campfire_upgraded":3,"win_rate":0.0,"timestamp":1607795027,"path_taken":["M","?","?","M","?","R","E","R","T","?","M","R","?","?","R","BOSS","M","?","M","?","?","E"],"items_purchased_type":["Card","Relic","Relic"],"build_version":"2020-11-30","purchased_purges":0,"victory":false,"max_hp_per_floor":[66,66,66,66,66,66,66,66,66,66,66,66,66,66,66,66,71,73,73,75,75,75,75,75],"card_choices":[{"not_picked":["Flying Knee","Bane"],"picked":"Backstab","floor":1.0},{"not_picked":["Flying Knee","Choke"],"picked":"Backflip","floor":4.0},{"not_picked":["Sucker Punch","Cloak And Dagger"],"picked":"Backstab","floor":5.0},{"not_picked":["Flying Knee","Blade Dance"],"picked":"Expertise","floor":7.0},{"not_picked":["Deflect","Heel Hook"],"picked":"Acrobatics","floor":10.0},{"not_picked":["PiercingWail","Eviscerate"],"picked":"Bullet Time","floor":11.0},{"not_picked":["Phantasmal Killer","Storm of Steel"],"picked":"Corpse Explosion","floor":16.0},{"not_picked":["Blade Dance","PiercingWail"],"picked":"Backstab","floor":17.0},{"not_picked":["Dagger Throw","Quick Slash","Night Terror"],"picked":"Singing Bowl","floor":18.0},{"not_picked":["Predator","Finisher","Poisoned Stab"],"picked":"Singing Bowl","floor":20.0}],"player_experience":308207,"relics_obtained":[{"floor":7.0,"key":"War Paint"},{"floor":9.0,"key":"Singing Bowl"},{"floor":10.0,"key":"Odd Mushroom"},{"floor":13.0,"key":"Vajra"}],"event_choices":[{"damage_healed":0.0,"max_hp_gain":0.0,"max_hp_loss":0.0,"gold_gain":0.0,"cards_transformed":["Strike_G"],"event_name":"Living Wall","player_choice":"Change","floor":2.0,"gold_loss":0.0,"damage_taken":0.0,"cards_obtained":["Bouncing Flask"]},{"damage_healed":0.0,"max_hp_gain":0.0,"max_hp_loss":0.0,"gold_gain":100.0,"event_name":"Wheel of Change","player_choice":"Gold","floor":3.0,"gold_loss":0.0,"damage_taken":0.0},{"damage_healed":0.0,"max_hp_gain":0.0,"max_hp_loss":0.0,"gold_gain":0.0,"event_name":"Mushrooms","player_choice":"Fought Mushrooms","floor":10.0,"gold_loss":0.0,"damage_taken":0.0},{"cards_removed":["Strike_G"],"damage_healed":0.0,"max_hp_gain":0.0,"max_hp_loss":0.0,"gold_gain":0.0,"event_name":"Beggar","player_choice":"Gave Gold","floor":19.0,"gold_loss":75.0,"damage_taken":0.0},{"damage_healed":0.0,"max_hp_gain":0.0,"max_hp_loss":0.0,"gold_gain":0.0,"event_name":"Vampires","player_choice":"Ignored","floor":21.0,"gold_loss":0.0,"damage_taken":0.0},{"damage_healed":0.0,"max_hp_gain":0.0,"max_hp_loss":0.0,"gold_gain":0.0,"event_name":"Addict","player_choice":"Obtained Relic","floor":22.0,"gold_loss":85.0,"damage_taken":0.0,"relics_obtained":["Frozen Egg 2"]}],"is_beta":false,"boss_relics":[{"not_picked":["Snecko Eye","Ectoplasm"],"picked":"Tiny House"}],"items_purged_floors":[],"is_endless":false,"potions_floor_spawned":[1,7,16,20],"killed_by":"Gremlin Leader","ascension_level":20}}