{"host":"msmkw03x1o7nq45i","time":1607773659,"event":{"mods":["AchievementEnabler","BaseMod","Bestiary","Colored Powertips","GifTheSpireLib","Highlight Path","Minty Spire (QoL Compilation)","Random Character Button","StSLib","everything is the same but u backflip on backflip"],"gold_per_floor":[109,109,109,123,21,21,47,59,94,120,151,193,263,301,313,397,409,434,446,475,133,133,133,168,168,168,200,210,223,223,243,243,322,322,341,266,266,90,105,105,133,133,133,158,174,187,199,214,214,214,214,214,66,66,66],"floor_reached":54,"playtime":3251,"items_purged":["Strike_R","Strike_R"],"score":1287,"play_id":"958a31f7-a657-440c-be60-1705963fbba5","local_time":"20201212134739","is_ascension_mode":true,"campfire_choices":[{"floor":6,"key":"REST"},{"floor":8,"key":"REST"},{"data":"1","floor":15,"key":"LIFT"},{"data":"2","floor":23,"key":"LIFT"},{"data":"3","floor":25,"key":"LIFT"},{"floor":30,"key":"REST"},{"floor":32,"key":"REST"},{"floor":40,"key":"RECALL"},{"floor":42,"key":"REST"},{"floor":49,"key":"REST"},{"floor":52,"key":"REST"}],"circlet_count":0,"master_deck":["AscendersBane","Strike_R","Strike_R","Defend_R","Defend_R","Defend_R","Defend_R","Bash","Headbutt","Clothesline","Battle Trance","Pommel Strike","Metallicize","Twin Strike","Limit Break","Bludgeon","Apotheosis","Inflame+1","Disarm","Whirlwind","Spot Weakness","Offering","Intimidate+1","Shrug It Off+1","Flame Barrier","Pummel","True Grit+1","Flame Barrier","Limit Break"],"relics":["Fusion Hammer","Turnip","MawBank","Omamori","Toy Ornithopter","Frozen Egg 2","Girya","Runic Pyramid","Ornamental Fan","Prayer Wheel","Vajra","FossilizedHelix","Velvet Choker","Art of War","Shuriken","DollysMirror"],"acts_visited":["Exordium","TheCity","TheBeyond","TheEnding"],"potions_floor_usage":[14,16,20,24,33,44,54],"damage_taken":[{"damage":7,"enemies":"Jaw Worm","floor":1,"turns":3},{"damage":0,"enemies":"2 Louse","floor":4,"turns":2},{"damage":20,"enemies":"Lagavulin","floor":7,"turns":6},{"damage":2,"enemies":"Small Slimes","floor":10,"turns":3},{"damage":0,"enemies":"3 Louse","floor":11,"turns":4},{"damage":24,"enemies":"3 Sentries","floor":12,"turns":7},{"damage":20,"enemies":"Lagavulin Event","floor":13,"turns":5},{"damage":5,"enemies":"Lagavulin","floor":14,"turns":7},{"damage":14,"enemies":"The Guardian","floor":16,"turns":8},{"damage":14,"enemies":"Spheric Guardian","floor":18,"turns":4},{"damage":23,"enemies":"2 Thieves","floor":20,"turns":4},{"damage":19,"enemies":"Slavers","floor":24,"turns":6},{"damage":9,"enemies":"Gremlin Leader","floor":27,"turns":6},{"damage":6,"enemies":"Cultist and Chosen","floor":28,"turns":3},{"damage":0,"enemies":"Chosen and Byrds","floor":29,"turns":3},{"damage":13,"enemies":"Snake Plant","floor":31,"turns":3},{"damage":0,"enemies":"Automaton","floor":33,"turns":6},{"damage":8,"enemies":"3 Shapes","floor":35,"turns":3},{"damage":6,"enemies":"Orb Walker","floor":39,"turns":2},{"damage":25,"enemies":"Giant Head","floor":41,"turns":6},{"damage":6,"enemies":"Reptomancer","floor":44,"turns":2},{"damage":12,"enemies":"Spire Growth","floor":45,"turns":3},{"damage":1,"enemies":"4 Shapes","floor":46,"turns":5},{"damage":13,"enemies":"Writhing Mass","floor":47,"turns":4},{"damage":0,"enemies":"Spire Growth","floor":48,"turns":4},{"damage":10,"enemies":"Time Eater","floor":50,"turns":11},{"damage":87,"enemies":"Shield and Spear","floor":54,"turns":5}],"seed_played":"-6193076446979749477","potions_obtained":[{"floor":1,"key":"Dexterity Potion"},{"floor":4,"key":"SmokeBomb"},{"floor":13,"key":"BloodPotion"},{"floor":14,"key":"SteroidPotion"},{"floor":16,"key":"DuplicationPotion"},{"floor":20,"key":"Energy Potion"},{"floor":29,"key":"SpeedPotion"},{"floor":31,"key":"Block Potion"},{"floor":44,"key":"Fire Potion"},{"floor":47,"key":"LiquidMemories"}],"is_trial":false,"path_per_floor":["M","?","?","M","$","R","E","R","T","M","M","E","?","E","R","B",null,"M","?","M","$","T","R","E","R","T","E","M","M","R","M","R","B",null,"M","$","?","$","M","R","E","R","T","E","M","M","M","M","R","B",null,"R","$","E"],"character_chosen":"IRONCLAD","items_purchased":["Battle Trance","Pommel Strike","Apotheosis","Inflame+1","Disarm","LiquidBronze","DollysMirror"],"campfire_rested":7,"item_purchase_floors":[5,5,21,21,21,38,53],"current_hp_per_floor":[65,53,46,46,46,70,50,74,74,72,72,48,28,28,28,19,65,51,51,49,49,49,49,35,35,35,26,20,20,44,31,55,60,75,67,67,67,67,61,61,36,58,58,57,45,44,31,31,53,43,68,76,76,0,0],"gold":66,"neow_bonus":"BOSS_RELIC","is_daily":false,"chose_seed":false,"campfire_upgraded":0,"win_rate":0.0,"timestamp":1607773659,"path_taken":["M","?","?","M","$","R","E","R","T","M","M","E","?","E","R","BOSS","M","?","M","$","?","R","E","R","T","E","?","M","R","M","R","BOSS","M","$","?","$","M","R","E","R","T","E","M","M","M","M","R","BOSS","R","$","E"],"items_purchased_type":["Card","Card","Card","Card","Card","Potion","Relic"],"build_version":"2020-11-30","purchased_purges":2,"victory":false,"max_hp_per_floor":[80,80,80,80,80,80,80,80,80,80,80,80,80,80,80,80,80,80,80,80,80,80,80,80,80,80,80,80,80,80,80,80,80,80,80,80,76,76,76,76,76,76,76,76,76,76,76,76,76,76,76,76,76,76,76],"card_choices":[{"not_picked":["Sever Soul","Battle Trance"],"picked":"Headbutt","floor":1},{"not_picked":["Havoc","Pommel Strike"],"picked":"Clothesline","floor":4},{"not_picked":["Perfected Strike","Heavy Blade"],"picked":"Metallicize","floor":7},{"not_picked":["Wild Strike","Blood for Blood","Havoc"],"picked":"SKIP","floor":10},{"not_picked":["Body Slam","Iron Wave"],"picked":"Twin Strike","floor":11},{"not_picked":["Hemokinesis","Rampage","Fire Breathing"],"picked":"SKIP","floor":12},{"not_picked":["Thunderclap","Clothesline"],"picked":"Limit Break","floor":14},{"not_picked":["Berserk+1","Brutality+1"],"picked":"Bludgeon","floor":16},{"not_picked":["Cleave","Hemokinesis+1","Evolve+1"],"picked":"SKIP","floor":18},{"not_picked":["Clash","Perfected Strike+1","Dark Embrace+1"],"picked":"SKIP","floor":20},{"not_picked":["Bloodletting","Juggernaut+1"],"picked":"Whirlwind","floor":24},{"not_picked":["Body Slam+1","Combust+1"],"picked":"Spot Weakness","floor":27},{"not_picked":["Whirlwind","Thunderclap","Clash"],"picked":"SKIP","floor":28},{"not_picked":["Clash","Sentinel","Twin Strike+1"],"picked":"SKIP","floor":28},{"not_picked":["Iron Wave","Wild Strike","Anger"],"picked":"SKIP","floor":29},{"not_picked":["Clash","Rupture+1","Warcry"],"picked":"SKIP","floor":29},{"not_picked":["Brutality+1","Entrench","Thunderclap"],"picked":"SKIP","floor":31},{"not_picked":["Iron Wave","Hemokinesis","Perfected Strike"],"picked":"SKIP","floor":31},{"not_picked":["Bludgeon","Demon Form+1"],"picked":"Offering","floor":33},{"not_picked":["Clash","Warcry"],"picked":"Intimidate+1","floor":35},{"not_picked":["Heavy Blade","Hemokinesis"],"picked":"Shrug It Off+1","floor":35},{"not_picked":["Searing Blow","Heavy Blade","Havoc+1"],"picked":"SKIP","floor":39},{"not_picked":["Second Wind","Dark Embrace+1","Wild Strike+1"],"picked":"SKIP","floor":39},{"not_picked":["Perfected Strike+1","Whirlwind","Twin Strike"],"picked":"SKIP","floor":41},{"not_picked":["Barricade+1","Perfected Strike+1"],"picked":"Flame Barrier","floor":44},{"not_picked":["Twin Strike","Warcry"],"picked":"Pummel","floor":45},{"not_picked":["Second Wind+1","Clothesline","Evolve+1"],"picked":"SKIP","floor":45},{"not_picked":["Anger","Seeing Red","Bloodletting"],"picked":"SKIP","floor":46},{"not_picked":["Sword Boomerang","Cleave","Flex+1"],"picked":"SKIP","floor":46},{"not_picked":["Clash","Headbutt"],"picked":"True Grit+1","floor":47},{"not_picked":["Second Wind+1","Battle Trance","Sentinel"],"picked":"SKIP","floor":47},{"not_picked":["Spot Weakness","Perfected Strike"],"picked":"Flame Barrier","floor":48},{"not_picked":["Twin Strike","Rampage","Second Wind+1"],"picked":"SKIP","floor":48}],"player_experience":272255,"relics_obtained":[{"floor":7,"key":"MawBank"},{"floor":9,"key":"Omamori"},{"floor":12,"key":"Toy Ornithopter"},{"floor":13,"key":"Frozen Egg 2"},{"floor":14,"key":"Girya"},{"floor":22,"key":"Ornamental Fan"},{"floor":24,"key":"Prayer Wheel"},{"floor":26,"key":"Vajra"},{"floor":27,"key":"FossilizedHelix"},{"floor":41,"key":"Art of War"},{"floor":44,"key":"Shuriken"}],"event_choices":[{"damage_healed":0,"gold_gain":0,"player_choice":"Success","damage_taken":12,"relics_obtained":["Turnip"],"max_hp_gain":0,"max_hp_loss":0,"event_name":"Scrap Ooze","floor":2,"gold_loss":0},{"cards_removed":["Strike_R"],"damage_healed":0,"gold_gain":0,"player_choice":"Card Removal","damage_taken":7,"max_hp_gain":0,"max_hp_loss":0,"event_name":"Golden Wing","floor":3,"gold_loss":0},{"damage_healed":0,"gold_gain":30,"player_choice":"Searched \u00272\u0027 times","damage_taken":0,"max_hp_gain":0,"max_hp_loss":0,"event_name":"Dead Adventurer","floor":13,"gold_loss":0},{"damage_healed":0,"gold_gain":0,"player_choice":"Bought 0 Potions","damage_taken":0,"max_hp_gain":0,"max_hp_loss":0,"event_name":"The Woman in Blue","floor":19,"gold_loss":0},{"damage_healed":0,"gold_gain":0,"player_choice":"Max HP","damage_taken":0,"max_hp_gain":0,"max_hp_loss":4,"event_name":"Winding Halls","floor":37,"gold_loss":0}],"is_beta":false,"boss_relics":[{"not_picked":["Calling Bell","Busted Crown"],"picked":"Runic Pyramid"},{"not_picked":["Black Star","Philosopher\u0027s Stone"],"picked":"Velvet Choker"}],"items_purged_floors":[36,38],"is_endless":false,"potions_floor_spawned":[1,4,13,14,16,20,29,31,41,44,47,48],"killed_by":"Shield and Spear","ascension_level":13}}