{"host":"5mo0809oo9tcrmpl","time":1607745079,"event":{"mods":["BaseMod","Highlight Path","Minty Spire (QoL Compilation)","Relic Stats","Slay the Relics Exporter"],"gold_per_floor":[117,129,140,220,233,233,233],"floor_reached":6,"playtime":262,"items_purged":[],"score":76,"play_id":"f932d73d-2f92-48b6-9b9b-65381d1f25f8","local_time":"20201211215119","is_ascension_mode":true,"campfire_choices":[],"circlet_count":0,"master_deck":["AscendersBane","Strike_G","Strike_G","Strike_G","Strike_G","Strike_G","Defend_G","Defend_G","Defend_G","Defend_G","Defend_G","Survivor","Neutralize","Predator","Quick Slash","Deflect","Dagger Spray"],"relics":["Ring of the Snake","Dream Catcher"],"acts_visited":["Exordium"],"potions_floor_usage":[6],"damage_taken":[{"damage":17,"enemies":"Small Slimes","floor":1,"turns":5},{"damage":3,"enemies":"Jaw Worm","floor":2,"turns":5},{"damage":2,"enemies":"2 Louse","floor":3,"turns":4},{"damage":4,"enemies":"Exordium Wildlife","floor":5,"turns":5},{"damage":45,"enemies":"Gremlin Nob","floor":6,"turns":4}],"seed_played":"7605931988807344367","potions_obtained":[{"floor":3,"key":"SkillPotion"}],"is_trial":false,"path_per_floor":["M","M","M","?","M","E"],"character_chosen":"THE_SILENT","items_purchased":[],"campfire_rested":0,"item_purchase_floors":[],"current_hp_per_floor":[42,39,37,37,33,0,0],"gold":233,"neow_bonus":"RANDOM_COMMON_RELIC","is_daily":false,"chose_seed":false,"campfire_upgraded":0,"win_rate":0.0,"timestamp":1607745079,"path_taken":["M","M","M","?","M","E"],"items_purchased_type":[],"build_version":"2020-11-30","purchased_purges":0,"victory":false,"max_hp_per_floor":[66,66,66,66,66,66,66],"relic_stats":{"Dream Catcher":0,"counters":[5,23],"obtain_stats":[{"Dream Catcher":0,"Ring of the Snake":0},{"Dream Catcher":0,"Ring of the Snake":0},{"Dream Catcher":0,"Ring of the Snake":0}],"Ring of the Snake":[10]},"card_choices":[{"not_picked":["Quick Slash","Deflect"],"picked":"Predator","floor":1},{"not_picked":["Sucker Punch","Flechettes"],"picked":"Quick Slash","floor":2},{"not_picked":["Outmaneuver","Choke"],"picked":"Deflect","floor":3},{"not_picked":["Flying Knee","Blade Dance"],"picked":"Dagger Spray","floor":5}],"player_experience":1243487,"relics_obtained":[],"event_choices":[{"damage_healed":0,"gold_gain":80,"player_choice":"Gained Gold","damage_taken":0,"max_hp_gain":0,"max_hp_loss":0,"event_name":"Golden Wing","floor":4,"gold_loss":0}],"is_beta":false,"boss_relics":[],"items_purged_floors":[],"is_endless":false,"potions_floor_spawned":[3],"killed_by":"Gremlin Nob","ascension_level":20}}