{"host":"6vv0uythevi5qk1w","time":1607776169,"event":{"mods":["Act Like it!","BaseMod","Gensokyo","Minty Spire (QoL Compilation)","Remilia£®¿Ÿ√◊¿Ú—«£©","Replay The Spire","StSLib"],"gold_per_floor":[111,122,136,154,168,193,193,226,249,249,56,89,89,141,141,258,258,291,325,325,325,362,362,362],"floor_reached":23,"playtime":2202,"items_purged":[],"score":266,"play_id":"3e3810f5-f29a-46ce-b542-7d960b598bbe","local_time":"20201212202929","is_ascension_mode":true,"campfire_choices":[{"data":"Adrenaline","floor":7.0,"key":"SMITH"},{"data":"Regret","floor":15.0,"key":"PURGE"}],"circlet_count":0,"master_deck":["Strike_G+1","Strike_G+1","Strike_G+1","Strike_G+1","Strike_G+1","Defend_G+1","Defend_G+1","Defend_G+1","Defend_G+1","Defend_G+1","Survivor","Neutralize+1","Well Laid Plans+1","Masterful Stab","Deflect","Adrenaline+1","Backstab","Catalyst","Bullet Time","HandOfGreed","Wraith Form v2","Acrobatics","Purity","Doppelganger","Infinite Blades","Footwork+1"],"relics":["Ring of the Snake","Ice Cream","Juzu Bracelet","Replay:Wax Seal","Whetstone","ChewingGum"],"acts_visited":["Exordium","TheCity"],"potions_floor_usage":[23],"damage_taken":[{"damage":0.0,"enemies":"Jaw Worm","floor":1.0,"turns":5.0},{"damage":1.0,"enemies":"Small Slimes","floor":2.0,"turns":5.0},{"damage":1.0,"enemies":"Cultist","floor":3.0,"turns":4.0},{"damage":4.0,"enemies":"Blue Slaver","floor":4.0,"turns":5.0},{"damage":0.0,"enemies":"3 Louse","floor":5.0,"turns":3.0},{"damage":4.0,"enemies":"3 Sentries","floor":6.0,"turns":6.0},{"damage":18.0,"enemies":"Gremlin Nob","floor":8.0,"turns":4.0},{"damage":5.0,"enemies":"Large Slime","floor":12.0,"turns":5.0},{"damage":8.0,"enemies":"Lagavulin","floor":14.0,"turns":8.0},{"damage":19.0,"enemies":"The Guardian","floor":16.0,"turns":13.0},{"damage":1.0,"enemies":"Chosen","floor":18.0,"turns":5.0},{"damage":5.0,"enemies":"Shell Parasite","floor":19.0,"turns":6.0},{"damage":1.0,"enemies":"3 Cultists","floor":22.0,"turns":4.0},{"damage":57,"enemies":"Gremlin Leader","floor":23,"turns":7}],"seed_played":"5033042984608310431","potions_obtained":[{"floor":3.0,"key":"Reflective Coating"},{"floor":5.0,"key":"SkillPotion"},{"floor":6.0,"key":"Adrenaline Potion"},{"floor":14.0,"key":"Block Potion"},{"floor":19.0,"key":"PowerPotion"},{"floor":22.0,"key":"AttackPotion"}],"is_trial":false,"path_per_floor":["M","M","M","M","M","E","R","E","T","?","$","M","?","E","R","B",null,"M","M","?","?","M","E"],"character_chosen":"THE_SILENT","items_purchased":["HandOfGreed"],"campfire_rested":0,"item_purchase_floors":[11],"current_hp_per_floor":[77,76,75,71,71,67,67,49,49,49,49,44,29,21,21,2,58,57,52,52,52,51,0,0],"gold":362,"neow_bonus":"TEN_PERCENT_HP_BONUS","is_daily":false,"chose_seed":false,"campfire_upgraded":1,"win_rate":0.0,"timestamp":1607776169,"path_taken":["M","M","M","M","M","E","R","E","T","?","$","M","?","E","R","BOSS","M","M","?","?","M","E"],"items_purchased_type":["Card"],"build_version":"2020-11-30","purchased_purges":0,"victory":false,"max_hp_per_floor":[77,77,77,77,77,77,77,77,77,77,77,77,77,77,77,77,77,77,77,77,77,77,77,77],"card_choices":[{"not_picked":["Flying Knee","Flechettes"],"picked":"Well Laid Plans","floor":1.0},{"not_picked":["Blur","PiercingWail"],"picked":"Masterful Stab","floor":2.0},{"not_picked":["Flying Knee","Bane","Deflect"],"picked":"SKIP","floor":3.0},{"not_picked":["Flying Knee","Bane","Deflect"],"picked":"SKIP","floor":3.0},{"not_picked":["Flying Knee","Bane"],"picked":"Deflect","floor":3.0},{"not_picked":["Deflect","All Out Attack"],"picked":"Adrenaline","floor":4.0},{"not_picked":["Skewer","ReplayTheSpireMod:Shiv Toss"],"picked":"Backstab","floor":5.0},{"not_picked":["Finisher","Quick Slash"],"picked":"Catalyst","floor":6.0},{"not_picked":["Replay:Poison Smokescreen","ReplayTheSpireMod:Exploit Weakness"],"picked":"Bullet Time","floor":8.0},{"not_picked":["Dagger Spray","ReplayTheSpireMod:Speed Training","Outmaneuver"],"picked":"SKIP","floor":12.0},{"not_picked":["Underhanded Strike","Flying Knee","Dagger Spray"],"picked":"SKIP","floor":14.0},{"not_picked":["Doppelganger","Venomology"],"picked":"Wraith Form v2","floor":16.0},{"not_picked":["Deadly Poison","PiercingWail"],"picked":"Acrobatics","floor":18.0},{"not_picked":["Dagger Spray","Predator","Eviscerate"],"picked":"SKIP","floor":19.0},{"not_picked":["Blade Dance","Backflip"],"picked":"Footwork+1","floor":22.0}],"player_experience":243204,"relics_obtained":[{"floor":6.0,"key":"Ice Cream"},{"floor":8.0,"key":"Juzu Bracelet"},{"floor":14.0,"key":"Whetstone"}],"event_choices":[{"damage_healed":0.0,"max_hp_gain":0.0,"max_hp_loss":0.0,"gold_gain":0.0,"event_name":"Big Fish","player_choice":"Box","floor":10.0,"gold_loss":0.0,"damage_taken":0.0,"relics_obtained":["Replay:Wax Seal"],"cards_obtained":["Regret"]},{"damage_healed":0.0,"max_hp_gain":0.0,"max_hp_loss":0.0,"gold_gain":0.0,"event_name":"Shining Light","player_choice":"Entered Light","floor":13.0,"gold_loss":0.0,"damage_taken":15.0,"cards_upgraded":["Well Laid Plans","Defend_G"]},{"damage_healed":0.0,"max_hp_gain":0.0,"max_hp_loss":0.0,"gold_gain":0.0,"event_name":"Back to Basics","player_choice":"Simplicity","floor":20.0,"gold_loss":0.0,"damage_taken":0.0,"cards_upgraded":["Strike_G","Strike_G","Strike_G","Strike_G","Defend_G","Defend_G","Defend_G","Defend_G"]},{"damage_healed":0.0,"max_hp_gain":0.0,"max_hp_loss":0.0,"gold_gain":0.0,"event_name":"Match and Keep!","player_choice":"3 cards matched","floor":21.0,"gold_loss":0.0,"damage_taken":0.0,"cards_obtained":["Purity","Doppelganger","Infinite Blades"]}],"is_beta":false,"boss_relics":[{"not_picked":["Tiny House","Empty Cage"],"picked":"ChewingGum"}],"items_purged_floors":[],"is_endless":false,"potions_floor_spawned":[3,5,6,14,19,22],"killed_by":"Gremlin Leader","ascension_level":5}}