{"host":"t0dvtgwziqfh5pc4","time":1607754806,"event":{"mods":["BaseMod","Colored Powertips","Downfall","Hermit","Infinite Spire","Lobotomy","Minty Spire (QoL Compilation)","Quick Restart","Replay The Spire","SIMod","Shop Mod","StSLib","The Bug Knight","The Cursed","The Hierophant","The Jungle"],"gold_per_floor":[112,131,131,148,160,160,160,160,160,410,420,420,27,27,27],"floor_reached":14,"playtime":504,"items_purged":["Strike_G"],"score":160,"play_id":"b971a25f-1a1b-47c2-a05f-225ec22c7479","local_time":"20201212143326","daily_mods":["Heirloom","Flight"],"is_ascension_mode":true,"campfire_choices":[{"data":"Prepared","floor":6,"key":"SMITH"},{"data":"Bouncing Flask","floor":8,"key":"SMITH"},{"data":"Neutralize","floor":12,"key":"SMITH"}],"circlet_count":0,"master_deck":["AscendersBane","Strike_G","Strike_G","Strike_G","Strike_G","Defend_G","Defend_G","Defend_G","Defend_G","Defend_G","Survivor","Neutralize+1","Bouncing Flask+1","Prepared+1","Bloodbath","Backflip","Regret","Sneak Up"],"relics":["Ring of the Snake","Tingsha","CogitoBucket","MerchantsRug","sneckomod:BlankCard"],"acts_visited":["Exordium"],"potions_floor_usage":[14,14],"damage_taken":[{"damage":3,"enemies":"Cultist","floor":1,"turns":4},{"damage":0,"enemies":"Small Slimes","floor":2,"turns":4},{"damage":0,"enemies":"Jaw Worm","floor":4,"turns":3},{"damage":9,"enemies":"2 Fungi Beasts","floor":5,"turns":5},{"damage":15,"enemies":"Large Slime","floor":11,"turns":3},{"damage":26,"enemies":"3 Sentries","floor":14,"turns":4}],"seed_played":"-1188285636562088807","potions_obtained":[{"floor":1,"key":"SpeedPotion"},{"floor":5,"key":"Elixir"}],"is_trial":true,"path_per_floor":["M","M","WH","M","M","R","?","R","T","WH","M","R","$","E"],"character_chosen":"THE_SILENT","items_purchased":["Sneak Up","MerchantsRug","sneckomod:BlankCard"],"campfire_rested":0,"item_purchase_floors":[13,13,13],"current_hp_per_floor":[56,56,56,56,48,48,48,48,48,36,22,22,22,0,0],"gold":27,"neow_bonus":"TWO_FIFTY_GOLD","is_daily":false,"chose_seed":false,"campfire_upgraded":3,"win_rate":0.0,"timestamp":1607754806,"path_taken":["M","M","WH","?","?","R","?","R","T","WH","M","R","$","E"],"items_purchased_type":["Card","Relic","Relic"],"build_version":"2020-11-30","purchased_purges":1,"victory":false,"max_hp_per_floor":[66,66,66,66,66,66,66,66,66,66,66,66,66,66,66],"card_choices":[{"not_picked":["Distraction","Escape Plan"],"picked":"Bouncing Flask","floor":1},{"not_picked":["Dash","Underhanded Strike"],"picked":"Prepared","floor":2},{"not_picked":["Alriune","Wellcheers"],"picked":"Bloodbath","floor":4},{"not_picked":["Dodge and Roll","Expertise"],"picked":"Backflip","floor":4},{"not_picked":["Noxious Fumes","Deflect","Deadly Poison"],"picked":"SKIP","floor":5},{"not_picked":["Noxious Fumes","Blade Dance","Poisoned Stab"],"picked":"SKIP","floor":11}],"player_experience":95645,"relics_obtained":[{"floor":9,"key":"Happy Flower"}],"event_choices":[{"damage_healed":0,"gold_gain":0,"player_choice":"Box","damage_taken":0,"relics_obtained":["ReplayTheSpireMod:Ninjato"],"max_hp_gain":0,"max_hp_loss":0,"event_name":"Big Fish","floor":7,"gold_loss":0,"cards_obtained":["Regret"]}],"is_beta":false,"boss_relics":[],"items_purged_floors":[13],"is_endless":false,"potions_floor_spawned":[1,5],"killed_by":"3 Sentries","ascension_level":20}}