{"host":"7k2a2omxz3voj5ax","time":1607783487,"event":{"mods":["BaseMod","Marisa£¨ìFÓê¡¡Ä§ÀíÉ³£©","Minty Spire (QoL Compilation)","Quick Restart","Spicy Shops","StSLib","Starting Relic: Pandora\u0027s Box","óô»ðÖ¸ÄÏ"],"gold_per_floor":[110,128,203,1743,1743,2076,1817,1851,1851,1851,1865,1908,1609,1636,1278,1409,1409,1430,1450,1159,1183,1196,1232,741,760,760,778,818,818,818,433,433,558,558,573,573,573,597,612,655,719,759,812,712,538,538,556,297,297,297,297,297,97,130,130],"floor_reached":56,"playtime":2490,"items_purged":["Steam Power","Leap","Zap","Go for the Eyes","Turbo+1","Skim+1"],"score":1908,"play_id":"df4a3d91-54e8-4ed2-937d-7afa9cabf473","local_time":"20201212233127","is_ascension_mode":true,"campfire_choices":[{"data":"Defragment","floor":30.0,"key":"SMITH"},{"data":"Consume","floor":32.0,"key":"SMITH"},{"floor":49,"key":"RECALL"},{"data":"Capacitor","floor":52,"key":"SMITH"}],"circlet_count":0,"master_deck":["Glacier+1","Defragment+1","Double Energy+1","Coolheaded+1","Skim+1","Genetic Algorithm+1","Capacitor+1","Consume+1","Echo Form","Turbo+1","Ball Lightning+1","Storm","Multi-Cast+1","Defragment+1","Defragment+1","Fission+1","Heatsinks+1","Capacitor+1","Chill+1","Loop+1","Biased Cognition+1","Defragment+1","Thunder Strike+1","Tempest+1","Storm+1","Capacitor+1","Heatsinks+1"],"relics":["Astrolabe","Membership Card","Molten Egg 2","Vajra","Symbiotic Virus","Chemical X","Turnip","Golden Idol","Old Coin","Runic Capacitor","Toxic Egg 2","Pear","Mummified Hand","MealTicket","Omamori","Incense Burner","Black Star","Frozen Egg 2","ClockworkSouvenir","DollysMirror","Oddly Smooth Stone","Akabeko","Cables","Unceasing Top","TheAbacus","Lizard Tail","Anchor","Orichalcum","FossilizedHelix","Lantern","Bottled Lightning","Sozu","DataDisk","Blue Candle","TungstenRod","Happy Flower","Question Card","Pen Nib","Medical Kit","Singing Bowl","War Paint","Bag of Preparation","Sundial","Calipers","Bottled Tornado","Toy Ornithopter","Eternal Feather"],"acts_visited":["Exordium","TheCity","TheBeyond","TheEnding"],"potions_floor_usage":[],"damage_taken":[{"damage":0.0,"enemies":"Cultist","floor":1.0,"turns":5.0},{"damage":0.0,"enemies":"Small Slimes","floor":2.0,"turns":6.0},{"damage":3.0,"enemies":"3 Sentries","floor":6.0,"turns":8.0},{"damage":17.0,"enemies":"Gremlin Nob","floor":8.0,"turns":6.0},{"damage":11.0,"enemies":"2 Louse","floor":11.0,"turns":4.0},{"damage":0.0,"enemies":"Lagavulin","floor":12.0,"turns":7.0},{"damage":0.0,"enemies":"Slime Boss","floor":16.0,"turns":4.0},{"damage":0.0,"enemies":"2 Thieves","floor":18.0,"turns":3.0},{"damage":0.0,"enemies":"Chosen","floor":19.0,"turns":2.0},{"damage":0.0,"enemies":"Snake Plant","floor":21.0,"turns":2.0},{"damage":0.0,"enemies":"Chosen and Byrds","floor":22.0,"turns":1.0},{"damage":0.0,"enemies":"Book of Stabbing","floor":23.0,"turns":1.0},{"damage":0.0,"enemies":"Cultist and Chosen","floor":25.0,"turns":1.0},{"damage":0.0,"enemies":"Sentry and Sphere","floor":27.0,"turns":2.0},{"damage":0.0,"enemies":"Slavers","floor":28.0,"turns":2.0},{"damage":0.0,"enemies":"Champ","floor":33.0,"turns":2.0},{"damage":0.0,"enemies":"3 Shapes","floor":35.0,"turns":1.0},{"damage":0.0,"enemies":"3 Darklings","floor":38.0,"turns":1.0},{"damage":0.0,"enemies":"Writhing Mass","floor":39.0,"turns":1.0},{"damage":0.0,"enemies":"Giant Head","floor":40.0,"turns":1.0},{"damage":0.0,"enemies":"2 Orb Walkers","floor":41.0,"turns":1.0},{"damage":0.0,"enemies":"Nemesis","floor":42.0,"turns":3.0},{"damage":0,"enemies":"4 Shapes","floor":47,"turns":1},{"damage":0,"enemies":"Time Eater","floor":50,"turns":2},{"damage":0,"enemies":"Shield and Spear","floor":54,"turns":1},{"damage":0,"enemies":"The Heart","floor":55,"turns":4}],"seed_played":"18547776657589892","potions_obtained":[{"floor":1.0,"key":"SkillPotion"},{"floor":12.0,"key":"SteroidPotion"},{"floor":16.0,"key":"DistilledChaos"},{"floor":21.0,"key":"SneckoOil"},{"floor":28.0,"key":"Explosive Potion"}],"is_trial":false,"path_per_floor":["M","M","?","$","?","E","R","E","T","?","M","E","$","T","R","B",null,"M","M","$","M","M","E","R","M","T","M","E","?","R","$","R","B",null,"M","?","?","M","M","E","?","E","T","R","$","?","M","$","R","B",null,"R","$","E","B",null],"character_chosen":"DEFECT","items_purchased":["Membership Card","Molten Egg 2","Vajra","Symbiotic Virus","Chemical X","Heatsinks","Turnip","Runic Capacitor","Toxic Egg 2","Omamori","Skim+1","Turbo+1","Ball Lightning+1","Storm","Incense Burner","Frozen Egg 2","Defragment+1","ClockworkSouvenir","DollysMirror","Cables","Capacitor+1","Unceasing Top","TheAbacus","FossilizedHelix","Loop+1","Lantern","Bottled Lightning","Tempest+1","Medical Kit","Storm+1","Singing Bowl","War Paint","Capacitor+1","Heatsinks+1","Bag of Preparation","Sundial","Calipers","Bottled Tornado"],"campfire_rested":0,"item_purchase_floors":[4,4,4,4,4,4,4,7,7,13,13,13,13,15,15,20,20,20,20,24,24,24,24,31,31,31,31,44,44,44,45,45,45,48,48,48,53,53],"current_hp_per_floor":[75,75,64,64,64,61,61,54,54,54,43,43,58,58,58,58,79,79,79,79,79,79,79,79,79,79,79,79,79,79,79,79,79,79,79,75,75,75,75,75,75,75,75,75,75,75,77,77,77,77,77,77,77,79,79],"gold":130,"neow_bonus":"BOSS_RELIC","is_daily":false,"chose_seed":false,"campfire_upgraded":3,"win_rate":0.0,"timestamp":1607783487,"path_taken":["M","?","?","$","?","E","R","E","T","?","M","E","$","?","R","BOSS","M","M","$","M","?","E","R","M","T","M","E","?","R","$","R","BOSS","M","?","?","M","M","E","?","E","T","R","$","?","M","$","R","BOSS","R","$","E","BOSS"],"items_purchased_type":["Relic","Relic","Relic","Relic","Relic","Card","Relic","Relic","Relic","Relic","Card","Card","Card","Card","Relic","Relic","Card","Relic","Relic","Relic","Card","Relic","Relic","Relic","Card","Relic","Relic","Card","Relic","Card","Relic","Relic","Card","Card","Relic","Relic","Relic","Relic"],"build_version":"2020-11-30","purchased_purges":6,"victory":true,"max_hp_per_floor":[75,75,75,75,69,69,69,79,79,79,79,79,79,79,79,79,79,79,79,79,79,79,79,79,79,79,79,79,79,79,79,79,79,79,79,75,75,75,75,75,75,75,75,75,75,75,77,77,77,77,77,77,77,79,79],"card_choices":[{"not_picked":["Skim","Scrape"],"picked":"Capacitor","floor":1.0},{"not_picked":["Ball Lightning","Loop"],"picked":"Consume","floor":2.0},{"not_picked":["Streamline+1","Capacitor"],"picked":"Echo Form","floor":6.0},{"not_picked":["Doom and Gloom+1","Undo+1","Scrape+1"],"picked":"SKIP","floor":8.0},{"not_picked":["Beam Cell+1","Gash+1","Steam+1"],"picked":"SKIP","floor":11.0},{"not_picked":["Gash+1","Doom and Gloom+1"],"picked":"Turbo+1","floor":12.0},{"not_picked":["Hyperbeam+1","All For One+1"],"picked":"Multi-Cast+1","floor":16.0},{"not_picked":["Stack+1","Hologram+1","Barrage+1"],"picked":"SKIP","floor":18.0},{"not_picked":["Coolheaded+1","Redo+1","Reprogram+1"],"picked":"SKIP","floor":19.0},{"not_picked":["Steam+1","Fusion+1","Go for the Eyes+1"],"picked":"SKIP","floor":21.0},{"not_picked":["Rebound+1","Fusion+1"],"picked":"Fission+1","floor":22.0},{"not_picked":["Gash+1","Hologram+1"],"picked":"Heatsinks+1","floor":23.0},{"not_picked":["Barrage+1","Storm+1"],"picked":"Chill+1","floor":25.0},{"not_picked":["Leap+1","Melter+1","Hello World+1"],"picked":"SKIP","floor":27.0},{"not_picked":["Redo+1","Consume+1"],"picked":"Machine Learning+1","floor":28.0},{"not_picked":["Echo Form+1","Multi-Cast+1"],"picked":"Biased Cognition+1","floor":33.0},{"not_picked":["Barrage+1","Doom and Gloom+1","Steam+1"],"picked":"SKIP","floor":35.0},{"not_picked":["Sweeping Beam+1","Self Repair+1"],"picked":"Defragment+1","floor":38.0},{"not_picked":["Cold Snap+1","Steam+1","Chaos+1"],"picked":"SKIP","floor":39.0},{"not_picked":["Gash+1","Barrage+1","Reinforced Body+1"],"picked":"SKIP","floor":40.0},{"not_picked":["Scrape+1","Coolheaded+1"],"picked":"Thunder Strike+1","floor":41.0},{"not_picked":["Doom and Gloom+1","Stack+1","Leap+1"],"picked":"SKIP","floor":42.0},{"not_picked":["Cold Snap+1","Go for the Eyes+1","Sweeping Beam+1","FTL+1"],"picked":"Singing Bowl","floor":47},{"not_picked":["Rebound+1","Conserve Battery+1","All For One+1","Self Repair+1"],"picked":"Singing Bowl","floor":54}],"player_experience":322152,"relics_obtained":[{"floor":6.0,"key":"Old Coin"},{"floor":8.0,"key":"Pear"},{"floor":9.0,"key":"Mummified Hand"},{"floor":12.0,"key":"MealTicket"},{"floor":23.0,"key":"Oddly Smooth Stone"},{"floor":23.0,"key":"Akabeko"},{"floor":26.0,"key":"Lizard Tail"},{"floor":28.0,"key":"Anchor"},{"floor":28.0,"key":"Orichalcum"},{"floor":40.0,"key":"DataDisk"},{"floor":40.0,"key":"Blue Candle"},{"floor":41.0,"key":"TungstenRod"},{"floor":42.0,"key":"Happy Flower"},{"floor":42.0,"key":"Question Card"},{"floor":43.0,"key":"Pen Nib"},{"floor":54,"key":"Toy Ornithopter"},{"floor":54,"key":"Eternal Feather"}],"event_choices":[{"damage_healed":0.0,"max_hp_gain":0.0,"max_hp_loss":0.0,"gold_gain":75.0,"event_name":"World of Goop","player_choice":"Gather Gold","floor":3.0,"gold_loss":0.0,"damage_taken":11.0},{"damage_healed":0.0,"max_hp_gain":0.0,"max_hp_loss":6.0,"gold_gain":0.0,"event_name":"Golden Idol","player_choice":"Lose Max HP","floor":5.0,"gold_loss":0.0,"damage_taken":0.0,"relics_obtained":["Golden Idol"]},{"damage_healed":0.0,"max_hp_gain":0.0,"max_hp_loss":0.0,"gold_gain":0.0,"event_name":"Liars Game","player_choice":"Ignored","floor":10.0,"gold_loss":0.0,"damage_taken":0.0},{"cards_removed":["Heatsinks"],"damage_healed":0.0,"max_hp_gain":0.0,"max_hp_loss":0.0,"gold_gain":0.0,"event_name":"Back to Basics","player_choice":"Elegance","floor":29.0,"gold_loss":0.0,"damage_taken":0.0},{"damage_healed":0.0,"max_hp_gain":0.0,"max_hp_loss":4.0,"gold_gain":0.0,"event_name":"Winding Halls","player_choice":"Max HP","floor":36.0,"gold_loss":0.0,"damage_taken":0.0},{"cards_removed":["Machine Learning"],"damage_healed":0.0,"max_hp_gain":0.0,"max_hp_loss":0.0,"gold_gain":0.0,"event_name":"Falling","player_choice":"Removed Power","floor":37.0,"gold_loss":0.0,"damage_taken":0.0},{"damage_healed":0.0,"max_hp_gain":0.0,"max_hp_loss":0.0,"gold_gain":0.0,"event_name":"Mysterious Sphere","player_choice":"Fight","floor":41.0,"gold_loss":0.0,"damage_taken":0.0},{"damage_healed":0,"gold_gain":0,"player_choice":"Ignored","damage_taken":0,"max_hp_gain":0,"max_hp_loss":0,"event_name":"Transmorgrifier","floor":46,"gold_loss":0}],"is_beta":false,"boss_relics":[{"not_picked":["Cursed Key","Velvet Choker"],"picked":"Black Star"},{"not_picked":["Snecko Eye","Busted Crown"],"picked":"Sozu"}],"items_purged_floors":[4,7,13,13,15,24],"is_endless":false,"potions_floor_spawned":[1,12,16,21,28,33,38,40,47,54],"ascension_level":3}}