{"host":"cjhtzh7tp54jdfyv","time":1607736435,"event":{"mods":["BaseMod","Minty Spire (QoL Compilation)"],"gold_per_floor":[109,127,147,3,15,45,45,45,45],"floor_reached":8,"playtime":483,"items_purged":[],"score":116,"play_id":"cf00c95c-a36e-48a0-94f9-8a8040dfd1d6","local_time":"20201211202715","is_ascension_mode":true,"campfire_choices":[],"circlet_count":0,"master_deck":["AscendersBane","Strike_P","Strike_P","Strike_P+1","Strike_P+1","Defend_P","Defend_P","Defend_P","Defend_P","Eruption","Vigilance","MentalFortress","DeusExMachina","ClearTheMind","Conclude","EmptyMind","FlurryOfBlows"],"relics":["VioletLotus","Orichalcum"],"acts_visited":["Exordium"],"potions_floor_usage":[],"damage_taken":[{"damage":0.0,"enemies":"Small Slimes","floor":1.0,"turns":2.0},{"damage":2.0,"enemies":"Jaw Worm","floor":2.0,"turns":5.0},{"damage":0.0,"enemies":"Cultist","floor":3.0,"turns":3.0},{"damage":24.0,"enemies":"Gremlin Gang","floor":5.0,"turns":4.0},{"damage":30,"enemies":"3 Sentries","floor":6,"turns":4},{"damage":30,"enemies":"Gremlin Nob","floor":8,"turns":3}],"seed_played":"-2674650463331791001","potions_obtained":[{"floor":5.0,"key":"FairyPotion"}],"is_trial":false,"path_per_floor":["M","M","M","$","M","E","?","E"],"character_chosen":"WATCHER","items_purchased":["Conclude","AttackPotion"],"campfire_rested":0,"item_purchase_floors":[4,4],"current_hp_per_floor":[61,59,59,59,35,5,20,0,0],"gold":45,"neow_bonus":"BOSS_RELIC","is_daily":false,"chose_seed":false,"campfire_upgraded":0,"win_rate":0.0,"timestamp":1607736435,"path_taken":["M","M","M","$","M","E","?","E"],"items_purchased_type":["Card","Potion"],"build_version":"2020-11-30","purchased_purges":0,"victory":false,"max_hp_per_floor":[68,68,68,68,68,68,68,68,68],"card_choices":[{"not_picked":["EmptyBody","Crescendo"],"picked":"MentalFortress","floor":1.0},{"not_picked":["JustLucky","SashWhip"],"picked":"DeusExMachina","floor":2.0},{"not_picked":["EmptyBody","Crescendo"],"picked":"ClearTheMind","floor":3.0},{"not_picked":["BowlingBash","SpiritShield"],"picked":"EmptyMind","floor":5.0},{"not_picked":["JustLucky","SashWhip"],"picked":"FlurryOfBlows","floor":6}],"player_experience":4155736,"relics_obtained":[{"floor":6,"key":"Orichalcum"}],"event_choices":[{"damage_healed":0,"gold_gain":0,"player_choice":"Entered Light","damage_taken":20,"max_hp_gain":0,"max_hp_loss":0,"event_name":"Shining Light","floor":7,"gold_loss":0,"cards_upgraded":["Strike_P","Strike_P"]}],"is_beta":false,"boss_relics":[],"items_purged_floors":[],"is_endless":false,"potions_floor_spawned":[5],"killed_by":"Gremlin Nob","ascension_level":20}}