{"host":"p7j7o00jacnw7qzt","time":1607803421,"event":{"mods":["BaseMod","Colored Map","Colored Powertips","DeckTracker","Highlight Path","Minty Spire (QoL Compilation)","Relic Stats"],"gold_per_floor":[364,364,364,21,40,40,79,93,168,212,212,235,289,320,320,413,413,426,451,475,475,100,100,121,157,157,517,220,220,256,275,275,371,371,389,389,404,98,119,159,159,199,225,240,240,281,300,127,127,127,127,127,127,51,82,82,82],"floor_reached":56,"playtime":2765,"items_purged":["Strike_R","Strike_R","Strike_R","Perfected Strike"],"score":2361,"play_id":"1b1a43e1-9627-4503-b272-302464e8ff5a","local_time":"20201212150341","is_ascension_mode":true,"campfire_choices":[{"data":"Rupture","floor":6.0,"key":"SMITH"},{"data":"Whirlwind","floor":11.0,"key":"SMITH"},{"data":"Sword Boomerang","floor":15.0,"key":"SMITH"},{"data":"Dual Wield","floor":23.0,"key":"SMITH"},{"data":"Pommel Strike","floor":29.0,"key":"SMITH"},{"floor":32.0,"key":"RECALL"},{"data":"Corruption","floor":41.0,"key":"SMITH"},{"floor":49.0,"key":"REST"},{"data":"Berserk","floor":53.0,"key":"SMITH"}],"circlet_count":0,"master_deck":["AscendersBane","Bash","Body Slam","Pain","Rupture+1","Sword Boomerang+1","Dark Embrace","Whirlwind+1","Shrug It Off","Brutality","Hemokinesis","Dual Wield+1","Pommel Strike+1","Evolve+1","Burning Pact+1","Corruption+1","Berserk+1","Shockwave+1","Heavy Blade","Sentinel+1","Warcry+1","Warcry+1","Offering+1","Madness+1","Madness+1","Sentinel+1","Offering+1"],"relics":["Black Blood","Golden Idol","WarpedTongs","Red Skull","Pen Nib","Bottled Tornado","Anchor","Lantern","Mummified Hand","White Beast Statue","Singing Bowl","Centennial Puzzle","Toxic Egg 2","Pandora\u0027s Box","Akabeko","Ornamental Fan","Omamori","PreservedInsect","TheAbacus","InkBottle"],"acts_visited":["Exordium","TheCity","TheBeyond","TheEnding"],"potions_floor_usage":[56],"damage_taken":[{"damage":6.0,"enemies":"Small Slimes","floor":1.0,"turns":5.0},{"damage":11.0,"enemies":"2 Louse","floor":5.0,"turns":3.0},{"damage":30.0,"enemies":"3 Sentries","floor":7.0,"turns":5.0},{"damage":2.0,"enemies":"Cultist","floor":8.0,"turns":3.0},{"damage":10.0,"enemies":"Gremlin Nob","floor":10.0,"turns":3.0},{"damage":0.0,"enemies":"Blue Slaver","floor":12.0,"turns":2.0},{"damage":3.0,"enemies":"Lagavulin","floor":14.0,"turns":3.0},{"damage":7.0,"enemies":"Slime Boss","floor":16.0,"turns":7.0},{"damage":3.0,"enemies":"2 Thieves","floor":18.0,"turns":2.0},{"damage":27.0,"enemies":"3 Byrds","floor":19.0,"turns":3.0},{"damage":2.0,"enemies":"Snecko","floor":20.0,"turns":2.0},{"damage":12.0,"enemies":"Sentry and Sphere","floor":24.0,"turns":3.0},{"damage":11.0,"enemies":"Gremlin Leader","floor":25.0,"turns":3.0},{"damage":16.0,"enemies":"Book of Stabbing","floor":30.0,"turns":3.0},{"damage":7.0,"enemies":"Shelled Parasite and Fungi","floor":31.0,"turns":1.0},{"damage":26.0,"enemies":"Collector","floor":33.0,"turns":4.0},{"damage":15.0,"enemies":"3 Shapes","floor":35.0,"turns":2.0},{"damage":6.0,"enemies":"Orb Walker","floor":37.0,"turns":1.0},{"damage":15.0,"enemies":"Jaw Worm Horde","floor":39.0,"turns":1.0},{"damage":15.0,"enemies":"Reptomancer","floor":40.0,"turns":2.0},{"damage":15.0,"enemies":"Giant Head","floor":42.0,"turns":1.0},{"damage":14.0,"enemies":"Transient","floor":44.0,"turns":3.0},{"damage":16.0,"enemies":"Reptomancer","floor":46.0,"turns":2.0},{"damage":15.0,"enemies":"Writhing Mass","floor":47.0,"turns":2.0},{"damage":22.0,"enemies":"Awakened One","floor":50.0,"turns":3.0},{"damage":13.0,"enemies":"Time Eater","floor":51.0,"turns":1.0},{"damage":21.0,"enemies":"Shield and Spear","floor":55.0,"turns":2.0},{"damage":66,"enemies":"The Heart","floor":56,"turns":3}],"seed_played":"8521926550022232490","potions_obtained":[{"floor":8.0,"key":"FearPotion"},{"floor":10.0,"key":"GamblersBrew"},{"floor":14.0,"key":"Fire Potion"},{"floor":18.0,"key":"SteroidPotion"},{"floor":30.0,"key":"DistilledChaos"},{"floor":33.0,"key":"BlessingOfTheForge"},{"floor":35.0,"key":"FearPotion"},{"floor":36.0,"key":"DuplicationPotion"},{"floor":37.0,"key":"SneckoOil"},{"floor":39.0,"key":"LiquidMemories"},{"floor":42.0,"key":"SneckoOil"},{"floor":55.0,"key":"SpeedPotion"}],"is_trial":false,"path_per_floor":["M","?","?","$","M","R","E","M","T","E","R","M","T","E","R","B",null,"M","M","M","?","$","R","M","E","T","?","$","R","E","M","R","B",null,"M","?","M","$","M","E","R","E","T","M","?","E","M","$","R","B","B",null,"R","$","E","B"],"character_chosen":"IRONCLAD","items_purchased":["Rupture","Sword Boomerang","Red Skull","Mummified Hand","Centennial Puzzle","Offering+1","TheAbacus","Offering+1"],"campfire_rested":1,"item_purchase_floors":[4,4,4,22,28,38,48,54],"current_hp_per_floor":[50,50,50,50,45,45,21,25,25,21,21,27,27,30,30,29,58,67,52,62,62,62,62,62,63,63,27,27,27,23,28,28,14,55,52,52,60,60,59,58,58,57,57,57,43,39,38,38,62,52,51,73,73,73,66,0,0],"gold":82,"neow_bonus":"TWO_FIFTY_GOLD","is_daily":false,"chose_seed":false,"campfire_upgraded":7,"win_rate":0.0,"timestamp":1607803421,"path_taken":["M","?","?","$","?","R","E","M","T","E","R","M","?","E","R","BOSS","M","?","M","?","$","R","M","E","T","?","$","R","E","?","R","BOSS","M","?","?","$","M","E","R","E","T","M","?","E","M","$","R","BOSS","BOSS","R","$","E","BOSS"],"items_purchased_type":["Card","Card","Relic","Relic","Relic","Card","Relic","Card"],"build_version":"2020-11-30","purchased_purges":4,"victory":false,"max_hp_per_floor":[75,68,68,68,68,68,68,68,68,68,68,68,68,68,68,68,68,68,68,68,68,68,68,68,68,68,68,68,68,68,68,68,68,68,68,68,70,70,72,74,74,76,76,78,78,78,80,80,80,80,80,80,80,80,82,82,82],"relic_stats":{"Singing Bowl":14,"counters":[28,75],"Golden Idol":203,"Black Blood":276,"Pen Nib":[13],"PreservedInsect":77,"WarpedTongs":[65],"Centennial Puzzle":[45],"TheAbacus":[36],"Mummified Hand":[88],"Ornamental Fan":[36],"Pandora\u0027s Box":["Berserk","Perfected Strike","Shockwave","Heavy Blade","Sentinel","Warcry"],"obtain_stats":[{"Lantern":14,"Singing Bowl":26,"Golden Idol":2,"Black Blood":17,"Pen Nib":7,"PreservedInsect":46,"Omamori":43,"Bottled Tornado":9,"Burning Blood":0,"White Beast Statue":25,"Akabeko":40,"WarpedTongs":3,"Anchor":10,"Centennial Puzzle":28,"TheAbacus":48,"Mummified Hand":22,"Ornamental Fan":42,"Pandora\u0027s Box":34,"Toxic Egg 2":30,"Red Skull":4,"InkBottle":55},{"Lantern":7,"Singing Bowl":13,"Golden Idol":1,"Black Blood":8,"Pen Nib":3,"PreservedInsect":23,"Omamori":21,"Bottled Tornado":4,"Burning Blood":0,"White Beast Statue":13,"Akabeko":20,"WarpedTongs":1,"Anchor":5,"Centennial Puzzle":13,"TheAbacus":24,"Mummified Hand":11,"Ornamental Fan":21,"Pandora\u0027s Box":16,"Toxic Egg 2":14,"Red Skull":1,"InkBottle":27},{"Lantern":24,"Singing Bowl":44,"Golden Idol":5,"Black Blood":31,"Pen Nib":13,"PreservedInsect":64,"Omamori":59,"Bottled Tornado":16,"Burning Blood":0,"White Beast Statue":44,"Akabeko":58,"WarpedTongs":5,"Anchor":19,"Centennial Puzzle":44,"TheAbacus":66,"Mummified Hand":38,"Ornamental Fan":59,"Pandora\u0027s Box":52,"Toxic Egg 2":47,"Red Skull":5,"InkBottle":72}],"InkBottle":[2]},"card_choices":[{"not_picked":["Armaments","Perfected Strike"],"picked":"Body Slam","floor":1.0},{"not_picked":["Sentinel","Clash"],"picked":"Dark Embrace","floor":5.0},{"not_picked":["Clash","Flame Barrier"],"picked":"Whirlwind","floor":7.0},{"not_picked":["Armaments","Havoc","Heavy Blade"],"picked":"SKIP","floor":8.0},{"not_picked":["Heavy Blade","Cleave","Berserk"],"picked":"SKIP","floor":10.0},{"not_picked":["Ghostly Armor","Clothesline","Dropkick"],"picked":"SKIP","floor":12.0},{"not_picked":["Havoc","Thunderclap"],"picked":"Shrug It Off","floor":14.0},{"not_picked":["Berserk","Impervious"],"picked":"Brutality","floor":16.0},{"not_picked":["Flame Barrier","Twin Strike"],"picked":"Hemokinesis","floor":18.0},{"not_picked":["Wild Strike","Anger+1"],"picked":"Dual Wield","floor":19.0},{"not_picked":["Inflame","Spot Weakness"],"picked":"Pommel Strike","floor":20.0},{"not_picked":["Power Through","Dropkick","Perfected Strike"],"picked":"SKIP","floor":24.0},{"not_picked":["Sword Boomerang","Entrench","Perfected Strike+1"],"picked":"SKIP","floor":25.0},{"not_picked":["Hemokinesis","Thunderclap"],"picked":"Evolve+1","floor":30.0},{"not_picked":["Sword Boomerang","Anger"],"picked":"Burning Pact+1","floor":31.0},{"not_picked":["Immolate","Demon Form"],"picked":"Corruption","floor":33.0},{"not_picked":["Shrug It Off+1","Havoc+1"],"picked":"Warcry+1","floor":35.0},{"not_picked":["Perfected Strike","Heavy Blade+1","True Grit+1"],"picked":"Singing Bowl","floor":37.0},{"not_picked":["Heavy Blade","Armaments+1","Anger+1"],"picked":"Singing Bowl","floor":39.0},{"not_picked":["Rampage","Bludgeon","Heavy Blade+1"],"picked":"Singing Bowl","floor":40.0},{"not_picked":["Sword Boomerang","True Grit+1","Twin Strike+1"],"picked":"Singing Bowl","floor":42.0},{"not_picked":["Body Slam","Intimidate+1","Havoc+1"],"picked":"Singing Bowl","floor":44.0},{"not_picked":["Armaments+1","Pummel"],"picked":"Sentinel+1","floor":46.0},{"not_picked":["Cleave","Wild Strike","Clash"],"picked":"Singing Bowl","floor":47.0},{"not_picked":["Thunderclap","True Grit+1","Wild Strike"],"picked":"Singing Bowl","floor":55.0}],"player_experience":810814,"relics_obtained":[{"floor":7.0,"key":"Pen Nib"},{"floor":9.0,"key":"Bottled Tornado"},{"floor":10.0,"key":"Anchor"},{"floor":14.0,"key":"Lantern"},{"floor":25.0,"key":"White Beast Statue"},{"floor":26.0,"key":"Singing Bowl"},{"floor":30.0,"key":"Toxic Egg 2"},{"floor":40.0,"key":"Akabeko"},{"floor":42.0,"key":"Ornamental Fan"},{"floor":43.0,"key":"Omamori"},{"floor":46.0,"key":"PreservedInsect"},{"floor":55.0,"key":"InkBottle"}],"event_choices":[{"damage_healed":0.0,"max_hp_gain":0.0,"max_hp_loss":7.0,"gold_gain":0.0,"event_name":"Golden Idol","player_choice":"Lose Max HP","floor":2.0,"gold_loss":0.0,"damage_taken":0.0,"relics_obtained":["Golden Idol"]},{"damage_healed":0.0,"max_hp_gain":0.0,"max_hp_loss":0.0,"gold_gain":0.0,"event_name":"Accursed Blacksmith","player_choice":"Rummage","floor":3.0,"gold_loss":0.0,"damage_taken":0.0,"relics_obtained":["WarpedTongs"],"cards_obtained":["Pain"]},{"damage_healed":0.0,"max_hp_gain":0.0,"max_hp_loss":0.0,"gold_gain":0.0,"event_name":"The Mausoleum","player_choice":"Ignored","floor":21.0,"gold_loss":0.0,"damage_taken":0.0},{"damage_healed":0.0,"max_hp_gain":0.0,"max_hp_loss":0.0,"gold_gain":360.0,"event_name":"Knowing Skull","player_choice":"GOLD GOLD GOLD GOLD ","floor":27.0,"potions_obtained":[],"gold_loss":0.0,"damage_taken":36.0,"cards_obtained":[]},{"damage_healed":0.0,"max_hp_gain":0.0,"max_hp_loss":0.0,"gold_gain":0.0,"event_name":"Lab","player_choice":"Got Potions","floor":36.0,"gold_loss":0.0,"damage_taken":0.0},{"damage_healed":0.0,"max_hp_gain":0.0,"max_hp_loss":0.0,"gold_gain":0.0,"event_name":"Winding Halls","player_choice":"Embrace Madness","floor":45.0,"gold_loss":0.0,"damage_taken":14.0,"cards_obtained":["Madness","Madness"]}],"is_beta":false,"boss_relics":[{"not_picked":["Sozu","Fusion Hammer"],"picked":"Black Blood"},{"not_picked":["Philosopher\u0027s Stone","SacredBark"],"picked":"Pandora\u0027s Box"}],"items_purged_floors":[4,22,28,38],"is_endless":false,"potions_floor_spawned":[8,10,12,14,18,30,31,33,35,37,39,40,42,44,46,47,55],"killed_by":"The Heart","ascension_level":20}}