{"host":"13of4hm0ygc9cmbc","time":1607745968,"event":{"mods":["AchievementEnabler","BaseMod","Colored Map","Minty Spire (QoL Compilation)","SuperFastMode"],"gold_per_floor":[113,113,129,204,204,248,260,297,382,410,448,460,78,110,110,187,187,200,74,74,88,99,111,123,158,181,181,191,223,223,236,236,307,307,319,21,31,31,41,41,73,73,73,105,105,105,140,44,44,44,44,44,44,76,76,76],"floor_reached":55,"playtime":2277,"items_purged":[],"score":1476,"play_id":"353085b0-358a-47a9-b190-b15eebc29ae3","local_time":"20201212130608","is_ascension_mode":true,"campfire_choices":[{"data":"Perfected Strike","floor":12.0,"key":"SMITH"},{"data":"Perfected Strike","floor":15.0,"key":"SMITH"},{"data":"Enlightenment","floor":27.0,"key":"SMITH"},{"data":"Demon Form","floor":30.0,"key":"SMITH"},{"floor":32.0,"key":"REST"},{"data":"Perfected Strike","floor":40,"key":"SMITH"},{"data":"Bash","floor":42,"key":"SMITH"},{"floor":46,"key":"RECALL"},{"floor":49,"key":"REST"},{"data":"Pommel Strike","floor":52,"key":"SMITH"}],"circlet_count":0,"master_deck":["AscendersBane","Strike_R","Strike_R","Strike_R","Strike_R","Strike_R","Defend_R","Defend_R","Defend_R","Defend_R","Bash+1","Perfected Strike+1","Perfected Strike+1","Perfected Strike+1","Enlightenment+1","Demon Form+1","Pommel Strike+1","Finesse","Pommel Strike+1","Pommel Strike+1","Shrug It Off+1","Impervious","Perfected Strike+1","Pommel Strike+1"],"relics":["Burning Blood","NeowsBlessing","MawBank","Potion Belt","Singing Bowl","White Beast Statue","Odd Mushroom","Sundial","Happy Flower","SacredBark","FossilizedHelix","Pantograph","Runic Dome","Orichalcum","Mango","Kunai","Oddly Smooth Stone","Bird Faced Urn","HornCleat"],"acts_visited":["Exordium","TheCity","TheBeyond","TheEnding"],"potions_floor_usage":[37,39,39,41,44,47,47,48,50,54,55],"damage_taken":[{"damage":0.0,"enemies":"Cultist","floor":1.0,"turns":1.0},{"damage":0.0,"enemies":"Jaw Worm","floor":3.0,"turns":1.0},{"damage":0.0,"enemies":"Lagavulin","floor":6.0,"turns":1.0},{"damage":16.0,"enemies":"Gremlin Nob","floor":8.0,"turns":3.0},{"damage":0.0,"enemies":"Small Slimes","floor":10.0,"turns":2.0},{"damage":8.0,"enemies":"The Mushroom Lair","floor":11.0,"turns":4.0},{"damage":15.0,"enemies":"Lagavulin","floor":14.0,"turns":3.0},{"damage":31.0,"enemies":"The Guardian","floor":16.0,"turns":9.0},{"damage":19.0,"enemies":"Chosen","floor":18.0,"turns":4.0},{"damage":6.0,"enemies":"Spheric Guardian","floor":21.0,"turns":3.0},{"damage":9.0,"enemies":"Shelled Parasite and Fungi","floor":22.0,"turns":3.0},{"damage":19.0,"enemies":"Snake Plant","floor":23.0,"turns":2.0},{"damage":0.0,"enemies":"Snecko","floor":24.0,"turns":2.0},{"damage":34.0,"enemies":"Slavers","floor":25.0,"turns":6.0},{"damage":16.0,"enemies":"3 Cultists","floor":28.0,"turns":4.0},{"damage":23.0,"enemies":"Gremlin Leader","floor":29.0,"turns":2.0},{"damage":17.0,"enemies":"Centurion and Healer","floor":31.0,"turns":4.0},{"damage":97.0,"enemies":"Collector","floor":33.0,"turns":8.0},{"damage":0,"enemies":"Orb Walker","floor":35,"turns":2},{"damage":0,"enemies":"3 Darklings","floor":37,"turns":5},{"damage":24,"enemies":"4 Shapes","floor":39,"turns":3},{"damage":14,"enemies":"Nemesis","floor":41,"turns":5},{"damage":35,"enemies":"Giant Head","floor":44,"turns":6},{"damage":54,"enemies":"Reptomancer","floor":47,"turns":3},{"damage":118,"enemies":"Awakened One","floor":50,"turns":9},{"damage":136,"enemies":"Shield and Spear","floor":54,"turns":9},{"damage":67,"enemies":"The Heart","floor":55,"turns":5}],"seed_played":"-8809941778758860627","potions_obtained":[{"floor":6.0,"key":"Energy Potion"},{"floor":8.0,"key":"DistilledChaos"},{"floor":10.0,"key":"HeartOfIron"},{"floor":11.0,"key":"SpeedPotion"},{"floor":14.0,"key":"GamblersBrew"},{"floor":16.0,"key":"Dexterity Potion"},{"floor":18.0,"key":"FairyPotion"},{"floor":21.0,"key":"AttackPotion"},{"floor":22.0,"key":"BlessingOfTheForge"},{"floor":23.0,"key":"ColorlessPotion"},{"floor":24.0,"key":"Regen Potion"},{"floor":25.0,"key":"Swift Potion"},{"floor":28.0,"key":"Swift Potion"},{"floor":29.0,"key":"ElixirPotion"},{"floor":31.0,"key":"AttackPotion"},{"floor":33.0,"key":"AttackPotion"},{"floor":35,"key":"DistilledChaos"},{"floor":37,"key":"GamblersBrew"},{"floor":39,"key":"PowerPotion"},{"floor":41,"key":"AttackPotion"},{"floor":44,"key":"BloodPotion"},{"floor":47,"key":"BloodPotion"},{"floor":54,"key":"Ancient Potion"}],"is_trial":false,"path_per_floor":["M","?","M","?","?","E","?","E","T","M","?","R","$","E","R","B",null,"M","$","?","M","M","M","M","E","T","R","M","E","R","M","R","B",null,"M","$","M","?","M","R","E","R","T","E","$","R","E","$","R","B",null,"R","$","E","B"],"character_chosen":"IRONCLAD","items_purchased":["Enlightenment","Sundial","Twin Strike","Pommel Strike","Finesse","Perfected Strike","Orichalcum","FearPotion","BloodPotion","Fruit Juice"],"campfire_rested":2,"item_purchase_floors":[13,13,13,19,19,36,36,36,36,48],"current_hp_per_floor":[74,74,75,64,64,70,63,55,55,63,61,61,61,54,54,29,68,57,57,57,59,56,45,51,65,65,65,57,42,42,31,58,61,85,93,93,97,97,81,81,89,89,89,62,62,62,62,72,110,70,114,114,114,37,0,0],"gold":76,"neow_bonus":"THREE_ENEMY_KILL","is_daily":false,"chose_seed":false,"campfire_upgraded":7,"win_rate":0.0,"timestamp":1607745968,"path_taken":["M","?","M","?","?","E","?","E","T","?","?","R","$","E","R","BOSS","M","$","?","?","M","M","M","E","T","R","M","E","R","M","R","BOSS","M","?","M","?","M","R","E","R","T","E","$","R","E","$","R","BOSS","R","$","E","BOSS"],"items_purchased_type":["Card","Relic","Card","Card","Card","Card","Relic","Potion","Potion","Potion"],"build_version":"2020-11-30","purchased_purges":0,"victory":false,"max_hp_per_floor":[75,75,75,75,75,75,75,77,77,79,79,79,79,81,81,81,81,83,83,83,85,85,87,87,89,89,89,91,93,93,93,93,93,93,95,95,97,97,99,99,115,115,115,117,117,117,119,129,129,129,129,129,129,129,129,129],"card_choices":[{"not_picked":["Iron Wave","Flex"],"picked":"Perfected Strike","floor":1.0},{"not_picked":["Wild Strike","Havoc"],"picked":"Perfected Strike","floor":3.0},{"not_picked":["Headbutt","Uppercut","Juggernaut"],"picked":"SKIP","floor":6.0},{"not_picked":["True Grit","Fire Breathing","Pummel"],"picked":"Singing Bowl","floor":8.0},{"not_picked":["Entrench","Armaments","Metallicize"],"picked":"Singing Bowl","floor":10.0},{"not_picked":["Headbutt","Clothesline"],"picked":"Perfected Strike","floor":11.0},{"not_picked":["Headbutt","Power Through","Cleave"],"picked":"Singing Bowl","floor":14.0},{"not_picked":["Bludgeon","Brutality"],"picked":"Demon Form","floor":16.0},{"not_picked":["Rupture","Cleave","Warcry"],"picked":"Singing Bowl","floor":18.0},{"not_picked":["Cleave","Pummel","Hemokinesis"],"picked":"Singing Bowl","floor":21.0},{"not_picked":["Carnage","Burning Pact"],"picked":"Pommel Strike+1","floor":22.0},{"not_picked":["Second Wind","Clothesline+1","Shrug It Off"],"picked":"Singing Bowl","floor":23.0},{"not_picked":["Burning Pact","Clothesline"],"picked":"Pommel Strike+1","floor":24.0},{"not_picked":["Iron Wave","Sever Soul","Warcry"],"picked":"Singing Bowl","floor":25.0},{"not_picked":["Warcry","Headbutt","Demon Form"],"picked":"Singing Bowl","floor":28.0},{"not_picked":["Rampage","Body Slam","Second Wind"],"picked":"Singing Bowl","floor":29.0},{"not_picked":["Feel No Pain","True Grit"],"picked":"Shrug It Off+1","floor":31.0},{"not_picked":["Juggernaut","Bludgeon"],"picked":"Impervious","floor":33.0},{"not_picked":["Sentinel","Twin Strike+1","Hemokinesis"],"picked":"Singing Bowl","floor":35},{"not_picked":["Fire Breathing+1","Blood for Blood+1","Anger"],"picked":"Singing Bowl","floor":37},{"not_picked":["Twin Strike","Combust","Metallicize"],"picked":"Singing Bowl","floor":39},{"not_picked":["Fiend Fire","Warcry","Headbutt+1"],"picked":"Singing Bowl","floor":41},{"not_picked":["Intimidate","Wild Strike","Entrench"],"picked":"Singing Bowl","floor":44},{"not_picked":["Havoc+1","Warcry","Armaments"],"picked":"Singing Bowl","floor":47},{"not_picked":["Shockwave+1","Clothesline"],"picked":"Pommel Strike+1","floor":54}],"player_experience":511085,"relics_obtained":[{"floor":6.0,"key":"Potion Belt"},{"floor":8.0,"key":"Singing Bowl"},{"floor":9.0,"key":"White Beast Statue"},{"floor":11.0,"key":"Odd Mushroom"},{"floor":14.0,"key":"Happy Flower"},{"floor":25.0,"key":"FossilizedHelix"},{"floor":29.0,"key":"Pantograph"},{"floor":41,"key":"Mango"},{"floor":43,"key":"Kunai"},{"floor":44,"key":"Oddly Smooth Stone"},{"floor":47,"key":"Bird Faced Urn"},{"floor":54,"key":"HornCleat"}],"event_choices":[{"damage_healed":0.0,"max_hp_gain":0.0,"max_hp_loss":0.0,"gold_gain":0.0,"event_name":"Living Wall","player_choice":"Grow","floor":2.0,"gold_loss":0.0,"damage_taken":0.0,"cards_upgraded":["Perfected Strike"]},{"damage_healed":0.0,"max_hp_gain":0.0,"max_hp_loss":0.0,"gold_gain":75.0,"event_name":"World of Goop","player_choice":"Gather Gold","floor":4.0,"gold_loss":0.0,"damage_taken":11.0},{"damage_healed":0.0,"max_hp_gain":0.0,"max_hp_loss":0.0,"gold_gain":0.0,"event_name":"Big Fish","player_choice":"Box","floor":5.0,"gold_loss":0.0,"damage_taken":0.0,"relics_obtained":["MawBank"],"cards_obtained":["Regret"]},{"cards_removed":["Regret"],"damage_healed":0.0,"max_hp_gain":0.0,"max_hp_loss":0.0,"gold_gain":0.0,"event_name":"Golden Wing","player_choice":"Card Removal","floor":7.0,"gold_loss":0.0,"damage_taken":7.0},{"damage_healed":0.0,"max_hp_gain":0.0,"max_hp_loss":0.0,"gold_gain":0.0,"event_name":"Mushrooms","player_choice":"Fought Mushrooms","floor":11.0,"gold_loss":0.0,"damage_taken":0.0},{"damage_healed":0.0,"max_hp_gain":0.0,"max_hp_loss":0.0,"gold_gain":0.0,"event_name":"N\u0027loth","player_choice":"Ignored","floor":20.0,"gold_loss":0.0,"damage_taken":0.0},{"cards_removed":["Twin Strike"],"damage_healed":0,"gold_gain":0,"player_choice":"Card Removal","damage_taken":0,"max_hp_gain":0,"max_hp_loss":0,"event_name":"Wheel of Change","floor":38,"gold_loss":0}],"is_beta":false,"boss_relics":[{"not_picked":["Velvet Choker","Black Star"],"picked":"SacredBark"},{"not_picked":["Black Blood","Pandora\u0027s Box"],"picked":"Runic Dome"}],"items_purged_floors":[],"is_endless":false,"potions_floor_spawned":[6,8,10,11,14,16,18,21,22,23,24,25,28,29,31,33,35,37,39,41,44,47,54],"killed_by":"The Heart","ascension_level":15}}