{"host":"7cfzm0fn42wwm7gf","time":1607793481,"event":{"mods":["Alarm Clock","BaseMod","Colored Powertips","Highlight Path","Minty Spire (QoL Compilation)","Quick Restart","Relic Stats","Waifu the Spire"],"gold_per_floor":[115,125,3,3,3,3,3],"floor_reached":6,"playtime":205,"items_purged":["Strike_G"],"score":58,"play_id":"427aaa43-1899-46c8-8fff-361b9c0ae48c","local_time":"20201213011801","is_ascension_mode":true,"campfire_choices":[],"circlet_count":0,"master_deck":["AscendersBane","Strike_G","Strike_G","Strike_G","Strike_G","Defend_G","Defend_G","Defend_G","Defend_G+1","Defend_G","Survivor","Neutralize+1","Sadistic Nature","Acrobatics","Deadly Poison","Backflip","Dagger Spray","Neutralize"],"relics":["Ring of the Snake"],"acts_visited":["Exordium"],"potions_floor_usage":[],"damage_taken":[{"damage":0.0,"enemies":"2 Louse","floor":1.0,"turns":3.0},{"damage":6.0,"enemies":"Jaw Worm","floor":2.0,"turns":6.0},{"damage":19,"enemies":"Gremlin Nob","floor":6,"turns":4}],"seed_played":"4940911830603668178","potions_obtained":[],"is_trial":false,"path_per_floor":["M","M","$","?","?","E"],"character_chosen":"THE_SILENT","items_purchased":["Backflip"],"campfire_rested":0,"item_purchase_floors":[3],"current_hp_per_floor":[44,38,38,25,25,6,6],"gold":3,"neow_bonus":"RANDOM_COLORLESS_2","is_daily":false,"chose_seed":false,"campfire_upgraded":0,"win_rate":0.0,"timestamp":1607793481,"path_taken":["M","M","$","?","?","E"],"items_purchased_type":["Card"],"build_version":"2020-11-30","purchased_purges":1,"victory":false,"max_hp_per_floor":[66,66,66,66,66,66,66],"relic_stats":{"counters":[3,13],"obtain_stats":[{"Ring of the Snake":0},{"Ring of the Snake":0},{"Ring of the Snake":0}],"Ring of the Snake":[6]},"card_choices":[{"not_picked":["The Bomb","Magnetism"],"picked":"Sadistic Nature","floor":0.0},{"not_picked":["PiercingWail","Underhanded Strike"],"picked":"Acrobatics","floor":1.0},{"not_picked":["Blade Dance","Setup"],"picked":"Deadly Poison","floor":2.0}],"player_experience":100657,"relics_obtained":[],"event_choices":[{"damage_healed":0.0,"max_hp_gain":0.0,"max_hp_loss":0.0,"gold_gain":0.0,"event_name":"Shining Light","player_choice":"Entered Light","floor":4.0,"gold_loss":0.0,"damage_taken":13.0,"cards_upgraded":["Neutralize","Defend_G"]},{"damage_healed":0,"gold_gain":0,"player_choice":"2 cards matched","damage_taken":0,"max_hp_gain":0,"max_hp_loss":0,"event_name":"Match and Keep!","floor":5,"gold_loss":0,"cards_obtained":["Dagger Spray","Neutralize"]}],"is_beta":false,"boss_relics":[],"items_purged_floors":[3],"is_endless":false,"potions_floor_spawned":[],"killed_by":"Gremlin Nob","ascension_level":14}}