{"host":"49c2zf0lajbcs427","time":1607747694,"event":{"mods":["AchievementEnabler","BaseMod","Colored Map","Colored Powertips","Highlight Path","Minty Spire (QoL Compilation)","Relic Stats","StSLib"],"gold_per_floor":[411,421,421,446,371,371,371,407,407,98,118,159,159,202,202,298,298,344,394,435,0,0,25,69,142,187,187,220,96,146,171,171],"floor_reached":31,"playtime":2505,"items_purged":["Strike_P","Strike_P","Defend_P"],"score":541,"play_id":"8c493b38-d956-4652-9e9c-1faefbdabbf4","local_time":"20201212173454","is_ascension_mode":true,"campfire_choices":[{"data":"Eruption","floor":6.0,"key":"SMITH"},{"floor":13.0,"key":"REST"},{"data":"SpiritShield","floor":15.0,"key":"SMITH"},{"data":"1","floor":27,"key":"LIFT"}],"circlet_count":0,"master_deck":["AscendersBane","Strike_P+1","Strike_P","Defend_P","Defend_P","Defend_P","Eruption+1","Vigilance+1","CurseOfTheBell","BowlingBash","CutThroughFate","SpiritShield+1","SandsOfTime","Master of Strategy","Wireheading","EmptyMind","Wish","WheelKick","FlurryOfBlows","TalkToTheHand","Apotheosis","Tantrum","InnerPeace","LessonLearned"],"relics":["Calling Bell","MealTicket","Question Card","Old Coin","Golden Idol","Ornamental Fan","InkBottle","Bag of Preparation","Regal Pillow","Bag of Marbles","Coffee Dripper","PreservedInsect","Girya","Smiling Mask","Matryoshka"],"acts_visited":["Exordium","TheCity"],"potions_floor_usage":[19,25,30],"damage_taken":[{"damage":0.0,"enemies":"Jaw Worm","floor":1.0,"turns":3.0},{"damage":0.0,"enemies":"Small Slimes","floor":2.0,"turns":2.0},{"damage":0.0,"enemies":"Cultist","floor":4.0,"turns":2.0},{"damage":22.0,"enemies":"Gremlin Nob","floor":8.0,"turns":5.0},{"damage":3.0,"enemies":"Lots of Slimes","floor":11.0,"turns":4.0},{"damage":25.0,"enemies":"Lagavulin","floor":12.0,"turns":6.0},{"damage":17.0,"enemies":"Gremlin Nob","floor":14.0,"turns":5.0},{"damage":30.0,"enemies":"The Guardian","floor":16.0,"turns":12.0},{"damage":3,"enemies":"3 Byrds","floor":18,"turns":6},{"damage":8,"enemies":"2 Thieves","floor":19,"turns":5},{"damage":1,"enemies":"Centurion and Healer","floor":20,"turns":5},{"damage":0,"enemies":"Snecko","floor":23,"turns":3},{"damage":10,"enemies":"3 Cultists","floor":24,"turns":6},{"damage":22,"enemies":"Slavers","floor":25,"turns":9},{"damage":18,"enemies":"Book of Stabbing","floor":28,"turns":5},{"damage":5,"enemies":"Centurion and Healer","floor":30,"turns":7},{"damage":35,"enemies":"Snake Plant","floor":31,"turns":3}],"seed_played":"8129157604511762221","potions_obtained":[{"floor":1.0,"key":"Dexterity Potion"},{"floor":11.0,"key":"Fire Potion"},{"floor":16.0,"key":"Strength Potion"},{"floor":19,"key":"SteroidPotion"},{"floor":30,"key":"Strength Potion"}],"is_trial":false,"path_per_floor":["M","M","?","M","$","R","?","E","T","$","M","E","R","E","R","B",null,"M","M","M","$","$","M","M","E","T","R","E","$","M","M"],"character_chosen":"WATCHER","items_purchased":["Bag of Preparation","Master of Strategy","PreservedInsect","Apotheosis","StancePotion"],"campfire_rested":1,"item_purchase_floors":[10,10,21,21,29],"current_hp_per_floor":[61,61,38,38,53,53,53,31,31,46,43,18,53,36,36,6,53,50,42,41,56,68,68,58,36,36,36,18,33,28,0,0],"gold":171,"neow_bonus":"BOSS_RELIC","is_daily":false,"chose_seed":false,"campfire_upgraded":2,"win_rate":0.0,"timestamp":1607747694,"path_taken":["M","M","?","M","$","R","?","E","T","$","?","E","R","E","R","BOSS","M","M","M","?","$","M","M","E","T","R","E","$","?","M"],"items_purchased_type":["Relic","Card","Relic","Card","Potion"],"build_version":"2020-11-30","purchased_purges":3,"victory":false,"max_hp_per_floor":[68,68,68,68,68,68,68,68,68,68,68,68,68,68,68,68,68,68,68,68,68,68,68,68,68,68,68,68,68,68,68,68],"relic_stats":{"Regal Pillow":15,"counters":[17,88],"Golden Idol":93,"Ornamental Fan":[96],"MealTicket":72,"PreservedInsect":84,"Bag of Preparation":[26],"Question Card":16,"Smiling Mask":75,"obtain_stats":[{"Girya":25,"Regal Pillow":12,"Golden Idol":3,"PreservedInsect":21,"Bag of Preparation":10,"Question Card":0,"Smiling Mask":26,"Old Coin":0,"Calling Bell":0,"Matryoshka":28,"Ornamental Fan":8,"MealTicket":0,"Bag of Marbles":14,"Coffee Dripper":17,"PureWater":0,"InkBottle":9},{"Girya":14,"Regal Pillow":6,"Golden Idol":2,"PreservedInsect":11,"Bag of Preparation":4,"Question Card":0,"Smiling Mask":14,"Old Coin":0,"Calling Bell":0,"Matryoshka":15,"Ornamental Fan":4,"MealTicket":0,"Bag of Marbles":7,"Coffee Dripper":8,"PureWater":0,"InkBottle":4},{"Girya":73,"Regal Pillow":22,"Golden Idol":5,"PreservedInsect":55,"Bag of Preparation":12,"Question Card":0,"Smiling Mask":73,"Old Coin":0,"Calling Bell":0,"Matryoshka":78,"Ornamental Fan":12,"MealTicket":0,"Bag of Marbles":27,"Coffee Dripper":39,"PureWater":0,"InkBottle":12}],"InkBottle":[22]},"card_choices":[{"not_picked":["JustLucky","FollowUp","Evaluate"],"picked":"BowlingBash","floor":1.0},{"not_picked":["Halt","Pray","WreathOfFlame"],"picked":"CutThroughFate","floor":2.0},{"not_picked":["Perseverance","EmptyMind","JustLucky"],"picked":"SpiritShield","floor":4.0},{"not_picked":["FollowUp","JustLucky","LikeWater"],"picked":"SandsOfTime","floor":8.0},{"not_picked":["Fasting2","CutThroughFate","LikeWater"],"picked":"Wireheading","floor":11.0},{"not_picked":["JustLucky","Wireheading","EmptyBody"],"picked":"EmptyMind","floor":12.0},{"not_picked":["Study","ForeignInfluence","CutThroughFate","Consecrate"],"picked":"SKIP","floor":14.0},{"not_picked":["Omniscience","Judgement","LessonLearned"],"picked":"Wish","floor":16.0},{"not_picked":["EmptyFist","WaveOfTheHand","FlyingSleeves"],"picked":"WheelKick","floor":18},{"not_picked":["Protect","CrushJoints","Study"],"picked":"FlurryOfBlows","floor":19},{"not_picked":["Conclude","FlyingSleeves","Crescendo"],"picked":"TalkToTheHand","floor":20},{"not_picked":["Prostrate","Pray","Brilliance"],"picked":"Tantrum","floor":23},{"not_picked":["EmptyFist","Evaluate","Weave+1","Prostrate"],"picked":"SKIP","floor":24},{"not_picked":["Prostrate","DeceiveReality+1","Crescendo"],"picked":"InnerPeace","floor":25},{"not_picked":["ForeignInfluence+1","Weave","Tantrum"],"picked":"LessonLearned","floor":28},{"not_picked":["ClearTheMind+1","CutThroughFate","WheelKick","FollowUp"],"picked":"SKIP","floor":30}],"player_experience":2071798,"relics_obtained":[{"floor":0.0,"key":"MealTicket"},{"floor":0.0,"key":"Question Card"},{"floor":0.0,"key":"Old Coin"},{"floor":8.0,"key":"Ornamental Fan"},{"floor":9.0,"key":"InkBottle"},{"floor":12.0,"key":"Regal Pillow"},{"floor":14.0,"key":"Bag of Marbles"},{"floor":25,"key":"Girya"},{"floor":26,"key":"Smiling Mask"},{"floor":28,"key":"Matryoshka"}],"event_choices":[{"damage_healed":0.0,"max_hp_gain":0.0,"max_hp_loss":0.0,"gold_gain":0.0,"event_name":"Golden Idol","player_choice":"Take Damage","floor":3.0,"gold_loss":0.0,"damage_taken":23.0,"relics_obtained":["Golden Idol"]},{"damage_healed":0.0,"max_hp_gain":0.0,"max_hp_loss":0.0,"gold_gain":0.0,"event_name":"Upgrade Shrine","player_choice":"Upgraded","floor":7.0,"gold_loss":0.0,"damage_taken":0.0,"cards_upgraded":["Vigilance"]}],"is_beta":false,"boss_relics":[{"not_picked":["Astrolabe","Runic Pyramid"],"picked":"Coffee Dripper"}],"items_purged_floors":[5,21,29],"is_endless":false,"potions_floor_spawned":[1,11,16,19,30],"killed_by":"Snake Plant","ascension_level":15}}