{"host":"uwh382mre4waz4ff","time":1607762368,"event":{"mods":["AchievementEnabler","BaseMod","Better Note","Better Third Choice","BetterRewards","Highlight Path","HololiveMod","Minty Spire (QoL Compilation)","StSLib"],"gold_per_floor":[79,79,91,110,124,163,163,201,201,233,12,12,50,60,60,175,175,193,193,213,231,91,118,143,173,224,254,282,197,197,214,214,351,351,367,378,406,433,230,266,281,281,308,85,113,113,141,159,159,165,165,165,129,157,157],"floor_reached":56,"playtime":3611,"items_purged":["Hololive_Defend","Regret","Hololive_Breathe"],"score":2347,"play_id":"397b455b-1d57-4177-aeb8-56b61f770e1c","local_time":"20201212163928","is_ascension_mode":true,"campfire_choices":[{"data":"Hololive_CallUsadaPekora","floor":7,"key":"SMITH"},{"data":"Hololive_CallShiroganeNoel","floor":15,"key":"SMITH"},{"data":"Hololive_Rebirth","floor":32,"key":"SMITH"},{"floor":46,"key":"RECALL"},{"floor":49,"key":"REST"},{"floor":52,"key":"REST"}],"circlet_count":0,"master_deck":["Hololive_CallMinatoAqua","Hololive_CallUsadaPekora+1","Hololive_CallMurasakiShion","Hololive_CallShiranuiFlare","Hololive_CallSpadeEcho","Hololive_CallHimemoriLuna","Hololive_CallDoris","Hololive_CallOkamiMio","Hololive_CallShiroganeNoel+1","Hololive_CallTsunomakiWatame","Hololive_CallUruhaRushia","Hololive_CallMoonaHoshinova","Hololive_StarCraft","Hololive_CallShishiroBotan+1","Hololive_CallAZKi+1","Hololive_CallNakiriAyame+1","Hololive_CallAyundaRisu+1","Hololive_CallTokoyamiTowa+1","Hololive_CallMomosuzuNene+16","Hololive_CallUsadaPekora+1","Hololive_CallAiraniIofifteen+1","Hololive_CallCivia+1","Hololive_CallShirakamiFubuki+1","Hololive_CocoNews","Hololive_Nanodesu+1","Hololive_MaximGun","Hololive_CocoNews+1","Hololive_CallRoboco+1","Hololive_CocoNews","Hololive_CallArtia+1","Hololive_Rebirth+1","Hololive_CallYuzukiChoco+1","Hololive_CallHoshimachiSuisei+1","Hololive_CallManoAloe+1","Hololive_CallYukihanaLamy+1","Hololive_OvertimeWork+1","Hololive_CallTokinoSora+1","Hololive_CocoNews+1","Hololive_CallOzoraSubaru+1","Hololive_CallAkaiHaato+1","Hololive_CallUruhaRushia+1"],"relics":["Hololive_TheStar","Lantern","Ice Cream","Thread and Needle","Ginger","Vajra","Pen Nib","Frozen Egg 2","Sozu","HornCleat","Smiling Mask","Matryoshka","Gambling Chip","Hololive_Finger","DollysMirror","Letter Opener","Dream Catcher","Boot","Whetstone","Hololive_FriedShrimpLion","Pear","Bronze Scales"],"acts_visited":["Exordium","TheCity","TheBeyond","TheEnding"],"potions_floor_usage":[],"damage_taken":[{"damage":0,"enemies":"Small Slimes","floor":1,"turns":3},{"damage":0,"enemies":"2 Louse","floor":3,"turns":3},{"damage":0,"enemies":"Jaw Worm","floor":4,"turns":2},{"damage":0,"enemies":"Red Slaver","floor":5,"turns":3},{"damage":0,"enemies":"Gremlin Nob","floor":6,"turns":4},{"damage":0,"enemies":"3 Sentries","floor":8,"turns":5},{"damage":0,"enemies":"Lagavulin","floor":10,"turns":4},{"damage":0,"enemies":"3 Sentries","floor":13,"turns":4},{"damage":0,"enemies":"Exordium Wildlife","floor":14,"turns":3},{"damage":0,"enemies":"The Guardian","floor":16,"turns":5},{"damage":0,"enemies":"3 Byrds","floor":18,"turns":4},{"damage":0,"enemies":"Chosen","floor":20,"turns":3},{"damage":0,"enemies":"Snecko","floor":21,"turns":3},{"damage":0,"enemies":"Book of Stabbing","floor":23,"turns":4},{"damage":0,"enemies":"Snake Plant","floor":24,"turns":3},{"damage":0,"enemies":"Slavers","floor":25,"turns":5},{"damage":0,"enemies":"Book of Stabbing","floor":27,"turns":4},{"damage":0,"enemies":"Cultist and Chosen","floor":28,"turns":5},{"damage":0,"enemies":"Snecko","floor":31,"turns":3},{"damage":0,"enemies":"Collector","floor":33,"turns":8},{"damage":0,"enemies":"Orb Walker","floor":35,"turns":2},{"damage":0,"enemies":"3 Shapes","floor":36,"turns":3},{"damage":0,"enemies":"3 Darklings","floor":37,"turns":6},{"damage":0,"enemies":"Jaw Worm Horde","floor":38,"turns":2},{"damage":0,"enemies":"Reptomancer","floor":40,"turns":6},{"damage":0,"enemies":"4 Shapes","floor":41,"turns":3},{"damage":0,"enemies":"Giant Head","floor":45,"turns":5},{"damage":0,"enemies":"Reptomancer","floor":47,"turns":5},{"damage":0,"enemies":"Sphere and 2 Shapes","floor":48,"turns":3},{"damage":0,"enemies":"Awakened One","floor":50,"turns":9},{"damage":0,"enemies":"Shield and Spear","floor":54,"turns":3},{"damage":0,"enemies":"The Heart","floor":55,"turns":8}],"seed_played":"5577531654106803548","potions_obtained":[{"floor":1,"key":"PowerPotion"},{"floor":6,"key":"DuplicationPotion"},{"floor":8,"key":"AttackPotion"}],"is_trial":false,"path_per_floor":["M","?","M","M","M","E","R","E","T","E","$","?","E","M","R","B",null,"M","?","M","M","$","E","M","E","T","E","M","?","?","M","R","B",null,"M","M","M","M","$","E","M","?","T","$","E","R","E","M","R","B",null,"R","$","E","B",null],"character_chosen":"Hololive_HololiveCharacter","items_purchased":["Vajra","Hololive_CallMomosuzuNene+1","DollysMirror","Hololive_CallManoAloe+1","Whetstone","Hololive_CallAkaiHaato+1"],"campfire_rested":2,"item_purchase_floors":[11,22,39,44,44,53],"current_hp_per_floor":[32,32,32,32,32,32,32,32,32,32,32,32,32,32,32,32,34,34,34,34,34,34,34,34,34,34,37,40,40,40,43,43,46,47,50,53,56,59,59,62,65,75,75,75,78,78,88,91,91,91,91,91,91,91,91],"gold":157,"neow_bonus":"TRANSFORM_CARD","is_daily":false,"chose_seed":false,"campfire_upgraded":3,"win_rate":0.0,"timestamp":1607762368,"path_taken":["M","?","M","M","M","E","R","E","T","E","$","?","E","M","R","BOSS","M","?","M","M","$","E","M","E","T","E","M","?","?","M","R","BOSS","M","M","M","M","$","E","M","?","T","$","E","R","E","M","R","BOSS","R","$","E","BOSS"],"items_purchased_type":["Relic","Card","Relic","Card","Relic","Card"],"build_version":"2020-11-30","purchased_purges":3,"victory":true,"max_hp_per_floor":[35,35,35,35,35,35,35,35,35,35,35,35,35,35,35,35,35,35,35,35,35,35,35,35,35,35,38,41,41,41,44,44,47,47,50,53,56,59,59,62,65,75,75,75,78,78,88,91,91,91,91,91,91,91,91],"card_choices":[{"not_picked":["Hololive_CallTokoyamiTowa","Hololive_CandyCastle","Hololive_Psychosis"],"picked":"Hololive_CallDoris","floor":1},{"not_picked":["Hololive_Trident","Hololive_HuntDinosaur","Hololive_ILoveYou"],"picked":"Hololive_CallOkamiMio","floor":3},{"not_picked":["Hololive_Breathe","Hololive_StrengthChampion","Hololive_CallOkamiMio"],"picked":"Hololive_CallShiroganeNoel","floor":4},{"not_picked":["Hololive_CocoNews","Hololive_Sequa","Hololive_Trident"],"picked":"Hololive_CallTsunomakiWatame","floor":5},{"not_picked":["Hololive_CallDoris","Hololive_CallCivia","Hololive_MaximGun"],"picked":"Hololive_CallUruhaRushia","floor":6},{"not_picked":["Hololive_HuntDinosaur","Hololive_CallManoAloe","Hololive_CocoNews"],"picked":"Hololive_CallMoonaHoshinova","floor":8},{"not_picked":["Hololive_Breathe","Hololive_LuckPotion","Hololive_OvertimeWork"],"picked":"Hololive_StarCraft","floor":10},{"not_picked":["Hololive_CallShiroganeNoel+1","Hololive_CallOkamiMio+1","Hololive_IdolExercise"],"picked":"Hololive_CallShishiroBotan+1","floor":13},{"not_picked":["Hololive_Rebound","Hololive_LuckPotion","Hololive_CocoNews"],"picked":"Hololive_CallAZKi+1","floor":14},{"not_picked":["Hololive_ASMR","Hololive_HighAtkLowDef","Hololive_DurableLive"],"picked":"Hololive_Rebirth","floor":16},{"not_picked":["Hololive_RevenueBasedLive+1","Hololive_Yoholoon","Hololive_CallOzoraSubaru+1"],"picked":"Hololive_CallNakiriAyame+1","floor":18},{"not_picked":["Hololive_CallUruhaRushia+1","Hololive_CallNakiriAyame+1","Hololive_Watashimo"],"picked":"Hololive_CallAyundaRisu+1","floor":20},{"not_picked":["Hololive_Drill","Hololive_ILoveYou","Hololive_Watashimo"],"picked":"Hololive_CallTokoyamiTowa+1","floor":21},{"not_picked":["Hololive_Breathe","Hololive_OvertimeWork","Hololive_SoulCatcher"],"picked":"Hololive_CallUsadaPekora+1","floor":23},{"not_picked":["Hololive_CallHimemoriLuna+1","Hololive_LuckPotion","Hololive_StrengthChampion"],"picked":"Hololive_CallAiraniIofifteen+1","floor":24},{"not_picked":["Hololive_StarCraft","Hololive_Rebound","Hololive_StrengthChampion"],"picked":"Hololive_CallCivia+1","floor":25},{"not_picked":["Hololive_CocoNews+1","Hololive_StrengthChampion","Hololive_RevenueBasedLive"],"picked":"Hololive_CallShirakamiFubuki+1","floor":27},{"not_picked":["Hololive_Sequa","Hololive_Rebound+1","Hololive_StrengthChampion"],"picked":"Hololive_CocoNews","floor":28},{"not_picked":["Hololive_HuntDinosaur","Hololive_Breathe+1","Hololive_Rebound"],"picked":"Hololive_Nanodesu","floor":31},{"not_picked":["Hololive_DurableLive","Hololive_DDD","Hololive_DiamondStrike"],"picked":"Hololive_MaximGun","floor":33},{"not_picked":["Hololive_Psychosis+1","Hololive_CandyCastle","Hololive_CallMomosuzuNene+1"],"picked":"Hololive_CocoNews","floor":35},{"not_picked":["Hololive_StrengthChampion+1","Hololive_RevenueBasedLive+1","Hololive_CallShiranuiFlare+1"],"picked":"Hololive_CallRoboco+1","floor":36},{"not_picked":["Hololive_FlyingPonyTail+1","Hololive_ILoveYou+1","Hololive_Drill+1"],"picked":"Hololive_CocoNews","floor":37},{"not_picked":["Hololive_CallCivia+1","Hololive_Drill","Hololive_Rebound+1"],"picked":"Hololive_CallArtia+1","floor":38},{"not_picked":["Hololive_Breathe+1","Hololive_Trident+1","Hololive_ASMR"],"picked":"Hololive_CallYuzukiChoco+1","floor":40},{"not_picked":["Hololive_FlyingPonyTail","Hololive_OvertimeWork+1","Hololive_StrengthChampion"],"picked":"Hololive_CallHoshimachiSuisei+1","floor":41},{"not_picked":["Hololive_CallShirakamiFubuki+1","Hololive_CallUruhaRushia+1","Hololive_FlyingPonyTail"],"picked":"Hololive_CallYukihanaLamy+1","floor":45},{"not_picked":["Hololive_DiamondStrike","Hololive_Sequa+1","Hololive_CallYuzukiChoco+1"],"picked":"Hololive_OvertimeWork+1","floor":47},{"not_picked":["Hololive_CallMoonaHoshinova+1","Hololive_CallYukihanaLamy+1","Hololive_Sequa+1"],"picked":"Hololive_CallTokinoSora+1","floor":48},{"not_picked":["Hololive_Sequa","Hololive_Psychosis","Hololive_CallAZKi+1"],"picked":"Hololive_CocoNews+1","floor":49},{"not_picked":["Hololive_OvertimeWork+1","Hololive_CallYuzukiChoco+1","Hololive_CallAiraniIofifteen+1"],"picked":"Hololive_CallOzoraSubaru+1","floor":52},{"not_picked":["Hololive_BeCareful","Hololive_DiamondStrike","Hololive_CallHoshimachiSuisei+1"],"picked":"Hololive_CallUruhaRushia+1","floor":54}],"player_experience":101322,"relics_obtained":[{"floor":6,"key":"Lantern"},{"floor":8,"key":"Ice Cream"},{"floor":9,"key":"Thread and Needle"},{"floor":10,"key":"Ginger"},{"floor":13,"key":"Frozen Egg 2"},{"floor":23,"key":"HornCleat"},{"floor":25,"key":"Smiling Mask"},{"floor":27,"key":"Matryoshka"},{"floor":40,"key":"Letter Opener"},{"floor":43,"key":"Dream Catcher"},{"floor":43,"key":"Boot"},{"floor":45,"key":"Hololive_FriedShrimpLion"},{"floor":47,"key":"Pear"},{"floor":54,"key":"Bronze Scales"}],"event_choices":[{"cards_removed":["Hololive_Strike"],"damage_healed":0,"gold_gain":0,"player_choice":"Forget","damage_taken":0,"max_hp_gain":0,"max_hp_loss":0,"event_name":"Living Wall","floor":2,"gold_loss":0},{"damage_healed":0,"gold_gain":0,"player_choice":"Box","damage_taken":0,"relics_obtained":["Pen Nib"],"max_hp_gain":0,"max_hp_loss":0,"event_name":"Big Fish","floor":12,"gold_loss":0,"cards_obtained":["Regret"]},{"damage_healed":0,"gold_gain":0,"player_choice":"Ignored","damage_taken":0,"max_hp_gain":0,"max_hp_loss":0,"event_name":"Vampires","floor":19,"gold_loss":0},{"damage_healed":0,"gold_gain":0,"player_choice":"Obtained Relic","damage_taken":0,"relics_obtained":["Gambling Chip"],"max_hp_gain":0,"max_hp_loss":0,"event_name":"Addict","floor":29,"gold_loss":85},{"cards_removed":["Hololive_Defend"],"damage_healed":0,"gold_gain":0,"player_choice":"Elegance","damage_taken":0,"max_hp_gain":0,"max_hp_loss":0,"event_name":"betterThird:BetterWriting","floor":30,"gold_loss":0},{"cards_removed":["Hololive_Rebirth"],"damage_healed":0,"gold_gain":0,"player_choice":"Offered Rare","damage_taken":0,"max_hp_gain":10,"max_hp_loss":0,"event_name":"Bonfire Elementals","floor":42,"gold_loss":0}],"is_beta":false,"boss_relics":[{"not_picked":["Hololive_ChaosS","Fusion Hammer"],"picked":"Sozu"},{"not_picked":["Black Star","Velvet Choker"],"picked":"Hololive_Finger"}],"items_purged_floors":[11,22,39],"is_endless":false,"potions_floor_spawned":[1,6,8,13,16,23,24,25,31,35,36,45,47,48],"ascension_level":7}}