{"host":"ow9msrs9p2ctkx99","time":1607814038,"event":{"mods":["AchievementEnabler","BaseMod","Colored Map","Colored Powertips","Minty Spire (QoL Compilation)","Permanent Neow","Quick Restart","SuperFastMode"],"gold_per_floor":[109,109,184,109,109,109,143,161,161,174,174,186,214,234,234,234,234],"floor_reached":16,"playtime":289,"items_purged":[],"score":193,"play_id":"d21e798e-fe63-4e47-b51f-88a90a5d3f4d","local_time":"20201213000038","is_ascension_mode":true,"campfire_choices":[{"data":"Neutralize","floor":6.0,"key":"SMITH"},{"floor":11.0,"key":"REST"},{"floor":15.0,"key":"REST"}],"circlet_count":0,"master_deck":["AscendersBane","Strike_G","Strike_G","Strike_G","Defend_G","Defend_G","Defend_G","Defend_G","Defend_G","Survivor","Neutralize+1","Deadly Poison","Deadly Poison","Bane","Noxious Fumes","Crippling Poison","Dagger Spray"],"relics":["Ring of the Snake","Lantern","Snake Skull","HornCleat","Tiny Chest"],"acts_visited":["Exordium"],"potions_floor_usage":[],"damage_taken":[{"damage":2.0,"enemies":"2 Louse","floor":1.0,"turns":3.0},{"damage":24.0,"enemies":"3 Sentries","floor":7.0,"turns":14.0},{"damage":0.0,"enemies":"Small Slimes","floor":8.0,"turns":3.0},{"damage":0.0,"enemies":"Jaw Worm","floor":10.0,"turns":3.0},{"damage":0.0,"enemies":"Blue Slaver","floor":12.0,"turns":4.0},{"damage":16.0,"enemies":"Lagavulin","floor":13.0,"turns":6.0},{"damage":4.0,"enemies":"Gremlin Gang","floor":14.0,"turns":3.0},{"damage":49,"enemies":"Slime Boss","floor":16,"turns":5}],"seed_played":"5830863143504049388","potions_obtained":[{"floor":8.0,"key":"LiquidBronze"},{"floor":13.0,"key":"CultistPotion"}],"is_trial":false,"path_per_floor":["M","$","?","?","?","R","E","M","T","M","R","M","E","M","R","B"],"character_chosen":"THE_SILENT","items_purchased":[],"campfire_rested":2,"item_purchase_floors":[],"current_hp_per_floor":[57,57,46,46,39,39,15,15,15,15,34,34,18,14,33,0,0],"gold":234,"neow_bonus":"RANDOM_COMMON_RELIC","is_daily":false,"chose_seed":false,"campfire_upgraded":1,"win_rate":0.0,"timestamp":1607814038,"path_taken":["M","$","?","?","?","R","E","M","T","M","R","M","E","M","R","BOSS"],"items_purchased_type":[],"build_version":"2020-11-30","purchased_purges":0,"victory":false,"max_hp_per_floor":[66,66,66,66,66,66,66,66,66,66,66,66,66,66,66,66,66],"card_choices":[{"not_picked":["Predator","Underhanded Strike"],"picked":"Deadly Poison","floor":1.0},{"not_picked":["Quick Slash","Cloak And Dagger"],"picked":"Deadly Poison","floor":7.0},{"not_picked":["Riddle With Holes","Concentrate","Deflect"],"picked":"SKIP","floor":8.0},{"not_picked":["Deadly Poison","Acrobatics"],"picked":"Bane","floor":10.0},{"not_picked":["Eviscerate","Cloak And Dagger"],"picked":"Noxious Fumes","floor":12.0},{"not_picked":["Outmaneuver","Expertise"],"picked":"Crippling Poison","floor":13.0},{"not_picked":["Concentrate","Infinite Blades"],"picked":"Dagger Spray","floor":14.0}],"player_experience":968253,"relics_obtained":[{"floor":7.0,"key":"Snake Skull"},{"floor":9.0,"key":"HornCleat"},{"floor":13.0,"key":"Tiny Chest"}],"event_choices":[{"damage_healed":0.0,"max_hp_gain":0.0,"max_hp_loss":0.0,"gold_gain":75.0,"event_name":"World of Goop","player_choice":"Gather Gold","floor":3.0,"gold_loss":0.0,"damage_taken":11.0},{"cards_removed":["Strike_G"],"damage_healed":0.0,"max_hp_gain":0.0,"max_hp_loss":0.0,"gold_gain":0.0,"event_name":"The Cleric","player_choice":"Card Removal","floor":4.0,"gold_loss":75.0,"damage_taken":0.0},{"cards_removed":["Strike_G"],"damage_healed":0.0,"max_hp_gain":0.0,"max_hp_loss":0.0,"gold_gain":0.0,"event_name":"Golden Wing","player_choice":"Card Removal","floor":5.0,"gold_loss":0.0,"damage_taken":7.0}],"is_beta":false,"boss_relics":[],"items_purged_floors":[],"is_endless":false,"potions_floor_spawned":[8,13],"killed_by":"Slime Boss","ascension_level":15}}