{"host":"v98566chcnixoavo","time":1607816156,"event":{"mods":["BaseMod","Decade(王小明)","DeckTracker","FGO Abigail","Friendly Minions","Highlight Path","Kiyohime（清姬）","Luminous","Marisa（F雨　魔理沙）","Minty Spire (QoL Compilation)","Prisma Mod","Railgun Mod","Reimu（博丽灵梦）","StSLib","Td1madao Mod","The Alterego","UnlockEverythingMod","WarShipGirlsR/战舰少女R mod","Youmu（魂魄妖梦）","【东方二次创作】八云紫mod","【功能Mod】Neow奖励","【功能Mod】混沌之环修复补丁","【功能Mod】聪明的最终Boss"],"gold_per_floor":[114,114,114,128,142,175,19,19,42,54,68,82,97,128,128,128,128],"floor_reached":16,"playtime":981,"items_purged":[],"score":114,"play_id":"fcb49032-ff9e-4bce-895c-2bfc7b98acb6","local_time":"20201213073556","is_ascension_mode":false,"campfire_choices":[{"data":"alterego_mod:PainIsPleasure","floor":15.0,"key":"SMITH"}],"circlet_count":0,"master_deck":["alterego_mod:Strike","alterego_mod:Strike","alterego_mod:Strike","alterego_mod:Defend","alterego_mod:Defend","alterego_mod:Defend+1","alterego_mod:Impale","alterego_mod:BigMeatyClaws","alterego_mod:BrynhildrsRune","alterego_mod:Schoolgirl+1","alterego_mod:Bunnysuit","alterego_mod:Swimsuit","alterego_mod:1TonWallop","alterego_mod:SakuraFive","alterego_mod:Schoolgirl","alterego_mod:1TonWallop","alterego_mod:Cooking","alterego_mod:Rip","alterego_mod:Bounce","alterego_mod:Clones","alterego_mod:Schoolgirl","alterego_mod:PainIsPleasure+1","alterego_mod:Birthday"],"relics":["alterego_mod:MasochisticConstitution","Centennial Puzzle","War Paint","Bag of Marbles"],"acts_visited":["Exordium"],"potions_floor_usage":[16],"damage_taken":[{"damage":10.0,"enemies":"Small Slimes","floor":1.0,"turns":6.0},{"damage":4.0,"enemies":"2 Louse","floor":4.0,"turns":1.0},{"damage":10.0,"enemies":"Cultist","floor":5.0,"turns":3.0},{"damage":42.0,"enemies":"3 Sentries","floor":6.0,"turns":5.0},{"damage":2.0,"enemies":"Blue Slaver","floor":10.0,"turns":3.0},{"damage":14.0,"enemies":"Large Slime","floor":11.0,"turns":6.0},{"damage":18.0,"enemies":"Gremlin Gang","floor":12.0,"turns":5.0},{"damage":4.0,"enemies":"Lots of Slimes","floor":13.0,"turns":1.0},{"damage":28.0,"enemies":"Lagavulin","floor":14.0,"turns":5.0},{"damage":0,"enemies":"The Guardian","floor":16,"turns":3}],"seed_played":"-3579316543299312609","potions_obtained":[{"floor":1.0,"key":"BlessingOfTheForge"},{"floor":5.0,"key":"AttackPotion"},{"floor":10.0,"key":"SpeedPotion"},{"floor":12.0,"key":"Explosive Potion"},{"floor":14.0,"key":"DistilledChaos"}],"is_trial":false,"path_per_floor":["M","?","?","M","M","E","$","?","T","M","M","M","M","E","R","B"],"character_chosen":"The_Alterego","items_purchased":["War Paint"],"campfire_rested":0,"item_purchase_floors":[7],"current_hp_per_floor":[68,68,68,65,56,32,32,37,37,39,43,29,26,2,2,2,2],"gold":128,"neow_bonus":"TRANSFORM_CARD","is_daily":false,"chose_seed":false,"campfire_upgraded":1,"win_rate":0.0,"timestamp":1607816156,"path_taken":["M","?","?","M","M","E","$","?","T","M","M","?","M","E","R","BOSS"],"items_purchased_type":["Relic"],"build_version":"2020-11-30","purchased_purges":0,"victory":false,"max_hp_per_floor":[71,71,71,72,73,74,74,74,74,75,76,77,78,79,79,79,79],"card_choices":[{"not_picked":["alterego_mod:Cycle","alterego_mod:HighServant"],"picked":"alterego_mod:Skirt","floor":1.0},{"not_picked":["alterego_mod:Santa","alterego_mod:Table"],"picked":"alterego_mod:Cooking","floor":4.0},{"not_picked":["alterego_mod:1TonWallop","alterego_mod:GoddessCore"],"picked":"alterego_mod:Rip","floor":5.0},{"not_picked":["alterego_mod:Stockings","alterego_mod:DiscoLights"],"picked":"alterego_mod:Bounce","floor":6.0},{"not_picked":["alterego_mod:Jiggle","alterego_mod:BoobPocket"],"picked":"alterego_mod:Clones","floor":10.0},{"not_picked":["alterego_mod:RocketPunch","alterego_mod:Skirt"],"picked":"alterego_mod:Schoolgirl","floor":11.0},{"not_picked":["alterego_mod:Mirror","alterego_mod:Jiggle"],"picked":"alterego_mod:PainIsPleasure","floor":12.0},{"not_picked":["alterego_mod:Belts","alterego_mod:HighServant","alterego_mod:GachaTicket"],"picked":"SKIP","floor":13.0},{"not_picked":["alterego_mod:1TonWallop","alterego_mod:Bunnysuit"],"picked":"alterego_mod:Birthday","floor":14.0}],"player_experience":205424,"relics_obtained":[{"floor":6.0,"key":"Centennial Puzzle"},{"floor":14.0,"key":"Bag of Marbles"}],"event_choices":[{"damage_healed":0.0,"max_hp_gain":0.0,"max_hp_loss":0.0,"gold_gain":0.0,"cards_transformed":["alterego_mod:Strike"],"event_name":"Living Wall","player_choice":"Change","floor":2.0,"gold_loss":0.0,"damage_taken":0.0,"cards_obtained":["alterego_mod:Bunnysuit"]},{"cards_removed":["alterego_mod:Skirt"],"damage_healed":5.0,"max_hp_gain":0.0,"max_hp_loss":0.0,"gold_gain":0.0,"event_name":"Bonfire Elementals","player_choice":"Offered Common","floor":8.0,"gold_loss":0.0,"damage_taken":0.0},{"cards_removed":["alterego_mod:Skirt"],"damage_healed":5.0,"max_hp_gain":0.0,"max_hp_loss":0.0,"gold_gain":0.0,"event_name":"Bonfire Elementals","player_choice":"Offered Special","floor":8.0,"gold_loss":0.0,"damage_taken":0.0}],"is_beta":false,"boss_relics":[],"items_purged_floors":[],"is_endless":false,"potions_floor_spawned":[1,5,10,12,14],"killed_by":"The Guardian","ascension_level":0}}