{"host":"kv06jx36eid0zw4n","time":1607780681,"event":{"mods":["AchievementEnabler","Act Like it!","Aspiration","BaseMod","Beaked The Cultist","Better Note","Better Skull","Better Third Choice","BetterRewards","Block Reminder","CCEM","Colored Map","Conspire","Curses Come First","Dota2Spire","Elementarium","Energized Spire","Friendly Minions","Gensokyo","GifTheSpireLib","Glutton Mod","GungeonMod","Halation","Hallownest","Hermit","Hubris","Infinite Spire","Key Reminder","KomeijiMod","Lobotomy","LobotomyExtend","Mimic Mod","Minty Spire (QoL Compilation)","MostiFishMod","Pale of the Ancients","Prisma Mod","Quarter Circle Forward PUNCH!","Rare Cards Sparkle","Replay The Spire","RumiaBox-????????","Small Relic Pack","Spicy Shops","StSLib","Stuff the Spire","The Blue Laboratory","The Cursed","The Judge","TheBandit","Trackpad","Uncapped","Wandering Minibosses","[IsaacMod]????","vexMod"],"gold_per_floor":[109,8,28,41,51,67,67,67,84,48,48,48],"floor_reached":6,"playtime":697,"items_purged":[],"score":67,"play_id":"2f793b91-de82-4a57-a077-5ca556051a33","local_time":"20201212144441","is_ascension_mode":true,"campfire_choices":[],"circlet_count":0,"master_deck":["AscendersBane","Strike_G","Strike_G","Strike_G","Strike_G","Defend_G","Defend_G","Defend_G","Defend_G","Defend_G","Survivor","Neutralize","infinitespire:Neurotoxin","Noxious Fumes","Quick Slash","PiercingWail","Atom Bomb","Deadly Poison","StuffTheSpire:ClusterCrunch","Caltrops","Poisoned Stab","Poisoned Stab"],"relics":["Ring of the Snake","DaveBox","HushsDoor","xbg","TheBean","aspiration:Nostalgia","Burning Blood","Question Card","Gaze_r","DemoMod:GlassGuonStoneRelic","Question Card","LetterFromLob"],"acts_visited":["Hallownest:Greenpath"],"potions_floor_usage":[4,5],"damage_taken":[{"damage":0,"enemies":"Hallownest:monsterHuskGuard","floor":1,"turns":1},{"damage":0,"enemies":"Hallownest:2_Tiktiks_and_1_Crawlid","floor":3,"turns":2},{"damage":0,"enemies":"Hallownest:2_Baldur","floor":4,"turns":3},{"damage":0,"enemies":"Hallownest:monsterFoolEater","floor":5,"turns":1},{"damage":5,"enemies":"Hallownest:eliteVengeflyKing","floor":6,"turns":4},{"damage":0,"enemies":"2 Louse","floor":1,"turns":2},{"damage":0,"enemies":"Cultist","floor":4,"turns":2},{"damage":11,"enemies":"Lagavulin","floor":6,"turns":2}],"seed_played":"-3895062300848187907","potions_obtained":[{"floor":3,"key":"blueLaboratory:BubblePotion"},{"floor":4,"key":"blueLaboratory:BottleOfVodka"}],"is_trial":false,"path_per_floor":["M","$","M","M","M","E","M","?","?","M","$","E"],"character_chosen":"THE_SILENT","items_purchased":["Noxious Fumes","Quick Slash","Poisoned Stab"],"campfire_rested":0,"item_purchase_floors":[2,2,5],"current_hp_per_floor":[69,69,70,70,70,1,1,1,1,1,0,0],"gold":48,"neow_bonus":"NOSTALGIA","is_daily":false,"chose_seed":false,"campfire_upgraded":0,"win_rate":0.0,"timestamp":1607780681,"path_taken":["M","$","M","?","M","E","M","?","?","?","$","E"],"items_purchased_type":["Card","Card","Card"],"build_version":"2020-11-30","purchased_purges":0,"victory":false,"max_hp_per_floor":[70,70,70,70,70,1,1,1,1,1,1,1],"card_choices":[{"not_picked":[],"picked":"ChaosCard","floor":0},{"not_picked":["hubris:Sniper","Cloak And Dagger"],"picked":"infinitespire:Neurotoxin","floor":1},{"not_picked":["Quick Slash","Poisoned Stab","Underhanded Strike"],"picked":"PiercingWail","floor":3},{"not_picked":["conspire:DoublingDagger","hubris:Sniper","Accuracy"],"picked":"Atom Bomb","floor":4},{"not_picked":["Distraction","Dodge and Roll","StuffTheSpire:Fury"],"picked":"Deadly Poison","floor":5},{"not_picked":["Sneak Up","Quick Slash","Eviscerate"],"picked":"StuffTheSpire:ClusterCrunch","floor":1},{"not_picked":["MostiFishMod:FrostNova","conspire:DoublingDagger","Poisoned Stab","Backflip"],"picked":"Caltrops","floor":4}],"player_experience":1605935,"relics_obtained":[{"floor":1,"key":"Question Card"},{"floor":1,"key":"LetterFromLob"},{"floor":1,"key":"Question Card"},{"floor":1,"key":"LetterFromLob"}],"event_choices":[{"cards_removed":["Strike_G"],"damage_healed":0,"gold_gain":0,"player_choice":"Offered Basic","damage_taken":0,"max_hp_gain":0,"max_hp_loss":0,"event_name":"Bonfire Elementals","floor":3,"gold_loss":0}],"is_beta":false,"boss_relics":[],"items_purged_floors":[],"is_endless":false,"potions_floor_spawned":[3,4,6],"killed_by":"Lagavulin","ascension_level":12}}