{"host":"y89x8uui45kcjy42","time":1607768690,"event":{"mods":["2.2 Compatiblity","BaseMod","Colored Map","Colored Powertips","Friendly Minions","Highlight Path","Keyboard Shortcuts","Minty Spire (QoL Compilation)","StSLib","SuperFastMode","The Bug Knight","Waifu the Spire"],"gold_per_floor":[116,116,116,132,150,182,182,201,201,217,217,19,19,37,37,137,137,148,162,162,162,172,197,97,97,124,124,124,0,0,19,19,124,124,142,153,164,179,192,192,0,0,27,27,44,70,70,99,99,99,99,99,376,1376,1376],"floor_reached":54,"playtime":2837,"items_purged":["HollowMod:NailStrikeStart","HollowMod:QuickDashStart","HollowMod:NailStrikeStart"],"score":1019,"play_id":"4cccfc87-ea08-413a-bfa9-d740d3c8039f","local_time":"20201212192450","is_ascension_mode":true,"campfire_choices":[{"data":"HollowMod:RecoilStrike","floor":7,"key":"SMITH"},{"data":"HollowMod:SoulSplash","floor":11,"key":"SMITH"},{"data":"HollowMod:Grubsong","floor":15,"key":"SMITH"},{"data":"HollowMod:LordofShades","floor":25,"key":"SMITH"},{"data":"HollowMod:WhiteLadysBlessing","floor":27,"key":"SMITH"},{"data":"HollowMod:GoodIntentions","floor":30,"key":"SMITH"},{"data":"HollowMod:LifebloodCore","floor":32,"key":"SMITH"},{"data":"HollowMod:VoidDash","floor":40,"key":"SMITH"},{"data":"HollowMod:NewLastStag","floor":42,"key":"SMITH"},{"floor":47,"key":"RECALL"},{"data":"HollowMod:SlysStrikes","floor":49,"key":"SMITH"},{"data":"HollowMod:PogoStrike","floor":52,"key":"SMITH"}],"circlet_count":0,"master_deck":["HollowMod:NailStrikeStart","HollowMod:QuickDashStart+1","HollowMod:QuickDashStart+1","HollowMod:FocusHealStart","HollowMod:PogoStrike+1","HollowMod:LordofShades+1","HollowMod:RecoilStrike+1","HollowMod:SoulSplash+1","HollowMod:GoodIntentions+1","HollowMod:VengefulSpirit+1","HollowMod:WhiteLadysBlessing+1","HollowMod:Grubsong+1","HollowMod:RecoilStrike+1","HollowMod:SoulStrike+1","HollowMod:DescendingDark+1","HollowMod:LifebloodCore+1","HollowMod:CloakDash+1","HollowMod:HowlingWraiths+1","HollowMod:VoidDash+1","HollowMod:LifebloodCocoon+1","HollowMod:SoulVessel+1","HollowMod:CloakDash+1","HollowMod:NewLastStag+1","HollowMod:SlysStrikes+1","HollowMod:CloakDash+1"],"relics":["HollowMod:VesselMask","TungstenRod","Molten Egg 2","HornCleat","Vajra","HollowMod:LifeEnderRelic","SacredBark","Torii","Potion Belt","MealTicket","Coffee Dripper","Coffee Dripper","Turnip","Coffee Dripper","StrikeDummy","Art of War"],"acts_visited":["Exordium","TheCity","TheBeyond","TheEnding"],"potions_floor_usage":[16,16,16,16,16,18,33,39,46],"damage_taken":[{"damage":14,"enemies":"Small Slimes","floor":1,"turns":4},{"damage":0,"enemies":"Cultist","floor":4,"turns":3},{"damage":13,"enemies":"Jaw Worm","floor":5,"turns":4},{"damage":23,"enemies":"3 Sentries","floor":6,"turns":13},{"damage":2,"enemies":"Large Slime","floor":8,"turns":6},{"damage":0,"enemies":"3 Louse","floor":10,"turns":4},{"damage":0,"enemies":"2 Fungi Beasts","floor":14,"turns":4},{"damage":65,"enemies":"Slime Boss","floor":16,"turns":13},{"damage":45,"enemies":"2 Thieves","floor":18,"turns":4},{"damage":3,"enemies":"Chosen","floor":19,"turns":4},{"damage":43,"enemies":"Snake Plant","floor":22,"turns":5},{"damage":80,"enemies":"Slavers","floor":23,"turns":8},{"damage":0,"enemies":"Snecko","floor":31,"turns":6},{"damage":130,"enemies":"Automaton","floor":33,"turns":14},{"damage":12,"enemies":"Orb Walker","floor":35,"turns":3},{"damage":3,"enemies":"3 Shapes","floor":36,"turns":3},{"damage":133,"enemies":"Transient","floor":37,"turns":5},{"damage":0,"enemies":"3 Darklings","floor":38,"turns":4},{"damage":95,"enemies":"Writhing Mass","floor":39,"turns":5},{"damage":72,"enemies":"Maw","floor":45,"turns":10},{"damage":126,"enemies":"Giant Head","floor":46,"turns":8},{"damage":113,"enemies":"Nemesis","floor":48,"turns":11},{"damage":209,"enemies":"Awakened One","floor":50,"turns":12},{"damage":92,"enemies":"Shield and Spear","floor":54,"turns":3}],"seed_played":"6465655812631006377","potions_obtained":[{"floor":4,"key":"Swift Potion"},{"floor":10,"key":"EntropicBrew"},{"floor":31,"key":"Regen Potion"},{"floor":33,"key":"Swift Potion"},{"floor":36,"key":"Dexterity Potion"},{"floor":37,"key":"PowerPotion"},{"floor":44,"key":"BlessingOfTheForge"},{"floor":44,"key":"BlessingOfTheForge"},{"floor":44,"key":"AttackPotion"},{"floor":45,"key":"SkillPotion"},{"floor":46,"key":"SpeedPotion"}],"is_trial":false,"path_per_floor":["M","?","?","M","M","E","R","M","T","M","R","$","?","M","R","B",null,"M","M","?","?","M","E","$","R","T","R","?","?","R","M","R","B",null,"M","M","M","M","M","R","?","R","T","?","M","E","R","E","R","B",null,"R","$","E"],"character_chosen":"THE_BUGKNIGHT","items_purchased":["HollowMod:WhiteLadysBlessing","Dexterity Potion","LiquidBronze","Weak Potion","Regen Potion","StrikeDummy","Art of War"],"campfire_rested":0,"item_purchase_floors":[12,12,53,53,53,53,53],"current_hp_per_floor":[60,45,45,55,42,31,31,35,35,41,41,41,41,47,47,59,71,32,35,35,35,65,50,50,50,50,50,50,50,50,50,50,32,64,52,49,3,75,9,9,9,9,9,9,75,26,26,63,63,75,75,75,75,0,0],"gold":1376,"neow_bonus":"ONE_RANDOM_RARE_CARD","is_daily":false,"chose_seed":false,"campfire_upgraded":11,"win_rate":0.0,"timestamp":1607768690,"path_taken":["M","?","?","M","M","E","R","M","T","?","R","$","?","M","R","BOSS","M","M","?","?","M","E","$","R","T","R","?","?","R","?","R","BOSS","M","M","M","M","M","R","?","R","T","?","?","E","R","E","R","BOSS","R","$","E"],"items_purchased_type":["Card","Potion","Potion","Potion","Potion","Relic","Relic"],"build_version":"2020-11-30","purchased_purges":3,"victory":false,"max_hp_per_floor":[75,75,75,75,75,75,75,75,75,75,75,75,75,75,75,75,75,75,75,75,75,75,75,75,75,75,75,75,75,75,75,75,75,75,75,75,75,75,75,75,75,75,75,75,75,75,75,75,75,75,75,75,75,75,75],"card_choices":[{"not_picked":["HollowMod:DashSlash","HollowMod:DungDefenderAura","HollowMod:TaintedHusks"],"picked":"SKIP","floor":1},{"not_picked":["HollowMod:NewJinnsSoul","HollowMod:HeavyBlow"],"picked":"HollowMod:RecoilStrike","floor":4},{"not_picked":["HollowMod:SiblingsShadow","HollowMod:InfectedAttack","HollowMod:FallenFury"],"picked":"SKIP","floor":5},{"not_picked":["HollowMod:ChannelNail","HollowMod:NewJinnsSoul"],"picked":"HollowMod:SoulSplash","floor":6},{"not_picked":["HollowMod:SiblingsSouls","HollowMod:MawleksShell"],"picked":"HollowMod:GoodIntentions","floor":8},{"not_picked":["HollowMod:LifebloodCocoon","HollowMod:NewLittleFool+1"],"picked":"HollowMod:VengefulSpirit+1","floor":10},{"not_picked":["HollowMod:NewInfectedGuardian","HollowMod:WraithStrike+1"],"picked":"HollowMod:Grubsong","floor":14},{"not_picked":["HollowMod:GrimmsGift+1","HollowMod:LuriensSpire"],"picked":"HollowMod:RecoilStrike+1","floor":18},{"not_picked":["HollowMod:DoubleDash+1","HollowMod:NewLittleFool+1"],"picked":"HollowMod:SoulStrike+1","floor":19},{"not_picked":["HollowMod:MothsMistake","HollowMod:WraithStrike+1"],"picked":"HollowMod:CloakDash+1","floor":22},{"not_picked":["HollowMod:LuriensSpire+1","HollowMod:NewLittleFool+1","HollowMod:MawleksShell"],"picked":"SKIP","floor":23},{"not_picked":["HollowMod:TaintedHusks","HollowMod:GoodIntentions"],"picked":"HollowMod:HowlingWraiths+1","floor":31},{"not_picked":["HollowMod:ZotesMagnificence+1","HollowMod:RadiancesLament"],"picked":"HollowMod:VoidDash","floor":33},{"not_picked":["HollowMod:MothsMistake+1","HollowMod:CloakDash"],"picked":"HollowMod:LifebloodCocoon+1","floor":35},{"not_picked":["HollowMod:InfectedCysts+1","HollowMod:VengefulSpirit+1"],"picked":"HollowMod:SoulVessel+1","floor":36},{"not_picked":["HollowMod:ChannelNail","HollowMod:NewLittleFool+1","HollowMod:InfectedAttack+1"],"picked":"SKIP","floor":37},{"not_picked":["HollowMod:CrystalDash","HollowMod:SoulShaman+1","HollowMod:SiblingsSouls+1"],"picked":"SKIP","floor":38},{"not_picked":["HollowMod:MantisMark","HollowMod:CornifersMapStart+1"],"picked":"HollowMod:CloakDash+1","floor":39},{"not_picked":["HollowMod:NewGlowingWomb+1","HollowMod:SoulStrike+1","HollowMod:MonarchWings+1"],"picked":"SKIP","floor":45},{"not_picked":["HollowMod:Hiveblood","HollowMod:CornifersMapStart"],"picked":"HollowMod:SlysStrikes","floor":46},{"not_picked":["HollowMod:SiblingsSouls+1","HollowMod:SharpenedNail+1"],"picked":"HollowMod:CloakDash+1","floor":48}],"player_experience":507124,"relics_obtained":[{"floor":6,"key":"TungstenRod"},{"floor":9,"key":"Molten Egg 2"},{"floor":23,"key":"HornCleat"},{"floor":26,"key":"Vajra"},{"floor":46,"key":"MealTicket"},{"floor":48,"key":"Turnip"}],"event_choices":[{"damage_healed":0,"gold_gain":0,"player_choice":"Entered Light","damage_taken":15,"max_hp_gain":0,"max_hp_loss":0,"event_name":"Shining Light","floor":2,"gold_loss":0,"cards_upgraded":["HollowMod:QuickDashStart","HollowMod:QuickDashStart"]},{"damage_healed":0,"gold_gain":0,"player_choice":"0 cards matched","damage_taken":0,"max_hp_gain":0,"max_hp_loss":0,"event_name":"Match and Keep!","floor":3,"gold_loss":0,"cards_obtained":[]},{"damage_healed":0,"gold_gain":0,"player_choice":"Ignored","damage_taken":0,"max_hp_gain":0,"max_hp_loss":0,"event_name":"Liars Game","floor":13,"gold_loss":0},{"damage_healed":0,"gold_gain":0,"cards_transformed":["HollowMod:NailStrikeStart","HollowMod:QuickDashStart"],"player_choice":"Became Test Subject","damage_taken":0,"max_hp_gain":0,"max_hp_loss":0,"event_name":"Drug Dealer","floor":20,"gold_loss":0,"cards_obtained":["HollowMod:DescendingDark","HollowMod:LifebloodCore"]},{"damage_healed":0,"gold_gain":0,"player_choice":"Ignored","damage_taken":0,"max_hp_gain":0,"max_hp_loss":0,"event_name":"Vampires","floor":21,"gold_loss":0},{"damage_healed":0,"gold_gain":0,"player_choice":"Ignored","damage_taken":0,"max_hp_gain":0,"max_hp_loss":0,"event_name":"Ghosts","floor":28,"gold_loss":0},{"damage_healed":0,"gold_gain":0,"player_choice":"Got Potions","damage_taken":0,"max_hp_gain":0,"max_hp_loss":0,"event_name":"Lab","floor":44,"gold_loss":0}],"is_beta":false,"boss_relics":[{"not_picked":["Fusion Hammer","Ectoplasm"],"picked":"Velvet Choker"},{"not_picked":["HollowMod:VoidIdolRelic","Coffee Dripper"],"picked":"SacredBark"}],"items_purged_floors":[12,24,53],"is_endless":false,"potions_floor_spawned":[4,10,14,31,33,36,37,38,45,46],"killed_by":"Shield and Spear","ascension_level":8}}