{"host":"se2kry7a7ac49ar7","time":1607773676,"event":{"mods":["BaseMod","Bestiary","Minty Spire (QoL Compilation)","StSLib"],"gold_per_floor":[109,109,126,145,159,189,189,221,221,239,239,272,291,19,19,95,95,107,157,157,157,157,157,184,184,184,184,184],"floor_reached":27,"playtime":1463,"items_purged":[],"score":538,"play_id":"3cda543b-1718-4db5-8fee-ad6d00244d64","local_time":"20201212034756","is_ascension_mode":true,"campfire_choices":[{"floor":7,"key":"DIG"},{"floor":11,"key":"REST"},{"floor":15,"key":"REST"},{"floor":23,"key":"DIG"},{"floor":25,"key":"REST"}],"circlet_count":0,"master_deck":["AscendersBane","Strike_R","Strike_R","Strike_R","Strike_R","Strike_R","Defend_R","Bash","Ghostly Armor+1","Pommel Strike+1","Barricade+1","Perfected Strike","Flame Barrier","Twin Strike","Demon Form","Pummel","Disarm","Armaments","Impervious","CurseOfTheBell","Feel No Pain","Headbutt","Headbutt","Entrench"],"relics":["Astrolabe","Shovel","InkBottle","Mummified Hand","Pen Nib","Matryoshka","Gambling Chip","StrikeDummy","Calling Bell","MealTicket","Pantograph","Unceasing Top","Sundial","Bottled Flame","Molten Egg 2","Toxic Egg 2"],"acts_visited":["Exordium","TheCity"],"potions_floor_usage":[6,18,24,27],"damage_taken":[{"damage":2,"enemies":"Jaw Worm","floor":1,"turns":4},{"damage":6,"enemies":"Cultist","floor":3,"turns":3},{"damage":0,"enemies":"2 Louse","floor":4,"turns":2},{"damage":6,"enemies":"Blue Slaver","floor":5,"turns":3},{"damage":20,"enemies":"Gremlin Nob","floor":6,"turns":4},{"damage":20,"enemies":"Lagavulin","floor":8,"turns":5},{"damage":5,"enemies":"Large Slime","floor":10,"turns":5},{"damage":20,"enemies":"3 Sentries","floor":12,"turns":7},{"damage":0,"enemies":"3 Louse","floor":13,"turns":4},{"damage":0,"enemies":"Slime Boss","floor":16,"turns":5},{"damage":11,"enemies":"2 Thieves","floor":18,"turns":3},{"damage":61,"enemies":"Gremlin Leader","floor":24,"turns":9},{"damage":51,"enemies":"Slavers","floor":27,"turns":5}],"seed_played":"-528440531194247643","potions_obtained":[{"floor":1,"key":"SmokeBomb"},{"floor":3,"key":"BloodPotion"},{"floor":4,"key":"HeartOfIron"},{"floor":13,"key":"Explosive Potion"},{"floor":18,"key":"Energy Potion"}],"is_trial":false,"path_per_floor":["M","?","M","M","M","E","R","E","T","M","R","E","M","$","R","B",null,"M","?","?","?","$","R","E","R","T","E"],"character_chosen":"IRONCLAD","items_purchased":["StrikeDummy"],"campfire_rested":3,"item_purchase_floors":[14],"current_hp_per_floor":[66,66,60,60,54,34,34,14,14,9,31,11,11,11,33,33,65,54,54,54,54,69,69,8,30,30,0,0],"gold":184,"neow_bonus":"BOSS_RELIC","is_daily":false,"chose_seed":false,"campfire_upgraded":0,"win_rate":0.0,"timestamp":1607773676,"path_taken":["M","?","M","M","M","E","R","E","T","M","R","E","?","?","R","BOSS","M","?","?","?","?","R","E","R","T","E"],"items_purchased_type":["Relic"],"build_version":"2020-11-30","purchased_purges":0,"victory":false,"max_hp_per_floor":[75,75,75,75,75,75,75,75,75,75,75,75,75,75,75,75,75,75,75,75,75,75,75,75,75,75,75,75],"card_choices":[{"not_picked":["Rage","Fire Breathing"],"picked":"Searing Blow","floor":1},{"not_picked":["Flex","Sword Boomerang"],"picked":"Perfected Strike","floor":3},{"not_picked":["Flex","Warcry"],"picked":"True Grit","floor":4},{"not_picked":["Spot Weakness","Twin Strike"],"picked":"Flame Barrier","floor":5},{"not_picked":["Rage","Clash"],"picked":"Twin Strike","floor":6},{"not_picked":["Second Wind","Headbutt"],"picked":"Demon Form","floor":8},{"not_picked":["Iron Wave","Armaments"],"picked":"Pummel","floor":10},{"not_picked":["Clothesline","Thunderclap"],"picked":"Disarm","floor":12},{"not_picked":["Intimidate","Iron Wave"],"picked":"Armaments","floor":13},{"not_picked":["Juggernaut","Exhume"],"picked":"Impervious","floor":16},{"not_picked":["Warcry+1","Inflame"],"picked":"Feel No Pain","floor":18},{"not_picked":["Infernal Blade","Twin Strike"],"picked":"Entrench","floor":24}],"player_experience":638850,"relics_obtained":[{"floor":6,"key":"InkBottle"},{"floor":7,"key":"Mummified Hand"},{"floor":8,"key":"Pen Nib"},{"floor":9,"key":"Matryoshka"},{"floor":12,"key":"Gambling Chip"},{"floor":17,"key":"MealTicket"},{"floor":17,"key":"Pantograph"},{"floor":17,"key":"Unceasing Top"},{"floor":23,"key":"Sundial"},{"floor":24,"key":"Bottled Flame"},{"floor":26,"key":"Molten Egg 2"},{"floor":26,"key":"Toxic Egg 2"}],"event_choices":[{"damage_healed":0,"gold_gain":0,"player_choice":"Gave Potion","damage_taken":0,"relics_obtained":["Shovel"],"max_hp_gain":0,"max_hp_loss":0,"event_name":"WeMeetAgain","floor":2,"gold_loss":0},{"damage_healed":0,"gold_gain":50,"player_choice":"Stole From Cult","damage_taken":0,"max_hp_gain":0,"max_hp_loss":0,"event_name":"Nest","floor":19,"gold_loss":0},{"damage_healed":0,"gold_gain":0,"player_choice":"Ignored","damage_taken":0,"max_hp_gain":0,"max_hp_loss":0,"event_name":"Vampires","floor":20,"gold_loss":0},{"damage_healed":0,"gold_gain":0,"cards_transformed":["Searing Blow","True Grit"],"player_choice":"Became Test Subject","damage_taken":0,"max_hp_gain":0,"max_hp_loss":0,"event_name":"Drug Dealer","floor":21,"gold_loss":0,"cards_obtained":["Headbutt","Headbutt"]}],"is_beta":false,"boss_relics":[{"not_picked":["Runic Dome","Runic Cube"],"picked":"Calling Bell"}],"items_purged_floors":[],"is_endless":false,"potions_floor_spawned":[1,3,4,13,18],"killed_by":"Slavers","ascension_level":16}}