{"host":"wvaiab5ya9pyia0u","time":1607794615,"event":{"mods":["2.2 Compatiblity","Aspiration","Bard","BaseMod","Bestiary","BetterRewards","Challenge The Spire","Colored Powertips","Conspire","Custom Start","DeckTracker","Hermit","Highlight Path","Hubris","HumanHunterMod(????mod)","Humility","Infinite Spire","Mimic Mod","Minty Spire (QoL Compilation)","Practice Mode","Quick Restart","Rare Cards Sparkle","Replay The Spire","Reworked Bosses","SacredBarkPlus","Shop Mod","Spicy Shops","StSLib","The Blue Laboratory","The Construct","The Cursed","The Disciple","The Factory","The Hierophant","The Jungle","The Mystic","The Runesmith","The Servant 0.9.4","TheBandit","Thieving Mod","Wandering Minibosses","everything is the same but u backflip on backflip","slay the spire mod where everything is the same but ironclad has a cowboy hat"],"gold_per_floor":[115,145,145,160,184,184,184,184],"floor_reached":7,"playtime":320,"items_purged":[],"score":39,"play_id":"351294eb-e713-4976-a60a-2c4de87a5981","local_time":"20201212183655","is_ascension_mode":false,"campfire_choices":[{"data":"LockedMedicine","floor":6,"key":"SMITH"}],"circlet_count":0,"master_deck":["Strike_Br","Strike_Br","Strike_Br","Defend_Br","Defend_Br","Defend_Br","Defend_Br","SecondHand","PatternShift","Parity","HandsUpC","LockedMedicine+1"],"relics":["Chronometer","NeowsBlessing","Meat on the Bone","Juzu Bracelet"],"acts_visited":["Exordium"],"potions_floor_usage":[],"damage_taken":[{"damage":0.0,"enemies":"Small Slimes","floor":1.0,"turns":1.0},{"damage":0.0,"enemies":"conspire:MimicChest","floor":2.0,"turns":1.0},{"damage":0,"enemies":"2 Louse","floor":4,"turns":2},{"damage":52,"enemies":"3 Sentries","floor":7,"turns":6}],"seed_played":"7213276778941957754","potions_obtained":[{"floor":4,"key":"blueLaboratory:AbyssPotion"}],"is_trial":false,"path_per_floor":["M","?","?","M","T","R","E"],"character_chosen":"CHRONO_CLASS","items_purchased":[],"campfire_rested":0,"item_purchase_floors":[],"current_hp_per_floor":[65,65,65,65,65,65,13,13],"gold":184,"neow_bonus":"THREE_ENEMY_KILL","is_daily":false,"chose_seed":false,"campfire_upgraded":1,"win_rate":0.0,"timestamp":1607794615,"path_taken":["M","?","?","?","?","R","E"],"items_purchased_type":[],"build_version":"2020-11-30","purchased_purges":0,"victory":false,"max_hp_per_floor":[65,65,65,65,65,65,65,65],"card_choices":[{"not_picked":["LockedScales","WatchCommand"],"picked":"Parity","floor":1.0},{"not_picked":["Backlash","CrunchTime"],"picked":"HandsUpC","floor":2.0},{"not_picked":["Keepsakes","AlternateTimeline"],"picked":"LockedMedicine","floor":4}],"player_experience":164462,"relics_obtained":[{"floor":2.0,"key":"Meat on the Bone"},{"floor":5,"key":"Juzu Bracelet"}],"event_choices":[{"cards_removed":["Strike_Br"],"damage_healed":0.0,"max_hp_gain":0.0,"max_hp_loss":0.0,"gold_gain":0.0,"event_name":"Purifier","player_choice":"Purged","floor":3.0,"gold_loss":0.0,"damage_taken":0.0}],"is_beta":false,"boss_relics":[],"items_purged_floors":[],"is_endless":false,"potions_floor_spawned":[4],"killed_by":"3 Sentries","ascension_level":0}}