{"host":"w6ebodudjlk2jwu4","time":1607757735,"event":{"mods":["Act Like it!","Bard","BaseMod","Beaked The Cultist","Colored Map","Glutton Mod","Hermit","Highlight Path","Infinite Spire","Jorbs\u0027s Wanderer Trilogy","Mad Scientist","Marisa????????","Minty Spire (QoL Compilation)","Relic Stats","Replay The Spire","StSLib","The Blue Laboratory","The Bug Knight","The Construct","The Cursed","The Mystic","The Servant 0.9.4","The Witch","Wandering Minibosses"],"gold_per_floor":[368,382,400,482,35,69,81,93,130,172,184,196,232,270,282,389,401,427,449,24,37,53,79,39,39,63,95,130,42,88,88,88,205,205,245,272,18,18,1017,1017,1139,1139,1139,1139,1241,1354,1490,1514,1514,1522,1522,1522,581,668,815],"floor_reached":56,"playtime":8731,"items_purged":["ReplayTheSpireMod:Splinters","ReplayTheSpireMod:Doomed","Normality"],"score":1871,"play_id":"6f6ededc-1a2e-4e3d-a346-c5deca3d0cc1","local_time":"20201211232215","is_ascension_mode":true,"campfire_choices":[{"data":"Neutralize","floor":7,"key":"SMITH"},{"data":"stsjorbsmod:Apparition_Cull","floor":15,"key":"SMITH"},{"data":"Tools of the Trade","floor":25,"key":"SMITH"},{"data":"Noxious Fumes","floor":32,"key":"SMITH"},{"data":"ReplayTheSpireMod:Chaos Vortex","floor":40,"key":"SMITH"},{"floor":42,"key":"RECALL"},{"data":"infinitespire:Starlight","floor":44,"key":"SMITH"},{"data":"Madness","floor":49,"key":"SMITH"},{"data":"Deflect","floor":52,"key":"SMITH"}],"circlet_count":0,"master_deck":["Strike_G","Strike_G","Strike_G","Strike_G","Strike_G","Defend_G","Defend_G","Defend_G","Defend_G+1","Defend_G","Survivor","Neutralize+1","m_Survivalism","stsjorbsmod:Apparition_Cull+1","Fluid Movement+1","Quick Slash","Poisoned Stab","Toxin Wave+1","Noxious Fumes+1","Tools of the Trade+1","Toxin Wave","Underhanded Strike+1","Pot Of Greed+1","Pot Of Greed","Acrobatics","Tools of the Trade+1","Pot Of Greed","Slice+1","Blade Dance","Malaise","PiercingWail","Deflect+1","Underhanded Strike+1","ReplayTheSpireMod:Chaos Vortex+1","Sucker Punch","Acrobatics","Underhanded Strike","Specialist","Tactician","Pot Of Greed","Atom Bomb","Backstab","Caltrops","Crippling Poison","Madness+1","Madness","Normality","infinitespire:Starlight+1","Backflip+1","Shame","Pot Of Greed","Noxious Fumes+1","Dagger Spray","stsjorbsmod:Procrastination","Bouncing Flask","Infinite Blades","Dark Shackles","Master of Strategy","Accuracy","Replay:Bag of Tricks"],"relics":["Ring of the Snake","Replay:Mystery Machine","Guide Book","Tiny Chest","MawBank","HornCleat","HollowMod:PaleOreRelic","Grinning Jar","Anchor","construct:ClawGrip","Ornamental Fan","Replay:Bandana","Toy Ornithopter","construct:FoamFinger","Nunchaku","Sundial","infinitespire:EvilPickle","Cursed Key","Happy Flower","ReplayTheSpireMod:Lightbulb","Kunai","Chameleon Ring","Juzu Bracelet","Replay:Rubber Ducky","Potion Belt","Chemical X","Replay:Bottled Flurry"],"acts_visited":["Exordium","TheCity","TheBeyond","TheEnding"],"potions_floor_usage":[6,14,23,28,30,41,45,50,55,55],"damage_taken":[{"damage":1,"enemies":"Jaw Worm","floor":1,"turns":8},{"damage":0,"enemies":"2 Louse","floor":2,"turns":5},{"damage":0,"enemies":"Small Slimes","floor":3,"turns":5},{"damage":20,"enemies":"Gremlin Nob","floor":6,"turns":4},{"damage":4,"enemies":"Lagavulin","floor":10,"turns":7},{"damage":8,"enemies":"HollowMod:MossKnight","floor":14,"turns":8},{"damage":10,"enemies":"Hexaghost","floor":16,"turns":10},{"damage":2,"enemies":"Spheric Guardian","floor":18,"turns":5},{"damage":5,"enemies":"3 Cultists","floor":19,"turns":5},{"damage":4,"enemies":"Snecko","floor":21,"turns":5},{"damage":0,"enemies":"Cultist and Chosen","floor":22,"turns":6},{"damage":11,"enemies":"Nightmare","floor":23,"turns":10},{"damage":0,"enemies":"Chosen and Byrds","floor":27,"turns":7},{"damage":0,"enemies":"Book of Stabbing","floor":28,"turns":6},{"damage":0,"enemies":"HollowMod:Nosk","floor":30,"turns":7},{"damage":2,"enemies":"Pondfish","floor":33,"turns":10},{"damage":0,"enemies":"3 Shapes","floor":35,"turns":4},{"damage":0,"enemies":"Nightmare","floor":41,"turns":9},{"damage":0,"enemies":"3 Darklings","floor":45,"turns":3},{"damage":16,"enemies":"Spire Growth","floor":46,"turns":6},{"damage":22,"enemies":"Giant Head","floor":47,"turns":8},{"damage":37,"enemies":"Time Eater","floor":50,"turns":15},{"damage":34,"enemies":"Shield and Spear","floor":54,"turns":7},{"damage":50,"enemies":"The Heart","floor":55,"turns":11}],"seed_played":"-6494225079132169890","potions_obtained":[{"floor":1,"key":"Adrenaline Potion"},{"floor":3,"key":"FearPotion"},{"floor":10,"key":"Block Potion"},{"floor":19,"key":"blueLaboratory:HorrorPotion"},{"floor":22,"key":"LiquidMemories"},{"floor":27,"key":"blueLaboratory:Virophage"},{"floor":28,"key":"SteroidPotion"},{"floor":35,"key":"PowerPotion"},{"floor":46,"key":"BlessingOfTheForge"},{"floor":47,"key":"DuplicationPotion"},{"floor":55,"key":"blueLaboratory:HummingbirdPotion"}],"is_trial":false,"path_per_floor":["M","M","M","?","$","E","R","?","T","E","?","?","T","E","R","B",null,"M","M","$","M","M","NM","?","R","T","M","E","$","E","T","R","B",null,"M","T","$","?","?","R","NM","R","T","R","M","M","E","T","R","B",null,"R","$","E","B",null],"character_chosen":"THE_SILENT","items_purchased":["Guide Book","Tiny Chest","Noxious Fumes","Ornamental Fan","Malaise","PiercingWail","Specialist","Caltrops","Crippling Poison","Replay:Rubber Ducky","Potion Belt","Bouncing Flask","Infinite Blades","Dark Shackles","Chemical X","Master of Strategy"],"campfire_rested":0,"item_purchase_floors":[5,5,5,20,20,20,29,37,37,53,53,53,53,53,53,53],"current_hp_per_floor":[69,69,69,69,69,49,49,49,49,45,45,45,45,37,37,27,70,68,63,63,59,59,48,48,48,48,48,53,53,58,58,58,56,70,70,70,70,61,61,61,66,66,66,66,70,54,57,57,57,34,70,70,70,36,5],"gold":815,"neow_bonus":"TWO_FIFTY_GOLD","is_daily":false,"chose_seed":false,"campfire_upgraded":8,"win_rate":0.0,"timestamp":1607757735,"path_taken":["M","M","M","?","$","E","R","?","T","E","?","?","?","E","R","BOSS","M","M","$","M","M","NM","?","R","T","M","E","?","E","?","R","BOSS","M","?","?","?","?","R","NM","R","T","R","M","M","E","?","R","BOSS","R","$","E","BOSS"],"items_purchased_type":["Relic","Relic","Card","Relic","Card","Card","Card","Card","Card","Relic","Relic","Card","Card","Card","Relic","Card"],"build_version":"2020-11-30","purchased_purges":3,"victory":true,"max_hp_per_floor":[70,70,70,70,70,70,70,70,70,70,70,70,70,70,70,70,70,70,70,70,70,70,70,70,70,70,70,70,70,70,70,70,70,70,70,70,70,70,70,70,70,70,70,70,70,70,70,70,70,70,70,70,70,70,70],"relic_stats":{"Happy Flower":[19],"counters":[24,171],"Juzu Bracelet":0,"MawBank":168,"Cursed Key":3,"Nunchaku":[17],"Ornamental Fan":[200],"Sundial":[8],"Tiny Chest":3,"Kunai":[21],"Chemical X":[2],"obtain_stats":[{"construct:FoamFinger":28,"Juzu Bracelet":48,"Replay:Mystery Machine":4,"Cursed Key":34,"Replay:Rubber Ducky":53,"Replay:Bandana":23,"Nunchaku":30,"HornCleat":8,"Chameleon Ring":47,"Sundial":31,"Tiny Chest":5,"Replay:Bottled Flurry":54,"HollowMod:PaleOreRelic":10,"Kunai":43,"Chemical X":53,"Ring of the Snake":0,"Potion Belt":53,"construct:ClawGrip":17,"Happy Flower":36,"Guide Book":5,"MawBank":6,"infinitespire:EvilPickle":33,"Anchor":14,"Ornamental Fan":20,"Grinning Jar":13,"ReplayTheSpireMod:Lightbulb":41,"Toy Ornithopter":26},{"construct:FoamFinger":14,"Juzu Bracelet":21,"Replay:Mystery Machine":3,"Cursed Key":16,"Replay:Rubber Ducky":22,"Replay:Bandana":12,"Nunchaku":15,"HornCleat":4,"Chameleon Ring":21,"Sundial":15,"Tiny Chest":3,"Replay:Bottled Flurry":23,"HollowMod:PaleOreRelic":5,"Kunai":18,"Chemical X":22,"Ring of the Snake":0,"Potion Belt":22,"construct:ClawGrip":7,"Happy Flower":17,"Guide Book":3,"MawBank":4,"infinitespire:EvilPickle":16,"Anchor":6,"Ornamental Fan":9,"Grinning Jar":5,"ReplayTheSpireMod:Lightbulb":18,"Toy Ornithopter":12},{"construct:FoamFinger":91,"Juzu Bracelet":138,"Replay:Mystery Machine":18,"Cursed Key":108,"Replay:Rubber Ducky":153,"Replay:Bandana":78,"Nunchaku":98,"HornCleat":22,"Chameleon Ring":138,"Sundial":98,"Tiny Chest":18,"Replay:Bottled Flurry":160,"HollowMod:PaleOreRelic":29,"Kunai":121,"Chemical X":153,"Ring of the Snake":0,"Potion Belt":153,"construct:ClawGrip":47,"Happy Flower":112,"Guide Book":18,"MawBank":22,"infinitespire:EvilPickle":108,"Anchor":37,"Ornamental Fan":57,"Grinning Jar":29,"ReplayTheSpireMod:Lightbulb":121,"Toy Ornithopter":78}],"Toy Ornithopter":34,"Ring of the Snake":[48]},"card_choices":[{"not_picked":["Sucker Punch","Riddle With Holes"],"picked":"Fluid Movement","floor":1},{"not_picked":["Underhanded Strike","Masterful Stab"],"picked":"Quick Slash","floor":2},{"not_picked":["Bane","Dodge and Roll"],"picked":"Poisoned Stab","floor":3},{"not_picked":["Dagger Spray","Quick Slash"],"picked":"Toxin Wave","floor":4},{"not_picked":["Outmaneuver","Underhanded Strike"],"picked":"Leg Sweep","floor":4},{"not_picked":["Acrobatics","Riddle With Holes"],"picked":"Tools of the Trade","floor":6},{"not_picked":["Endless Agony","Bane"],"picked":"Toxin Wave","floor":10},{"not_picked":["Prepared","Reflex"],"picked":"Acrobatics","floor":14},{"not_picked":["Glass Knife","ReplayTheSpireMod:From All Sides"],"picked":"Tools of the Trade","floor":16},{"not_picked":["Predator+1","Choke"],"picked":"Slice+1","floor":18},{"not_picked":["Bane","ReplayTheSpireMod:Shiv Toss+1"],"picked":"Blade Dance","floor":19},{"not_picked":["Hidden Blade+1","Cloak And Dagger"],"picked":"Deflect","floor":21},{"not_picked":["Acrobatics","Prepared"],"picked":"Underhanded Strike+1","floor":22},{"not_picked":["infinitespire:FinalStrike","infinitespire:DeathsTouch"],"picked":"ReplayTheSpireMod:Chaos Vortex","floor":23},{"not_picked":["Slice","Endless Agony"],"picked":"Sucker Punch","floor":23},{"not_picked":["Dodge and Roll","Prepared+1"],"picked":"Acrobatics","floor":27},{"not_picked":["Atom Bomb","Crippling Poison"],"picked":"Underhanded Strike","floor":28},{"not_picked":["Cloak And Dagger","ReplayTheSpireMod:Tripwire"],"picked":"Tactician","floor":30},{"not_picked":["Doppelganger","Glass Knife"],"picked":"Atom Bomb","floor":33},{"not_picked":["Poisoned Stab","Blade Dance+1"],"picked":"Backstab","floor":35},{"not_picked":["infinitespire:SevenWalls","infinitespire:SealOfDarkness+"],"picked":"infinitespire:Starlight","floor":41},{"not_picked":["Dodge and Roll","Dagger Spray"],"picked":"Backflip+1","floor":41},{"not_picked":["PiercingWail+1","Predator"],"picked":"Noxious Fumes+1","floor":45},{"not_picked":["Bane+1","Backflip"],"picked":"Dagger Spray","floor":46},{"not_picked":["Outmaneuver+1","Flying Knee","Dodge and Roll"],"picked":"SKIP","floor":47},{"not_picked":["Acrobatics+1","Bane"],"picked":"Accuracy","floor":54},{"not_picked":["Storm of Steel","Doppelganger"],"picked":"Replay:Bag of Tricks","floor":55}],"player_experience":61913,"relics_obtained":[{"floor":4,"key":"Replay:Mystery Machine"},{"floor":6,"key":"MawBank"},{"floor":8,"key":"HornCleat"},{"floor":10,"key":"HollowMod:PaleOreRelic"},{"floor":13,"key":"Grinning Jar"},{"floor":14,"key":"Anchor"},{"floor":23,"key":"Replay:Bandana"},{"floor":26,"key":"Toy Ornithopter"},{"floor":28,"key":"construct:FoamFinger"},{"floor":30,"key":"Nunchaku"},{"floor":31,"key":"Sundial"},{"floor":36,"key":"Happy Flower"},{"floor":41,"key":"ReplayTheSpireMod:Lightbulb"},{"floor":43,"key":"Kunai"},{"floor":47,"key":"Chameleon Ring"},{"floor":48,"key":"Juzu Bracelet"},{"floor":54,"key":"Replay:Bottled Flurry"}],"event_choices":[{"damage_healed":0,"gold_gain":0,"player_choice":"Grow","damage_taken":0,"max_hp_gain":0,"max_hp_loss":0,"event_name":"Living Wall","floor":12,"gold_loss":0,"cards_upgraded":["Tools of the Trade"]},{"damage_healed":0,"gold_gain":0,"player_choice":"Upgraded Two","damage_taken":0,"max_hp_gain":0,"max_hp_loss":0,"event_name":"Designer","floor":24,"gold_loss":40,"cards_upgraded":["Pot Of Greed","Defend_G"]},{"damage_healed":0,"gold_gain":0,"player_choice":"Embrace Madness","damage_taken":9,"max_hp_gain":0,"max_hp_loss":0,"event_name":"Winding Halls","floor":38,"gold_loss":0,"cards_obtained":["Madness","Madness"]},{"damage_healed":0,"gold_gain":999,"player_choice":"Gold","damage_taken":0,"max_hp_gain":0,"max_hp_loss":0,"event_name":"MindBloom","floor":39,"gold_loss":0,"cards_obtained":["Normality","Normality"]}],"is_beta":false,"boss_relics":[{"not_picked":["Runic Dome","Busted Crown"],"picked":"construct:ClawGrip"},{"not_picked":["Replay:Grab Bag","SlaversCollar"],"picked":"Cursed Key"}],"items_purged_floors":[5,37,53],"is_endless":true,"potions_floor_spawned":[1,3,10,19,22,27,28,35,46,47,55],"ascension_level":1}}