{"host":"fdq5pmhluajjrf8d","time":1607806346,"event":{"mods":["BaseMod","Minty Spire (QoL Compilation)"],"gold_per_floor":[114,133,58,58,58,58,87,87,133,151,75,75,94,94,94,188,188,188,188],"floor_reached":18,"playtime":862,"items_purged":["Normality"],"score":308,"play_id":"a5376589-0d43-4c29-ae15-c0318f424d57","local_time":"20201212155226","is_ascension_mode":true,"campfire_choices":[{"data":"Sunder","floor":6,"key":"SMITH"},{"data":"Capacitor","floor":12,"key":"SMITH"},{"data":"Zap","floor":15,"key":"SMITH"}],"circlet_count":0,"master_deck":["AscendersBane","Strike_B","Strike_B","Strike_B","Strike_B","Defend_B","Defend_B","Defend_B","Defend_B","Zap+1","Dualcast","Apotheosis+1","Sunder+1","Leap","Capacitor+1","Injury","Barrage","Melter","Creative AI"],"relics":["Cracked Core","FossilizedHelix","Golden Idol","MealTicket","Inserter"],"acts_visited":["Exordium","TheCity"],"potions_floor_usage":[16],"damage_taken":[{"damage":2,"enemies":"Jaw Worm","floor":1,"turns":3},{"damage":1,"enemies":"2 Louse","floor":2,"turns":2},{"damage":2,"enemies":"3 Sentries","floor":7,"turns":5},{"damage":0,"enemies":"Cultist","floor":10,"turns":3},{"damage":0,"enemies":"Exordium Thugs","floor":13,"turns":4},{"damage":18,"enemies":"The Guardian","floor":16,"turns":10},{"damage":79,"enemies":"3 Byrds","floor":18,"turns":4}],"seed_played":"-7318768110445943738","potions_obtained":[{"floor":7,"key":"FocusPotion"},{"floor":10,"key":"FairyPotion"},{"floor":13,"key":"FocusPotion"}],"is_trial":false,"path_per_floor":["M","M","$","?","$","R","E","?","T","M","$","R","M","$","R","B",null,"M"],"character_chosen":"DEFECT","items_purchased":["Melter"],"campfire_rested":0,"item_purchase_floors":[11],"current_hp_per_floor":[62,61,61,61,61,61,59,59,59,59,71,71,71,71,71,53,67,0,0],"gold":188,"neow_bonus":"RANDOM_COLORLESS_2","is_daily":false,"chose_seed":false,"campfire_upgraded":3,"win_rate":0.0,"timestamp":1607806346,"path_taken":["M","M","$","?","?","R","E","?","T","M","?","R","?","?","R","BOSS","M"],"items_purchased_type":["Card"],"build_version":"2020-11-30","purchased_purges":1,"victory":false,"max_hp_per_floor":[71,71,71,71,71,71,71,71,71,71,71,71,71,71,71,71,71,71,71],"card_choices":[{"not_picked":["Mayhem","Violence"],"picked":"Apotheosis","floor":0},{"not_picked":["Blizzard","Reprogram"],"picked":"Sunder","floor":1},{"not_picked":["Coolheaded","Streamline"],"picked":"Leap","floor":2},{"not_picked":["Sweeping Beam","Turbo"],"picked":"Capacitor","floor":7},{"not_picked":["Streamline","Hyperbeam"],"picked":"Barrage","floor":10},{"not_picked":["Stack","Reinforced Body","Aggregate"],"picked":"SKIP","floor":13},{"not_picked":["Machine Learning","Fission"],"picked":"Creative AI","floor":16}],"player_experience":1831853,"relics_obtained":[{"floor":7,"key":"FossilizedHelix"},{"floor":9,"key":"MealTicket"}],"event_choices":[{"damage_healed":0,"gold_gain":0,"player_choice":"Grow","damage_taken":0,"max_hp_gain":0,"max_hp_loss":0,"event_name":"Living Wall","floor":4,"gold_loss":0,"cards_upgraded":["Apotheosis"]},{"damage_healed":0,"gold_gain":0,"player_choice":"Take Wound","damage_taken":0,"relics_obtained":["Golden Idol"],"max_hp_gain":0,"max_hp_loss":0,"event_name":"Golden Idol","floor":8,"gold_loss":0,"cards_obtained":["Injury"]}],"is_beta":false,"boss_relics":[{"not_picked":["Astrolabe","Calling Bell"],"picked":"Inserter"}],"items_purged_floors":[3],"is_endless":false,"potions_floor_spawned":[7,10,13],"killed_by":"3 Byrds","ascension_level":19}}