{"host":"4qkvkh7pd9qr2mca","time":1607784724,"event":{"mods":["AchievementEnabler","BaseMod","Colored Map","Colored Powertips","Highlight Path","Minty Spire (QoL Compilation)","Permanent Neow","Quick Restart","StSLib","SuperFastMode"],"gold_per_floor":[116,116,131,17,17,17,17,48,48,48,48],"floor_reached":10,"playtime":202,"items_purged":["Strike_G"],"score":128,"play_id":"c7cb3d49-6eb8-452a-b443-9efa591e24d0","local_time":"20201212155204","is_ascension_mode":true,"campfire_choices":[{"data":"Footwork","floor":6.0,"key":"SMITH"}],"circlet_count":0,"master_deck":["AscendersBane","Strike_G","Strike_G","Strike_G","Strike_G","Defend_G","Defend_G","Defend_G","Defend_G","Defend_G+1","Survivor","Neutralize+1","CurseOfTheBell","All Out Attack","Dagger Throw","PiercingWail+1","Footwork+1","Pain"],"relics":["Calling Bell","Anchor","Eternal Feather","Prayer Wheel","WarpedTongs","War Paint","Meat on the Bone"],"acts_visited":["Exordium"],"potions_floor_usage":[],"damage_taken":[{"damage":7.0,"enemies":"Jaw Worm","floor":1.0,"turns":5.0},{"damage":0.0,"enemies":"Small Slimes","floor":3.0,"turns":3.0},{"damage":41,"enemies":"Gremlin Nob","floor":8,"turns":6},{"damage":1,"enemies":"3 Sentries","floor":10,"turns":2}],"seed_played":"-866882780984835077","potions_obtained":[],"is_trial":false,"path_per_floor":["M","?","M","$","?","R","$","E","T","E"],"character_chosen":"THE_SILENT","items_purchased":["Footwork"],"campfire_rested":0,"item_purchase_floors":[4],"current_hp_per_floor":[52,52,52,52,52,61,61,20,20,19,19],"gold":48,"neow_bonus":"BOSS_RELIC","is_daily":false,"chose_seed":false,"campfire_upgraded":1,"win_rate":0.0,"timestamp":1607784724,"path_taken":["M","?","M","$","?","R","$","E","T","E"],"items_purchased_type":["Card"],"build_version":"2020-11-30","purchased_purges":1,"victory":false,"max_hp_per_floor":[66,66,66,66,66,66,66,66,66,66,66],"card_choices":[{"not_picked":["Masterful Stab","Setup"],"picked":"All Out Attack","floor":1.0},{"not_picked":["Quick Slash","Bane"],"picked":"Dagger Throw","floor":1.0},{"not_picked":["Deflect","Dodge and Roll"],"picked":"PiercingWail","floor":3.0},{"not_picked":["Underhanded Strike","Dodge and Roll","Deflect"],"picked":"SKIP","floor":3.0},{"not_picked":["Dagger Throw","Prepared","Underhanded Strike"],"picked":"SKIP","floor":8}],"player_experience":301152,"relics_obtained":[{"floor":0.0,"key":"Anchor"},{"floor":0.0,"key":"Eternal Feather"},{"floor":0.0,"key":"Prayer Wheel"},{"floor":8,"key":"War Paint"},{"floor":9,"key":"Meat on the Bone"}],"event_choices":[{"damage_healed":0.0,"max_hp_gain":0.0,"max_hp_loss":0.0,"gold_gain":0.0,"event_name":"Living Wall","player_choice":"Grow","floor":2.0,"gold_loss":0.0,"damage_taken":0.0,"cards_upgraded":["Neutralize"]},{"damage_healed":0.0,"max_hp_gain":0.0,"max_hp_loss":0.0,"gold_gain":0.0,"event_name":"Accursed Blacksmith","player_choice":"Rummage","floor":5.0,"gold_loss":0.0,"damage_taken":0.0,"relics_obtained":["WarpedTongs"],"cards_obtained":["Pain"]}],"is_beta":false,"boss_relics":[],"items_purged_floors":[4],"is_endless":false,"potions_floor_spawned":[],"killed_by":"3 Sentries","ascension_level":20}}