{"host":"Ilker","time":1607802291,"event":{"mods":["BaseMod","Bestiary","Block Reminder","Colored Map","DeckTracker","Highlight Path","Minty Spire (QoL Compilation)","Quick Restart","Relic Sorter","Relic Stats"],"gold_per_floor":[109,109,125,142,156,185,202,232,255,20,20,20],"floor_reached":11,"playtime":553,"items_purged":["Strike_P"],"score":170,"play_id":"4086c96f-68d4-4301-871d-a744139dcbd1","local_time":"20201212224451","is_ascension_mode":true,"campfire_choices":[],"circlet_count":0,"master_deck":["AscendersBane","Strike_P","Strike_P","Strike_P","Defend_P","Defend_P","Defend_P","Eruption","Vigilance","FlyingSleeves","Halt","FearNoEvil","SandsOfTime","Alpha","Wallop","MentalFortress","Enlightenment"],"relics":["PureWater","NeowsBlessing","Akabeko","Ornamental Fan"],"acts_visited":["Exordium"],"potions_floor_usage":[5,6,8,11,11],"damage_taken":[{"damage":0.0,"enemies":"Cultist","floor":1.0,"turns":1.0},{"damage":0.0,"enemies":"2 Louse","floor":3.0,"turns":1.0},{"damage":0.0,"enemies":"Jaw Worm","floor":4.0,"turns":1.0},{"damage":0,"enemies":"3 Louse","floor":5,"turns":3},{"damage":38,"enemies":"Lagavulin","floor":6,"turns":7},{"damage":6,"enemies":"2 Fungi Beasts","floor":7,"turns":3},{"damage":11,"enemies":"3 Sentries","floor":8,"turns":7},{"damage":11,"enemies":"Lagavulin","floor":11,"turns":5}],"seed_played":"2988880040418130448","potions_obtained":[{"floor":3.0,"key":"StancePotion"},{"floor":4.0,"key":"Strength Potion"},{"floor":5,"key":"Block Potion"},{"floor":8,"key":"EssenceOfSteel"}],"is_trial":false,"path_per_floor":["M","?","M","M","M","E","M","E","T","$","E"],"character_chosen":"WATCHER","items_purchased":["Enlightenment","BottledMiracle"],"campfire_rested":0,"item_purchase_floors":[10,10],"current_hp_per_floor":[61,61,61,61,61,23,17,6,6,6,0,0],"gold":20,"neow_bonus":"THREE_ENEMY_KILL","is_daily":false,"chose_seed":false,"campfire_upgraded":0,"win_rate":0.0,"timestamp":1607802291,"path_taken":["M","?","M","?","M","E","M","E","T","?","E"],"items_purchased_type":["Card","Potion"],"build_version":"2020-12-07","purchased_purges":1,"victory":false,"max_hp_per_floor":[68,68,68,68,68,68,68,68,68,68,68,68],"relic_stats":{"counters":[8,28],"Ornamental Fan":[4],"obtain_stats":[{"NeowsBlessing":0,"Ornamental Fan":8,"PureWater":0,"Akabeko":6},{"NeowsBlessing":0,"Ornamental Fan":7,"PureWater":0,"Akabeko":5},{"NeowsBlessing":0,"Ornamental Fan":23,"PureWater":0,"Akabeko":13}]},"card_choices":[{"not_picked":["Evaluate","CarveReality"],"picked":"FlyingSleeves","floor":1.0},{"not_picked":["Meditate","Evaluate"],"picked":"Halt","floor":3.0},{"not_picked":["JustLucky","Weave"],"picked":"FearNoEvil","floor":4.0},{"not_picked":["Consecrate","InnerPeace"],"picked":"SandsOfTime","floor":5},{"not_picked":["Pray","CrushJoints"],"picked":"Alpha","floor":6},{"not_picked":["Nirvana","CutThroughFate"],"picked":"Wallop","floor":7},{"not_picked":["Prostrate","Consecrate"],"picked":"MentalFortress","floor":8}],"player_experience":1634777,"relics_obtained":[{"floor":6,"key":"Akabeko"},{"floor":8,"key":"Ornamental Fan"}],"event_choices":[{"cards_removed":["Defend_P"],"damage_healed":0.0,"max_hp_gain":0.0,"max_hp_loss":0.0,"gold_gain":0.0,"event_name":"Purifier","player_choice":"Purged","floor":2.0,"gold_loss":0.0,"damage_taken":0.0}],"is_beta":true,"boss_relics":[],"items_purged_floors":[10],"is_endless":false,"potions_floor_spawned":[3,4,5,8],"killed_by":"Lagavulin","ascension_level":20}}