{"host":"6p0attdrtjqaih7v","time":1607772901,"event":{"mods":["2.2 Compatiblity","AchievementEnabler","Bard","BaseMod","Better Skull","Better Third Choice","Colored Powertips","Hermit","Highlight Path","Jorbs\u0027s Wanderer Trilogy","Key Reminder","Minty Spire (QoL Compilation)","Permanent Neow","Quick Restart","Random Character Button","Relic Stats","Replay The Spire","StSLib","The Construct"],"gold_per_floor":[116,191,201,218,43,78,78,78,78,31,46,46,59,59,59,59,59],"floor_reached":16,"playtime":576,"items_purged":["construct:Strike_Gold","hermit:ImpendingDoom"],"score":185,"play_id":"e1ec663e-5859-44c0-a534-ac5f1c43d7f6","local_time":"20201212063501","is_ascension_mode":true,"campfire_choices":[{"floor":7,"key":"REST"},{"floor":12,"key":"REST"},{"data":"Panacea","floor":15,"key":"SMITH"}],"circlet_count":0,"master_deck":["AscendersBane","construct:Strike_Gold","construct:Strike_Gold","construct:Strike_Gold","construct:Strike_Gold","construct:Defend_Gold","construct:Defend_Gold","construct:Defend_Gold","construct:Defend_Gold","construct:Defend_Gold","construct:AttackMode","construct:DefenseMode","construct:ShieldBurst","construct:PhosphorStorm","construct:Failsafe","construct:MoltenSmash","Panacea+1","Blind","construct:ScrapCannon"],"relics":["construct:ClockworkPhoenix","Matryoshka","Dream Catcher","ReplayTheSpireMod:Ninjato","ReplayTheSpireMod:CursedCoin"],"acts_visited":["Exordium"],"potions_floor_usage":[11],"damage_taken":[{"damage":14,"enemies":"Small Slimes","floor":1,"turns":4},{"damage":8,"enemies":"Jaw Worm","floor":3,"turns":4},{"damage":6,"enemies":"Cultist","floor":4,"turns":3},{"damage":28,"enemies":"3 Sentries","floor":6,"turns":13},{"damage":20,"enemies":"Exordium Wildlife","floor":11,"turns":7},{"damage":8,"enemies":"Looter","floor":13,"turns":4},{"damage":25,"enemies":"Hexaghost","floor":16,"turns":9}],"seed_played":"-5294420732972089023","potions_obtained":[{"floor":6,"key":"Dexterity Potion"}],"is_trial":false,"path_per_floor":["M","?","M","M","$","E","R","?","T","$","M","R","M","?","R","B"],"character_chosen":"THE_CONSTRUCT_MOD","items_purchased":["Panacea","ReplayTheSpireMod:CursedCoin","Blind"],"campfire_rested":2,"item_purchase_floors":[5,10,10],"current_hp_per_floor":[58,47,39,33,33,5,29,29,29,29,9,33,25,25,25,0,0],"gold":59,"neow_bonus":"ONE_RANDOM_RARE_CARD","is_daily":false,"chose_seed":false,"campfire_upgraded":1,"win_rate":0.0,"timestamp":1607772901,"path_taken":["M","?","M","M","$","E","R","?","T","?","?","R","M","?","R","BOSS"],"items_purchased_type":["Card","Relic","Card"],"build_version":"2020-11-30","purchased_purges":2,"victory":false,"max_hp_per_floor":[80,80,80,80,80,80,80,80,80,80,80,80,80,80,80,80,80],"relic_stats":{"Dream Catcher":1,"counters":[7,44],"obtain_stats":[{"Dream Catcher":9,"Matryoshka":6,"ReplayTheSpireMod:Ninjato":9,"ReplayTheSpireMod:CursedCoin":10,"construct:ClockworkPhoenix":0},{"Dream Catcher":4,"Matryoshka":4,"ReplayTheSpireMod:Ninjato":4,"ReplayTheSpireMod:CursedCoin":4,"construct:ClockworkPhoenix":0},{"Dream Catcher":24,"Matryoshka":24,"ReplayTheSpireMod:Ninjato":24,"ReplayTheSpireMod:CursedCoin":24,"construct:ClockworkPhoenix":0}]},"card_choices":[{"not_picked":["construct:Reinforce","construct:Versatility"],"picked":"construct:PhosphorStorm","floor":1},{"not_picked":["construct:Anticipate","construct:FlameCore"],"picked":"construct:Failsafe","floor":3},{"not_picked":["construct:Disrupt","construct:CreateCores"],"picked":"construct:MoltenSmash","floor":4},{"not_picked":["construct:Meltdown","construct:Backfire","construct:Anticipate"],"picked":"SKIP","floor":6},{"not_picked":["construct:VentSteam","construct:Chainstrike"],"picked":"construct:ScrapCannon","floor":11},{"not_picked":["construct:Boost","construct:Isolate","construct:HyperBeam"],"picked":"SKIP","floor":13}],"player_experience":829560,"relics_obtained":[{"floor":6,"key":"Matryoshka"},{"floor":9,"key":"Dream Catcher"},{"floor":9,"key":"ReplayTheSpireMod:Ninjato"}],"event_choices":[{"damage_healed":0,"gold_gain":75,"player_choice":"Gather Gold","damage_taken":11,"max_hp_gain":0,"max_hp_loss":0,"event_name":"World of Goop","floor":2,"gold_loss":0},{"damage_healed":0,"gold_gain":0,"player_choice":"Searched \u00270\u0027 times","damage_taken":0,"max_hp_gain":0,"max_hp_loss":0,"event_name":"Dead Adventurer","floor":8,"gold_loss":0},{"damage_healed":0,"gold_gain":0,"player_choice":"Ignored","damage_taken":0,"max_hp_gain":0,"max_hp_loss":0,"event_name":"Liars Game","floor":14,"gold_loss":0}],"is_beta":false,"boss_relics":[],"items_purged_floors":[5,10],"is_endless":false,"potions_floor_spawned":[6],"killed_by":"Hexaghost","ascension_level":17}}