{"host":"reretk0dz0kj8f1n","time":1607764419,"event":{"mods":["BaseMod","Lobotomy","Minty Spire (QoL Compilation)","StSLib"],"gold_per_floor":[111,130,55,130,130,155,175,200,200,200,200],"floor_reached":10,"playtime":307,"items_purged":["Defend_R"],"score":80,"play_id":"4765e21c-1f03-46dc-a92e-5a3ba7cbe775","local_time":"20201212181339","is_ascension_mode":true,"campfire_choices":[],"circlet_count":0,"master_deck":["Strike_R","Strike_R","Strike_R","Strike_R","Strike_R","Defend_R","Defend_R","Defend_R","Bash","CrumblingArmor","Bloodletting","Dark Embrace","Regret","VoidDream"],"relics":["Burning Blood","CogitoBucket","RabbitCall","Dream Catcher","Frozen Egg 2","InkBottle","Toxic Egg 2"],"acts_visited":["Exordium"],"potions_floor_usage":[10,10],"damage_taken":[{"damage":11,"enemies":"Jaw Worm","floor":1,"turns":2},{"damage":1,"enemies":"2 Louse","floor":2,"turns":3},{"damage":33,"enemies":"Gremlin Nob","floor":6,"turns":5},{"damage":10,"enemies":"Small Slimes","floor":7,"turns":4},{"damage":27,"enemies":"Lagavulin","floor":8,"turns":5},{"damage":20,"enemies":"3 Sentries","floor":10,"turns":3}],"seed_played":"-4676688060053258230","potions_obtained":[{"floor":6,"key":"ColorlessPotion"},{"floor":8,"key":"LiquidBronze"}],"is_trial":false,"path_per_floor":["M","M","$","?","?","E","M","E","T","E"],"character_chosen":"IRONCLAD","items_purchased":[],"campfire_rested":0,"item_purchase_floors":[],"current_hp_per_floor":[75,80,80,69,69,42,38,17,17,0,0],"gold":200,"neow_bonus":"","is_daily":false,"chose_seed":false,"campfire_upgraded":0,"win_rate":0.0,"timestamp":1607764419,"path_taken":["M","M","$","?","?","E","M","E","T","E"],"items_purchased_type":[],"build_version":"2020-11-30","purchased_purges":1,"victory":false,"max_hp_per_floor":[80,80,80,80,80,80,80,80,80,80,80],"card_choices":[{"not_picked":["Bloodbath","Woodsman"],"picked":"CrumblingArmor","floor":1},{"not_picked":["Hemokinesis","Uppercut"],"picked":"Bloodletting","floor":1},{"not_picked":["OSAHOGD","GreedKing","MeatLantern"],"picked":"Singing Bowl","floor":2},{"not_picked":["Wild Strike","Flex"],"picked":"Dark Embrace","floor":2},{"not_picked":["Wellcheers","CherryBlossoms","ShyLook"],"picked":"Singing Bowl","floor":6},{"not_picked":["Shrug It Off","Flex","Clothesline"],"picked":"SKIP","floor":6},{"not_picked":["Scarecrow","LongBird","Wellcheers"],"picked":"Singing Bowl","floor":7},{"not_picked":["Armaments","Spot Weakness","Perfected Strike"],"picked":"SKIP","floor":7},{"not_picked":["Murderer","Yin"],"picked":"VoidDream","floor":8},{"not_picked":["Flame Barrier","True Grit","Power Through"],"picked":"SKIP","floor":8}],"player_experience":198940,"relics_obtained":[{"floor":6,"key":"Frozen Egg 2"},{"floor":8,"key":"InkBottle"},{"floor":9,"key":"Toxic Egg 2"}],"event_choices":[{"damage_healed":0,"gold_gain":75,"player_choice":"Gather Gold","damage_taken":11,"max_hp_gain":0,"max_hp_loss":0,"event_name":"World of Goop","floor":4,"gold_loss":0},{"damage_healed":0,"gold_gain":0,"player_choice":"Box","damage_taken":0,"relics_obtained":["Dream Catcher"],"max_hp_gain":0,"max_hp_loss":0,"event_name":"Big Fish","floor":5,"gold_loss":0,"cards_obtained":["Regret"]}],"is_beta":false,"boss_relics":[],"items_purged_floors":[3],"is_endless":false,"potions_floor_spawned":[6,8],"killed_by":"3 Sentries","ascension_level":1}}