{"host":"m0l7iybr7y7a2mwh","time":1607809979,"event":{"mods":["AchievementEnabler","AlwaysNeverKeys","BaseMod","Block Reminder","Colored Map","Colored Powertips","Highlight Path","Minty Spire (QoL Compilation)","Permanent Neow","Quick Restart","StSLib"],"gold_per_floor":[119,119,136,147,158,186,186,217,217,142,154,8,8,20,20,121,121,135,153,153,153],"floor_reached":20,"playtime":675,"items_purged":["Strike_B"],"score":195,"play_id":"58d1f335-3ed7-490d-a76b-8b0f7e5087c8","local_time":"20201213085259","is_ascension_mode":true,"campfire_choices":[{"floor":7.0,"key":"REST"},{"floor":15.0,"key":"REST"}],"circlet_count":0,"master_deck":["Strike_B","Strike_B","Defend_B","Defend_B","Defend_B","Defend_B","Zap","Dualcast","Creative AI","Storm","Seek","Sunder","Loop","Parasite","Gash","Creative AI","Storm"],"relics":["Cracked Core","Cables","Sundial","Singing Bowl","Membership Card","Philosopher\u0027s Stone"],"acts_visited":["Exordium","TheCity"],"potions_floor_usage":[],"damage_taken":[{"damage":10.0,"enemies":"Small Slimes","floor":1.0,"turns":4.0},{"damage":0.0,"enemies":"2 Louse","floor":3.0,"turns":2.0},{"damage":17.0,"enemies":"Cultist","floor":4.0,"turns":5.0},{"damage":7.0,"enemies":"Looter","floor":5.0,"turns":4.0},{"damage":13.0,"enemies":"Lagavulin","floor":6.0,"turns":5.0},{"damage":27.0,"enemies":"Gremlin Nob","floor":8.0,"turns":4.0},{"damage":0.0,"enemies":"2 Fungi Beasts","floor":11.0,"turns":2.0},{"damage":17.0,"enemies":"3 Louse","floor":14.0,"turns":3.0},{"damage":6.0,"enemies":"Slime Boss","floor":16.0,"turns":8.0},{"damage":18,"enemies":"Chosen","floor":18,"turns":4},{"damage":30,"enemies":"Shell Parasite","floor":19,"turns":5},{"damage":22,"enemies":"Shelled Parasite and Fungi","floor":20,"turns":2}],"seed_played":"-2396901432685534196","potions_obtained":[{"floor":1.0,"key":"AttackPotion"},{"floor":4.0,"key":"Explosive Potion"},{"floor":8.0,"key":"Weak Potion"},{"floor":18,"key":"LiquidBronze"}],"is_trial":false,"path_per_floor":["M","?","M","M","M","E","R","E","T","$","M","$","?","M","R","B",null,"M","M","M"],"character_chosen":"DEFECT","items_purchased":["Membership Card"],"campfire_rested":2,"item_purchase_floors":[12],"current_hp_per_floor":[58,51,51,34,27,14,34,7,7,7,7,7,24,7,27,21,68,52,22,0,0],"gold":153,"neow_bonus":"THREE_RARE_CARDS","is_daily":false,"chose_seed":false,"campfire_upgraded":0,"win_rate":0.0,"timestamp":1607809979,"path_taken":["M","?","M","M","M","E","R","E","T","$","M","$","?","M","R","BOSS","M","M","M"],"items_purchased_type":["Relic"],"build_version":"2020-11-30","purchased_purges":1,"victory":false,"max_hp_per_floor":[68,68,68,68,68,68,68,68,68,68,68,68,68,68,68,68,68,70,70,70,70],"card_choices":[{"not_picked":["Seek","Buffer"],"picked":"Creative AI","floor":0.0},{"not_picked":["Leap","Reprogram"],"picked":"Storm","floor":1.0},{"not_picked":["Skim","Auto Shields","Turbo"],"picked":"SKIP","floor":3.0},{"not_picked":["Leap","Barrage","Steam"],"picked":"SKIP","floor":4.0},{"not_picked":["Compile Driver","Conserve Battery","Beam Cell"],"picked":"SKIP","floor":5.0},{"not_picked":["Stack","Go for the Eyes"],"picked":"Seek","floor":6.0},{"not_picked":["Compile Driver","Stack"],"picked":"Sunder","floor":8.0},{"not_picked":["Beam Cell","Sweeping Beam"],"picked":"Loop","floor":11.0},{"not_picked":["Coolheaded","Reinforced Body"],"picked":"Gash","floor":14.0},{"not_picked":["Multi-Cast","Thunder Strike"],"picked":"Creative AI","floor":16.0},{"not_picked":["Coolheaded","BootSequence","Chaos"],"picked":"Singing Bowl","floor":18},{"not_picked":["Fusion","Conserve Battery+1"],"picked":"Storm","floor":19}],"player_experience":93491,"relics_obtained":[{"floor":6.0,"key":"Cables"},{"floor":8.0,"key":"Sundial"},{"floor":9.0,"key":"Singing Bowl"}],"event_choices":[{"cards_removed":["Strike_B"],"damage_healed":0.0,"max_hp_gain":0.0,"max_hp_loss":0.0,"gold_gain":0.0,"event_name":"Golden Wing","player_choice":"Card Removal","floor":2.0,"gold_loss":0.0,"damage_taken":7.0},{"damage_healed":17.0,"max_hp_gain":0.0,"max_hp_loss":0.0,"gold_gain":0.0,"event_name":"Mushrooms","player_choice":"Healed and dodged fight","floor":13.0,"gold_loss":0.0,"damage_taken":0.0,"cards_obtained":["Parasite"]}],"is_beta":false,"boss_relics":[{"not_picked":["Runic Pyramid","Tiny House"],"picked":"Philosopher\u0027s Stone"}],"items_purged_floors":[10],"is_endless":false,"potions_floor_spawned":[1,4,8,18],"killed_by":"Shelled Parasite and Fungi","ascension_level":1}}