{"host":"c70kelp781yiwf61","time":1607781990,"event":{"mods":["BaseMod","Minty Spire (QoL Compilation)","Reimu£®≤©¿ˆ¡È√Œ£©","Waifu the Spire"],"gold_per_floor":[113,133,150,325,325,325,368,368,368,368,407,185,185,199,199,330,330,343,329,24,44,68,68,99,99,99,26,64,82,82,0,0,125,125,149,172,172,505,518,518,518,547,547,557,574,574,574],"floor_reached":46,"playtime":2575,"items_purged":["Doubt"],"score":625,"play_id":"456446f0-ebb0-4c13-8847-7201a3ebbe18","local_time":"20201212220630","is_ascension_mode":true,"campfire_choices":[{"data":"SealNeedle:ReiMu","floor":6,"key":"SMITH"},{"data":"YinYang:ReiMu","floor":8,"key":"SMITH"},{"data":"NB:ReiMu","floor":10,"key":"SMITH"},{"data":"DependentForm:ReiMu","floor":15,"key":"SMITH"},{"data":"KyokaiOfKami:ReiMu","floor":23,"key":"SMITH"},{"data":"Gathering:ReiMu","floor":25,"key":"SMITH"},{"data":"Defend_Lin:ReiMu","floor":32,"key":"SMITH"},{"data":"InherentArray:ReiMu","floor":40,"key":"SMITH"}],"circlet_count":0,"master_deck":["Strike_Lin:ReiMu","Strike_Lin:ReiMu","Strike_Lin:ReiMu+1","Defend_Lin:ReiMu","Defend_Lin:ReiMu","Defend_Lin:ReiMu","Defend_Lin:ReiMu+1","NB:ReiMu+1","Stagnation:ReiMu+1","RainPray2:ReiMu","Enchanting:ReiMu","SealNeedle:ReiMu+1","YinYang:ReiMu+1","UniversalSpiritual:ReiMu","Intuition:ReiMu","KyokaiOfKami:ReiMu+1","Conquer:ReiMu","DependentForm:ReiMu+1","Gathering:ReiMu+1","CardOfSanctity:ReiMu","SpreadBorder2:ReiMu","WonderfulDomain:ReiMu+1","Authority:ReiMu","SubAcupoint:ReiMu+1","ManaGlint:ReiMu+1","CeremonyResonance:ReiMu","InherentArray:ReiMu+1","Dreaming2:ReiMu","SpreadBorder2:ReiMu","Authority:ReiMu+1","Mountainwind:ReiMu+1","SpreadBorder2:ReiMu+1","Madness","Madness+1","DoubleButterfly:ReiMu+1","FantasyMoon:ReiMu+1","AlertArray:ReiMu"],"relics":["ShineYinYang:ReiMu","NeowsBlessing","KaguraBell:ReiMu","HornCleat","Shuriken","Orrery","Sozu","ClockworkSouvenir","Mercury Hourglass","Whetstone","White Beast Statue","War Paint"],"acts_visited":["Exordium","TheCity","TheBeyond"],"potions_floor_usage":[7,7,11,19],"damage_taken":[{"damage":0,"enemies":"Cultist","floor":1,"turns":1},{"damage":0,"enemies":"Small Slimes","floor":2,"turns":1},{"damage":0,"enemies":"Jaw Worm","floor":3,"turns":1},{"damage":0,"enemies":"3 Sentries","floor":7,"turns":5},{"damage":2,"enemies":"Gremlin Nob","floor":11,"turns":5},{"damage":0,"enemies":"Large Slime","floor":14,"turns":3},{"damage":2,"enemies":"Hexaghost","floor":16,"turns":9},{"damage":0,"enemies":"Spheric Guardian","floor":18,"turns":5},{"damage":9,"enemies":"2 Thieves","floor":19,"turns":4},{"damage":0,"enemies":"Cultist and Chosen","floor":21,"turns":6},{"damage":1,"enemies":"Centurion and Healer","floor":22,"turns":9},{"damage":6,"enemies":"Book of Stabbing","floor":24,"turns":7},{"damage":27,"enemies":"Gremlin Leader","floor":28,"turns":4},{"damage":0,"enemies":"Snecko","floor":29,"turns":6},{"damage":14,"enemies":"Collector","floor":33,"turns":8},{"damage":9,"enemies":"3 Darklings","floor":35,"turns":5},{"damage":4,"enemies":"Orb Walker","floor":36,"turns":3},{"damage":0,"enemies":"3 Darklings","floor":39,"turns":5},{"damage":0,"enemies":"Giant Head","floor":42,"turns":8},{"damage":0,"enemies":"Spire Growth","floor":44,"turns":5},{"damage":39,"enemies":"Sphere and 2 Shapes","floor":45,"turns":7},{"damage":12,"enemies":"3 Darklings","floor":46,"turns":4}],"seed_played":"4092204059454832409","potions_obtained":[{"floor":2,"key":"AttackPotion"},{"floor":3,"key":"LiquidMemories"},{"floor":7,"key":"DistilledChaos"},{"floor":14,"key":"SkillPotion"}],"is_trial":false,"path_per_floor":["M","M","M","?","?","R","E","R","T","R","E","$","?","M","R","B",null,"M","M","$","M","M","R","E","R","T","$","E","M","?","?","R","B",null,"M","M","?","?","M","R","?","E","T","M","M","M"],"character_chosen":"REIMU","items_purchased":["Orrery","Authority:ReiMu","ClockworkSouvenir","InherentArray:ReiMu"],"campfire_rested":0,"item_purchase_floors":[12,20,20,27],"current_hp_per_floor":[65,65,65,65,49,49,49,49,49,49,47,47,47,47,47,45,65,65,56,56,56,55,55,49,49,49,49,22,27,48,48,48,34,65,56,52,44,44,44,44,44,44,44,44,5,0,0],"gold":574,"neow_bonus":"THREE_ENEMY_KILL","is_daily":false,"chose_seed":false,"campfire_upgraded":8,"win_rate":0.0,"timestamp":1607781990,"path_taken":["M","?","M","?","?","R","E","R","T","R","E","$","?","M","R","BOSS","M","?","$","M","M","R","E","R","T","$","E","M","?","?","R","BOSS","M","M","?","?","?","R","?","E","T","?","M","M"],"items_purchased_type":["Relic","Card","Relic","Card"],"build_version":"2020-11-30","purchased_purges":1,"victory":false,"max_hp_per_floor":[65,65,65,65,65,65,65,65,65,65,65,65,65,65,65,65,65,65,65,65,65,65,65,65,65,65,65,65,65,65,65,65,65,65,65,65,65,65,65,65,65,65,65,65,65,65,65],"card_choices":[{"not_picked":["TightArray:ReiMu","EmergencyTakeOff:ReiMu"],"picked":"RainPray2:ReiMu","floor":1},{"not_picked":["OrbThrow:ReiMu","FoulBorder2:ReiMu"],"picked":"Enchanting:ReiMu","floor":2},{"not_picked":["LearningPray:ReiMu","WonderfulDomain:ReiMu"],"picked":"SealNeedle:ReiMu","floor":3},{"not_picked":["OrbThrow:ReiMu","Gathering:ReiMu"],"picked":"YinYang:ReiMu","floor":7},{"not_picked":["Meditation:ReiMu","SpringWay:ReiMu"],"picked":"UniversalSpiritual:ReiMu","floor":11},{"not_picked":["OrbThrow:ReiMu","ShadowOfCrow2:ReiMu"],"picked":"Intuition:ReiMu","floor":12},{"not_picked":["FantasyBorder:ReiMu","YinYangSange:ReiMu"],"picked":"KyokaiOfKami:ReiMu","floor":12},{"not_picked":["KamiSacrifice:ReiMu","Amulet:ReiMu"],"picked":"Conquer:ReiMu","floor":12},{"not_picked":["CareerPray:ReiMu","SubcavityInstant:ReiMu"],"picked":"DependentForm:ReiMu","floor":12},{"not_picked":["OrbThrow:ReiMu","RainPray2:ReiMu"],"picked":"Gathering:ReiMu","floor":14},{"not_picked":["Dreaming:ReiMu","Free:ReiMu"],"picked":"CardOfSanctity:ReiMu","floor":16},{"not_picked":["Amulet:ReiMu","Intuition:ReiMu"],"picked":"SpreadBorder2:ReiMu","floor":18},{"not_picked":["Meditation:ReiMu","OrbThrow:ReiMu+1"],"picked":"WonderfulDomain:ReiMu+1","floor":19},{"not_picked":["TightArray:ReiMu+1","Revelation:ReiMu"],"picked":"SubAcupoint:ReiMu","floor":21},{"not_picked":["SafetyPray:ReiMu","WonderfulDomain:ReiMu"],"picked":"ManaGlint:ReiMu+1","floor":22},{"not_picked":["Gathering:ReiMu+1","EmergencyTakeOff:ReiMu"],"picked":"CeremonyResonance:ReiMu","floor":24},{"not_picked":["DoubleButterfly:ReiMu","SpringWay:ReiMu"],"picked":"Dreaming2:ReiMu","floor":28},{"not_picked":["SubcavityInstant:ReiMu","SafetyPray:ReiMu"],"picked":"SpreadBorder2:ReiMu","floor":29},{"not_picked":["Dreaming:ReiMu","RunawayExorcism:ReiMu"],"picked":"Authority:ReiMu","floor":33},{"not_picked":["FoulBorder2:ReiMu","RainPray2:ReiMu"],"picked":"Mountainwind:ReiMu+1","floor":35},{"not_picked":["Enchanting:ReiMu","SubcavityInstant:ReiMu+1"],"picked":"SpreadBorder2:ReiMu+1","floor":36},{"not_picked":["EmergencyTakeOff:ReiMu","Enchanting:ReiMu+1"],"picked":"DoubleButterfly:ReiMu+1","floor":39},{"not_picked":["KyokaiOfKami:ReiMu","BarrageOfMoneybags:ReiMu"],"picked":"FantasyMoon:ReiMu+1","floor":42},{"not_picked":["ShadowOfCrow2:ReiMu","SafetyPray:ReiMu","AlertArray:ReiMu+1"],"picked":"SKIP","floor":44},{"not_picked":["CollectionFlower2:ReiMu","Intuition:ReiMu"],"picked":"AlertArray:ReiMu","floor":45}],"player_experience":129450,"relics_obtained":[{"floor":7,"key":"KaguraBell:ReiMu"},{"floor":9,"key":"HornCleat"},{"floor":11,"key":"Shuriken"},{"floor":24,"key":"Mercury Hourglass"},{"floor":28,"key":"Whetstone"},{"floor":42,"key":"White Beast Statue"},{"floor":43,"key":"War Paint"}],"event_choices":[{"damage_healed":0,"gold_gain":175,"player_choice":"AGREE","damage_taken":0,"max_hp_gain":0,"max_hp_loss":0,"event_name":"Liars Game","floor":4,"gold_loss":0,"cards_obtained":["Doubt"]},{"damage_healed":0,"gold_gain":0,"player_choice":"Take Damage","damage_taken":16,"relics_obtained":["Golden Idol"],"max_hp_gain":0,"max_hp_loss":0,"event_name":"Golden Idol","floor":5,"gold_loss":0},{"cards_removed":["Strike_Lin:ReiMu"],"damage_healed":0,"gold_gain":0,"player_choice":"Purged","damage_taken":0,"max_hp_gain":0,"max_hp_loss":0,"event_name":"Purifier","floor":13,"gold_loss":0},{"damage_healed":21,"gold_gain":0,"player_choice":"Heal","damage_taken":0,"max_hp_gain":0,"max_hp_loss":0,"event_name":"The Library","floor":30,"gold_loss":0},{"damage_healed":0,"gold_gain":0,"player_choice":"Paid Fearfully","damage_taken":0,"max_hp_gain":0,"max_hp_loss":0,"event_name":"Masked Bandits","floor":31,"gold_loss":82},{"damage_healed":0,"gold_gain":0,"player_choice":"Embrace Madness","damage_taken":8,"max_hp_gain":0,"max_hp_loss":0,"event_name":"Winding Halls","floor":37,"gold_loss":0,"cards_obtained":["Madness","Madness"]},{"damage_healed":0,"gold_gain":333,"player_choice":"Gave Idol","damage_taken":0,"max_hp_gain":0,"max_hp_loss":0,"event_name":"The Moai Head","floor":38,"relics_lost":["Golden Idol"],"gold_loss":0},{"damage_healed":0,"gold_gain":0,"player_choice":"Forge","damage_taken":0,"max_hp_gain":0,"max_hp_loss":0,"event_name":"Accursed Blacksmith","floor":41,"gold_loss":0,"cards_upgraded":["Authority:ReiMu"]}],"is_beta":false,"boss_relics":[{"not_picked":["DonationBox:ReiMu","Black Star"],"picked":"Sozu"},{"not_picked":["Cursed Key","Philosopher\u0027s Stone"],"picked":"ShineYinYang:ReiMu"}],"items_purged_floors":[12],"is_endless":false,"potions_floor_spawned":[2,3,7,14,21,28,29,35,36,44,45],"killed_by":"3 Darklings","ascension_level":1}}