{"host":"t9ey1ebdrj6sa9fi","time":1607796179,"event":{"mods":["AchievementEnabler","Act Like it!","Aspiration","Astrologer","Bard","BaseMod","Better Altar","Better Match","Better Note","Better Sensory Stone","Better Silent Start","Better Third Choice","Better Vampires","ChefMod","Chen","Colored Map","Colored Powertips","Emptier Cage","Faster Ascension Climbing","Gensokyo","Highlight Path","Hubris","Jedi Mod","Marisa????????","Mimic Mod","Minty Spire (QoL Compilation)","Optimize The Spire","Pale of the Ancients","Permanent Neow","Quick Restart","Random Character Button","Relic Stats","Replay The Spire","Reworked Bosses","Shop Mod","Spicy Shops","StSLib","SuperFastMode","The Dragon Tamer","The IronCluck","Wandering Minibosses","everything is the same but u backflip on backflip","slay the spire mod where everything is the same but ironclad has a cowboy hat"],"gold_per_floor":[110,126,126,138,138,138,138],"floor_reached":6,"playtime":632,"items_purged":[],"score":41,"play_id":"85e196fb-3699-43c1-8108-f4413cacafb5","local_time":"20201212190259","is_ascension_mode":true,"campfire_choices":[],"circlet_count":0,"master_deck":["astrologer:Strike","astrologer:Strike","astrologer:Strike","astrologer:Defend","astrologer:Defend","astrologer:Defend","astrologer:Defend","astrologer:NorthStar","astrologer:TheFool","astrologer:Radiance","astrologer:SolarFlare","astrologer:Moonlight","Secret Technique"],"relics":["astrologer:SkyMirror","Snecko Eye"],"acts_visited":["Gensokyo:Gensokyo"],"potions_floor_usage":[],"damage_taken":[{"damage":0,"enemies":"Gensokyo:3_Fairies","floor":1,"turns":3},{"damage":0,"enemies":"Gensokyo:Gryphon","floor":2,"turns":3},{"damage":4,"enemies":"Gensokyo:2_Kodama","floor":4,"turns":4},{"damage":47,"enemies":"Gensokyo:Cirno","floor":6,"turns":6}],"seed_played":"-3518262005557625571","potions_obtained":[],"is_trial":false,"path_per_floor":["M","M","?","M","?","E"],"character_chosen":"ASTROLOGER","items_purchased":[],"campfire_rested":0,"item_purchase_floors":[],"current_hp_per_floor":[70,70,42,38,38,0,0],"gold":138,"neow_bonus":"CURSED_BOSS_RELIC","is_daily":false,"chose_seed":false,"campfire_upgraded":0,"win_rate":0.0,"timestamp":1607796179,"path_taken":["M","?","?","M","?","E"],"items_purchased_type":[],"build_version":"2020-11-30","purchased_purges":0,"victory":false,"max_hp_per_floor":[70,70,70,70,70,70,70],"relic_stats":{"counters":[4,16],"Snecko Eye":[27,36,23,24],"obtain_stats":[{"Snecko Eye":0,"astrologer:SkyMirror":0},{"Snecko Eye":0,"astrologer:SkyMirror":0},{"Snecko Eye":0,"astrologer:SkyMirror":0}]},"card_choices":[{"not_picked":["astrologer:Stardust","astrologer:Moonlight"],"picked":"astrologer:Radiance","floor":1},{"not_picked":["astrologer:ReadTheStars","astrologer:Premeditation"],"picked":"astrologer:SolarFlare","floor":2},{"not_picked":["astrologer:BlackHole","astrologer:FrozenStar"],"picked":"astrologer:Moonlight","floor":4},{"not_picked":["HandOfGreed","Swift Strike"],"picked":"Secret Technique","floor":5}],"player_experience":93479,"relics_obtained":[],"event_choices":[{"damage_healed":0,"gold_gain":1,"player_choice":"1","damage_taken":0,"max_hp_gain":0,"max_hp_loss":0,"event_name":"betterStone:BetterStone","floor":5,"gold_loss":0}],"is_beta":false,"boss_relics":[],"items_purged_floors":[],"is_endless":false,"potions_floor_spawned":[],"killed_by":"Gensokyo:Cirno","ascension_level":3}}