{"host":"3c27c697js19kaoo","time":1607781296,"event":{"mods":["BaseMod","Dota2Spire","Minty Spire (QoL Compilation)","Quick Restart","Remilia£®¿Ÿ√◊¿Ú—«£©","Replay The Spire","StSLib","The Cursed","The Gatherer","The Servant 0.9.4","°æ“≈ŒÔø®≈∆°øREMEMod"],"gold_per_floor":[115,115,133,105,105,131,144,174,198,215,215,290,325,341,341,341,341,446,446,462,174,186,186,203,237,152,152,200,200,200,219,232,14,14,109,109,122,122,133,133,133,159,9,44,95,146,177,189,199,210,210,210,210],"floor_reached":52,"playtime":2383,"items_purged":["Pain","Amnesia","Voices","Pain"],"score":911,"play_id":"e74d52b5-d2e6-42ef-8b89-2378731f3267","local_time":"20201212215456","is_ascension_mode":true,"campfire_choices":[{"data":"ShatteredReality","floor":11,"key":"SMITH"},{"floor":27,"key":"REST"},{"floor":34,"key":"REST"},{"floor":51,"key":"REST"}],"circlet_count":0,"master_deck":["Strike_S","Strike_S","Strike_S","Strike_S","Defend_S","Defend_S","Defend_S","Defend_S","KidneyShot","Exchange","Offering+1","BottledTime","Advance+1","ShatteredReality+1","ShatteredReality","Starlight","InstantArmor","MurderousAura","Initiator","Clumsy","Moondial","REME_BattleFury","Finesse","FloweringNight","BottledTime+1","Decay","Comet+1","Revamp+1","RealityMarble"],"relics":["Uniform","REME_ComplimentaryCards","NeowsBlessing","Mirror","ReplayTheSpireMod:CursedCoin","Bottled Lightning","Dota2Spire:EtherealBlade","Strawberry","Replay:Baseball","Replay:Ancient Bell","Simple Rune","Gremlin Horn","Dota2Spire:ShivaGuard","PreservedInsect","ReplayFunnel","ReplayTheSpireMod:TigerMarble","Replay:Bottled Eggs","Black Star","WarpedTongs","Pet Ghost","Dota2Spire:DrumOfEndurance","Darkstone Periapt","Golden Egg","Lantern","Counterbalance","REME_PuzzleBoxRelic","MealTicket"],"acts_visited":["Exordium","TheCity","TheBeyond"],"potions_floor_usage":[8,13,18,18,25,42,50,52],"damage_taken":[{"damage":0,"enemies":"Cultist","floor":1,"turns":1},{"damage":0,"enemies":"2 Louse","floor":3,"turns":1},{"damage":0,"enemies":"Gremlin Nob","floor":6,"turns":1},{"damage":6,"enemies":"Jaw Worm","floor":7,"turns":1},{"damage":26,"enemies":"Lagavulin","floor":8,"turns":4},{"damage":6,"enemies":"Blue Slaver","floor":10,"turns":1},{"damage":15,"enemies":"3 Sentries","floor":13,"turns":4},{"damage":6,"enemies":"3 Louse","floor":14,"turns":1},{"damage":15,"enemies":"Slime Boss","floor":18,"turns":7},{"damage":6,"enemies":"3 Byrds","floor":20,"turns":2},{"damage":6,"enemies":"2 Thieves","floor":22,"turns":2},{"damage":34,"enemies":"Snake Plant","floor":24,"turns":3},{"damage":12,"enemies":"REME_1_Revenger","floor":25,"turns":1},{"damage":6,"enemies":"3 Cultists","floor":31,"turns":1},{"damage":6,"enemies":"Sentry and Sphere","floor":32,"turns":1},{"damage":7,"enemies":"Champ","floor":35,"turns":9},{"damage":6,"enemies":"Orb Walker","floor":37,"turns":1},{"damage":15,"enemies":"3 Darklings","floor":39,"turns":3},{"damage":6,"enemies":"R_Hoarder","floor":42,"turns":6},{"damage":0,"enemies":"Reptomancer","floor":44,"turns":2},{"damage":6,"enemies":"2 Orb Walkers","floor":46,"turns":2},{"damage":11,"enemies":"Giant Head","floor":47,"turns":4},{"damage":9,"enemies":"Maw","floor":48,"turns":5},{"damage":17,"enemies":"Spire Growth","floor":49,"turns":3},{"damage":3,"enemies":"3 Darklings","floor":50,"turns":2},{"damage":38,"enemies":"Time Eater","floor":52,"turns":7}],"seed_played":"2552046708287466457","potions_obtained":[{"floor":1,"key":"FearPotion"},{"floor":7,"key":"Dexterity Potion"},{"floor":8,"key":"ColorlessPotion"},{"floor":14,"key":"ColorlessPotion"},{"floor":22,"key":"Death Potion"},{"floor":31,"key":"GamblersBrew"},{"floor":39,"key":"Adrenaline Potion"},{"floor":44,"key":"LiquidBronze"},{"floor":46,"key":"Strength Potion"},{"floor":49,"key":"Reflective Coating"}],"is_trial":false,"path_per_floor":["M","T","M","$","?","E","M","E","T","M","R","?","E","M","PTL","PTL","R","B",null,"M","$","M","?","M","E","?","R","T","?","T","M","M","$","R","B",null,"M","?","M","?","$","E","$","E","T","?","E","M","M","M","R","B"],"character_chosen":"THE_SERVANT","items_purchased":["ReplayTheSpireMod:CursedCoin","Advance","ShatteredReality","REME_BattleFury","Finesse"],"campfire_rested":3,"item_purchase_floors":[4,4,4,21,33],"current_hp_per_floor":[65,65,65,65,65,65,59,33,40,34,34,23,8,2,2,2,23,8,72,66,66,60,47,13,1,1,24,24,49,49,43,37,37,60,53,77,71,71,56,56,56,50,50,50,50,44,38,34,17,14,37,0,0],"gold":210,"neow_bonus":"THREE_ENEMY_KILL","is_daily":false,"chose_seed":false,"campfire_upgraded":1,"win_rate":0.0,"timestamp":1607781296,"path_taken":["M","?","M","$","?","E","M","E","T","?","R","?","E","M","PTL","PTL","R","BOSS","M","$","M","?","M","E","?","R","T","?","?","M","?","?","R","BOSS","M","?","?","?","?","E","$","E","T","?","E","M","M","M","R","BOSS"],"items_purchased_type":["Relic","Card","Card","Card","Card"],"build_version":"2020-11-30","purchased_purges":4,"victory":false,"max_hp_per_floor":[65,65,65,65,65,65,65,65,72,72,72,72,72,72,72,72,72,72,72,72,72,72,77,77,77,77,77,77,77,77,77,77,77,77,77,77,77,77,77,77,77,77,77,77,77,77,77,77,77,77,77,77,77],"card_choices":[{"not_picked":["TimeTheft","Desolation"],"picked":"BottledTime","floor":1},{"not_picked":["Alleviate","Revamp","Hightail"],"picked":"SKIP","floor":3},{"not_picked":["ShatteredReality","ShiftingGears","Defy"],"picked":"SKIP","floor":6},{"not_picked":["Rewind","Defy"],"picked":"Starlight","floor":7},{"not_picked":["Rearm","StarChef","Unruled"],"picked":"SKIP","floor":8},{"not_picked":["ShatteredReality","Revamp"],"picked":"InstantArmor","floor":10},{"not_picked":["BottledTime","ShiftingGears"],"picked":"MurderousAura","floor":13},{"not_picked":["Ricochet","TimeWarp","Rearm"],"picked":"SKIP","floor":14},{"not_picked":["ForgedInTime","Sunlight"],"picked":"Initiator","floor":18},{"not_picked":["Sloth_TH","Writhe"],"picked":"Voices","floor":19},{"not_picked":["Looming Evil","ReplayTheSpireMod:Splinters"],"picked":"Amnesia","floor":19},{"not_picked":["Parasite","Shame"],"picked":"Clumsy","floor":19},{"not_picked":["Revamp","Rewind+1"],"picked":"Moondial","floor":20},{"not_picked":["Advance","Read","Revamp+1"],"picked":"SKIP","floor":22},{"not_picked":["Rewind","Unruled","Replace"],"picked":"SKIP","floor":24},{"not_picked":["Replace","SurpressingFire","Snipe+1"],"picked":"SKIP","floor":25},{"not_picked":["Moonlight+1","Rearm","ShatteredReality"],"picked":"SKIP","floor":31},{"not_picked":["Gouge+1","Alleviate","RealityMarble"],"picked":"SKIP","floor":32},{"not_picked":["Deny","FlawlessForm"],"picked":"FloweringNight","floor":35},{"not_picked":["Potential+1","Rewind"],"picked":"BottledTime+1","floor":37},{"not_picked":["Foresight+1","DoubleEdge+1"],"picked":"Comet+1","floor":39},{"not_picked":["ReturningBlade+1","Starlight","Barrier"],"picked":"SKIP","floor":42},{"not_picked":["Duplication","Unruled+1"],"picked":"Revamp+1","floor":44},{"not_picked":["BottledTime","StarChef+1","LightFlow"],"picked":"SKIP","floor":47},{"not_picked":["Ricochet","Alleviate+1"],"picked":"RealityMarble","floor":48},{"not_picked":["Misdirection+1","FastForward+1","ShatteredReality"],"picked":"SKIP","floor":49},{"not_picked":["Replace+1","ShiftingGears+1","Defy+1"],"picked":"SKIP","floor":50}],"player_experience":108626,"relics_obtained":[{"floor":2,"key":"Mirror"},{"floor":6,"key":"Bottled Lightning"},{"floor":8,"key":"Dota2Spire:EtherealBlade"},{"floor":9,"key":"Strawberry"},{"floor":13,"key":"Replay:Baseball"},{"floor":25,"key":"PreservedInsect"},{"floor":28,"key":"ReplayTheSpireMod:TigerMarble"},{"floor":30,"key":"Replay:Bottled Eggs"},{"floor":42,"key":"Pet Ghost"},{"floor":42,"key":"Dota2Spire:DrumOfEndurance"},{"floor":44,"key":"Darkstone Periapt"},{"floor":44,"key":"Golden Egg"},{"floor":45,"key":"Lantern"},{"floor":46,"key":"Counterbalance"},{"floor":47,"key":"REME_PuzzleBoxRelic"},{"floor":47,"key":"MealTicket"}],"event_choices":[{"damage_healed":0,"gold_gain":0,"player_choice":"Upgraded","damage_taken":0,"max_hp_gain":0,"max_hp_loss":0,"event_name":"Upgrade Shrine","floor":5,"gold_loss":0,"cards_upgraded":["Advance"]},{"damage_healed":0,"gold_gain":75,"player_choice":"Gather Gold","damage_taken":11,"max_hp_gain":0,"max_hp_loss":0,"event_name":"World of Goop","floor":12,"gold_loss":0},{"damage_healed":0,"gold_gain":0,"player_choice":"Shed Blood","damage_taken":18,"max_hp_gain":5,"max_hp_loss":0,"event_name":"Forgotten Altar","floor":23,"gold_loss":0},{"damage_healed":0,"gold_gain":0,"player_choice":"Obtained Relic","damage_taken":0,"relics_obtained":["ReplayFunnel"],"max_hp_gain":0,"max_hp_loss":0,"event_name":"Addict","floor":26,"gold_loss":85},{"damage_healed":25,"gold_gain":0,"player_choice":"Heal","damage_taken":0,"max_hp_gain":0,"max_hp_loss":0,"event_name":"The Library","floor":29,"gold_loss":0},{"damage_healed":0,"gold_gain":0,"player_choice":"Cursed","damage_taken":0,"max_hp_gain":0,"max_hp_loss":0,"event_name":"Wheel of Change","floor":38,"gold_loss":0,"cards_obtained":["Decay"]},{"damage_healed":0,"gold_gain":0,"player_choice":"Rummage","damage_taken":0,"relics_obtained":["WarpedTongs"],"max_hp_gain":0,"max_hp_loss":0,"event_name":"Accursed Blacksmith","floor":40,"gold_loss":0,"cards_obtained":["Pain"]},{"damage_healed":0,"gold_gain":0,"player_choice":"Fight","damage_taken":0,"max_hp_gain":0,"max_hp_loss":0,"event_name":"Mysterious Sphere","floor":46,"gold_loss":0}],"is_beta":false,"boss_relics":[{"not_picked":["Replay:Bronze Core","REME_LowDesire"],"picked":"Replay:Ancient Bell"},{"not_picked":["Dream Catcher","Dota2Spire:BladeMail"],"picked":"Simple Rune"},{"not_picked":["Chameleon Ring","Replay:Ringing Soul"],"picked":"Gremlin Horn"},{"not_picked":["WingedGreaves","REME_IWantAll"],"picked":"Dota2Spire:ShivaGuard"},{"not_picked":["Kintsugi","Runic Dome"],"picked":"Black Star"}],"items_purged_floors":[4,21,33,43],"is_endless":false,"potions_floor_spawned":[1,7,8,14,22,31,39,44,46,49],"killed_by":"Time Eater","ascension_level":3}}