{"host":"oi1nj6gqzrtwlr6p","time":1607743821,"event":{"mods":["2.2 Compatiblity","BaseMod","Better Match","Better Note","Block Reminder","Colored Powertips","DeckTracker","Downfall","Energized Spire","Koishi","Marisa????????","Minty Spire (QoL Compilation)","Rare Cards Sparkle","Reimu??????","StSLib","Td1madao Mod","The Administrix","The Senshi","The Servant 0.9.4","The Vixen","The Wild Card"],"gold_per_floor":[99,99,156,81,40,53,53,69,86,105,124,134,134,183,200,301,301,226,237,49,66,78,93,145,163,163,163],"floor_reached":26,"playtime":3320,"items_purged":[],"score":254,"play_id":"4277062c-a425-44d4-8cdc-56db8917e7fe","local_time":"20201211213021","is_ascension_mode":false,"campfire_choices":[{"floor":1.0,"key":"RECALL"},{"floor":4.0,"key":"REST"},{"data":"sneckomod:MorePower","floor":18.0,"key":"SMITH"}],"circlet_count":0,"master_deck":["sneckomod:Strike","sneckomod:Strike","sneckomod:Strike","sneckomod:Defend","sneckomod:Defend","sneckomod:Defend","sneckomod:TailWhip","sneckomod:SnekBite","sneckomod:Unknown","sneckomod:Unknown","theWildCard:Sakuya+1","sneckomod:Nope","sneckomod:UnknownBlock","sneckomod:DiceBoulder+1","sneckomod:UnknownClassGREEN","sneckomod:UnknownBlock+1","sneckomod:UnknownWeak","sneckomod:UnknownClassDEFAULT_BLUE_COLOR","sneckomod:Unknown0Cost","Regret","sneckomod:DiceCrush","sneckomod:MorePower+1","sneckomod:UnknownStrength+1","sneckomod:UnknownEthereal+1","sneckomod:UnknownStrike","sneckomod:Unknown0Cost+1","sneckomod:CheapStock","sneckomod:UnknownRarePower+1","sneckomod:SoulCleanse","sneckomod:UnknownExhaust+1","sneckomod:UnknownCommonAttack+1","sneckomod:UnknownEthereal+1","sneckomod:WideSting"],"relics":["sneckomod:SneckoSoul","theSenshi:FeatherClipsRelic","downfall:HeartBlessingRed","RuthlessExorcism:ReiMu","energizedSpire:OgreHead","downfall:HeartBlessingBlue","Bag of Marbles","Strawberry"],"acts_visited":[],"potions_floor_usage":[],"damage_taken":[{"damage":42.0,"enemies":"Gremlin Nob","floor":3.0,"turns":5.0},{"damage":0.0,"enemies":"downfall:FleeingMerchant","floor":5.0,"turns":4.0},{"damage":11.0,"enemies":"Small Slimes","floor":6.0,"turns":4.0},{"damage":8.0,"enemies":"Jaw Worm","floor":8.0,"turns":2.0},{"damage":1.0,"enemies":"Cultist","floor":9.0,"turns":4.0},{"damage":28.0,"enemies":"Large Slime","floor":10.0,"turns":4.0},{"damage":10.0,"enemies":"Blue Slaver","floor":11.0,"turns":4.0},{"damage":9.0,"enemies":"Large Slime","floor":12.0,"turns":8.0},{"damage":1.0,"enemies":"2 Fungi Beasts","floor":15.0,"turns":3.0},{"damage":71.0,"enemies":"downfall:CharBossWatcher","floor":16.0,"turns":12.0},{"damage":2.0,"enemies":"3 Byrds","floor":19.0,"turns":5.0},{"damage":12.0,"enemies":"downfall:FleeingMerchant","floor":20.0,"turns":4.0},{"damage":0.0,"enemies":"Chosen","floor":21.0,"turns":3.0},{"damage":39.0,"enemies":"Shelled Parasite and Fungi","floor":22.0,"turns":5.0},{"damage":25.0,"enemies":"Snake Plant","floor":23.0,"turns":4.0},{"damage":35.0,"enemies":"Cultist and Chosen","floor":25.0,"turns":5.0},{"damage":0,"enemies":"Slavers","floor":26,"turns":1}],"seed_played":"-7506864381788235999","potions_obtained":[{"floor":6.0,"key":"sneckomod:DiceRollPotion"},{"floor":11.0,"key":"SteroidPotion"},{"floor":15.0,"key":"sneckomod:DiceRollPotion"},{"floor":16.0,"key":"Dexterity Potion"},{"floor":21.0,"key":"Strength Potion"},{"floor":23.0,"key":"Fire Potion"},{"floor":25.0,"key":"LiquidBronze"}],"is_trial":false,"path_per_floor":["R","?","?","R","$","M","T","M","M","M","M","M","?","T","M","B",null,"R","M","$","M","M","M","T","M","E"],"character_chosen":"THE_SNECKO","items_purchased":["sneckomod:UnknownBlock","Bag of Marbles","sneckomod:UnknownStrike"],"campfire_rested":1,"item_purchase_floors":[5,20,20],"current_hp_per_floor":[99,99,63,92,99,94,94,93,99,78,75,73,73,73,78,13,105,115,117,112,119,87,70,77,49,49,49],"gold":163,"neow_bonus":"TEN_PERCENT_HP_BONUS","is_daily":false,"chose_seed":false,"campfire_upgraded":1,"win_rate":0.0,"timestamp":1607743821,"path_taken":["R","?","?","R","$","?","T","M","M","M","M","M","?","?","M","BOSS","R","M","$","M","M","M","T","M","E"],"items_purchased_type":["Card","Relic","Card"],"build_version":"2020-11-30","purchased_purges":0,"victory":false,"max_hp_per_floor":[99,99,99,99,100,100,100,101,102,103,104,105,105,105,105,105,105,115,117,118,119,120,122,129,130,130,130],"card_choices":[{"not_picked":["sneckomod:Unknown1Cost","sneckomod:SoulRoll"],"picked":"sneckomod:Nope","floor":3.0},{"not_picked":["sneckomod:IronFang","sneckomod:UnknownClassSILVER"],"picked":"sneckomod:DiceBoulder","floor":6.0},{"not_picked":["sneckomod:QuickBite","sneckomod:DiceBlock"],"picked":"sneckomod:UnknownClassGREEN","floor":8.0},{"not_picked":["sneckomod:UnknownClassREIMU_COLOR","sneckomod:Nope"],"picked":"sneckomod:UnknownBlock","floor":9.0},{"not_picked":["sneckomod:SoulExchange","sneckomod:UnknownVulnerable"],"picked":"sneckomod:UnknownWeak","floor":10.0},{"not_picked":["sneckomod:DiceBlock","sneckomod:WideSting"],"picked":"sneckomod:UnknownClassDEFAULT_BLUE_COLOR","floor":11.0},{"not_picked":["sneckomod:UnknownClassSILVER","sneckomod:UnknownVulnerable"],"picked":"sneckomod:Unknown0Cost","floor":12.0},{"not_picked":["sneckomod:RainOfDice","sneckomod:Nope"],"picked":"sneckomod:DiceCrush","floor":15.0},{"not_picked":["sneckomod:Mudshield","sneckomod:DangerNoodle"],"picked":"sneckomod:MorePower","floor":16.0},{"not_picked":["sneckomod:UnknownClassMARISA_COLOR+1","sneckomod:UnknownClassPURPLE+1"],"picked":"sneckomod:UnknownStrength+1","floor":19.0},{"not_picked":["sneckomod:UnknownClassSILVER","sneckomod:UnknownCommonSkill+1"],"picked":"sneckomod:UnknownEthereal+1","floor":19.0},{"not_picked":["sneckomod:UnknownX+1","sneckomod:UnknownClassMARISA_DERIVATIONS+1"],"picked":"sneckomod:Unknown0Cost+1","floor":21.0},{"not_picked":["sneckomod:QuickMove","sneckomod:Unknown2Cost"],"picked":"sneckomod:CheapStock","floor":21.0},{"not_picked":["sneckomod:UnknownCommonSkill+1","sneckomod:UnknownStrike+1"],"picked":"sneckomod:UnknownRarePower+1","floor":22.0},{"not_picked":["sneckomod:UnknownClassSAIYAN_CARD_COLOR+1","sneckomod:UnknownBlock+1"],"picked":"sneckomod:SoulCleanse","floor":22.0},{"not_picked":["sneckomod:UnknownClassDEFAULT_BLUE_COLOR+1","sneckomod:UnknownUncommonSkill+1"],"picked":"sneckomod:UnknownExhaust+1","floor":23.0},{"not_picked":["sneckomod:UnknownClassSILVER+1","sneckomod:UnknownUncommonPower"],"picked":"sneckomod:UnknownCommonAttack+1","floor":23.0},{"not_picked":["sneckomod:UnknownClassSILVER+1","sneckomod:UnknownClassSENSHI_COLOR+1"],"picked":"sneckomod:UnknownEthereal+1","floor":25.0},{"not_picked":["sneckomod:SnekBeam","sneckomod:UnknownClassLichGold"],"picked":"sneckomod:WideSting","floor":25.0}],"player_experience":308813,"relics_obtained":[{"floor":14.0,"key":"RuthlessExorcism:ReiMu"},{"floor":24.0,"key":"Strawberry"}],"event_choices":[],"is_beta":false,"boss_relics":[{"not_picked":["Astrolabe","Fusion Hammer"],"picked":"energizedSpire:OgreHead"}],"items_purged_floors":[],"is_endless":false,"potions_floor_spawned":[6,11,15,16,21,23,25],"killed_by":"Slavers","ascension_level":0}}