{"host":"87w2793jpavfbt1o","time":1607737771,"event":{"mods":["AchievementEnabler","Aspiration","BaseMod","Better Altar","Better Match","Better Note","Better Sensory Stone","Better Skull","Better Third Choice","Better Vampires","BetterRewards","Conspire","Displayed Cursed Tome","Downfall","Energized Spire","Filter the Spire","Halation","Highlight Path","Hubris","Infinite Spire","Marked Mod","Minty Spire (QoL Compilation)","Practice Mode","Prisma Mod","Relic Filter","Relic Sorter","Replay The Spire","SIMod","Shop Mod","StSLib","TestMod","??????REMEMod"],"gold_per_floor":[141,209,209,227,251,251,274,337,337,38,87,113,149,205,205,347,347,381,57,57,90,490,490,116,168,168,203,254,254,49,49,175,175,219,258,258,307,316,316,392,392,442,451,515,23,71,128,128,223,223],"floor_reached":50,"playtime":4252,"items_purged":[],"score":1270,"play_id":"b46d14da-1bc6-4397-891a-b53dc9c59186","local_time":"20201211174931","is_ascension_mode":true,"campfire_choices":[{"floor":6.0,"key":"RECALL"},{"data":"Blasphemy","floor":15.0,"key":"SMITH"},{"data":"REME_TwoStrings","floor":23.0,"key":"SMITH"},{"data":"Replay:SS_hec_1","floor":27.0,"key":"SMITH"},{"data":"Storm","floor":32.0,"key":"SMITH"},{"data":"infinitespire:TheBestDefense","floor":40.0,"key":"SMITH"},{"data":"REME_AllRoundStrike","floor":49,"key":"SMITH"}],"circlet_count":0,"master_deck":["Strike_R","Strike_R","Strike_R","Strike_R","Strike_R","Defend_R","Defend_R","Defend_R","Defend_R","Bash","Blasphemy+1","Feel No Pain","Replay:SS_hec_1+1","Sadistic Nature","REME_TwoStrings+1","Whirlwind","Feel No Pain","Combust","ReplayTheSpireMod:Muscle Training","Inflame","Eclipse","Perfected Strike","Metallicize","Wild Strike","Demon Form","ReplayTheSpireMod:Brewmster","ReplayTheSpireMod:Brewmster","Armaments+1","Ball Lightning","REME_Cut","Conserve Battery","Sadistic Nature+1","Perfected Strike","hubris:CleavingFinish+1","Demon Form","Infernal Blade+1","Storm+1","Barricade","ReplayTheSpireMod:Strike From Hell","Gash+1","Melter","infinitespire:TheBestDefense+1","Machine Learning","hubris:Rewind","REME_FearOfPain+1","Fire Breathing","REME_AllRoundStrike+1","hubris:SharpeningStone+1","Uppercut","Pummel","Pummel","Conserve Battery","Wild Strike+1"],"relics":["Burning Blood","halation:VictoryRuler","testmod-TestBox","testmod-EqualTreatment","Red Skull","REME_ArchaeologicalTools","hubris:EmptyBottle","testmod-ConstraintPeriapt","hubris:SlimyHat","conspire:TopHat","CeramicFish","Toy Ornithopter","conspire:TreasureMap","Blue Doll","Mercury Hourglass","hubris:Teleporter","aspiration:DefectSkillbook","infinitespire:Lucky Rock","hubris:BottledHeart","StrikeDummy","testmod-ArcanaOfDestiny","Replay:Baseball","halation:Sosunser","infinitespire:Cupcake","infinitespire:EvilPickle","Juzu Bracelet","aspiration:Lifesprig","Juzu Bracelet","aspiration:TomeofQuesting","Replay:Bandana"],"acts_visited":["Exordium","TheCity","TheBeyond"],"potions_floor_usage":[48,50,50,50,50],"damage_taken":[{"damage":0.0,"enemies":"Cultist","floor":1.0,"turns":3.0},{"damage":0.0,"enemies":"2 Louse","floor":4.0,"turns":1.0},{"damage":2.0,"enemies":"Small Slimes","floor":5.0,"turns":2.0},{"damage":15.0,"enemies":"Gremlin Nob","floor":8.0,"turns":3.0},{"damage":28.0,"enemies":"3 Sentries","floor":11.0,"turns":3.0},{"damage":8.0,"enemies":"Exordium Wildlife","floor":12.0,"turns":2.0},{"damage":1.0,"enemies":"Blue Slaver","floor":13.0,"turns":2.0},{"damage":12.0,"enemies":"Lagavulin","floor":14.0,"turns":6.0},{"damage":28.0,"enemies":"Hexaghost","floor":16.0,"turns":7.0},{"damage":0.0,"enemies":"Spheric Guardian","floor":18.0,"turns":3.0},{"damage":0.0,"enemies":"Chosen","floor":21.0,"turns":3.0},{"damage":0.0,"enemies":"REME_1_Revenger","floor":25.0,"turns":3.0},{"damage":0.0,"enemies":"3 Cultists","floor":28.0,"turns":3.0},{"damage":0.0,"enemies":"Book of Stabbing","floor":29.0,"turns":3.0},{"damage":0.0,"enemies":"Pondfish","floor":33.0,"turns":5.0},{"damage":0.0,"enemies":"3 Darklings","floor":35.0,"turns":2.0},{"damage":0.0,"enemies":"3 Shapes","floor":36.0,"turns":2.0},{"damage":0.0,"enemies":"Transient","floor":38.0,"turns":5.0},{"damage":0.0,"enemies":"Nemesis","floor":41.0,"turns":5.0},{"damage":0.0,"enemies":"Jaw Worm Horde","floor":45.0,"turns":2.0},{"damage":0.0,"enemies":"Reptomancer","floor":47.0,"turns":1.0},{"damage":0,"enemies":"3 Darklings","floor":48,"turns":2},{"damage":74,"enemies":"LordOfAnnihilation","floor":50,"turns":7}],"seed_played":"5557347594623915435","potions_obtained":[{"floor":1.0,"key":"Adrenaline Potion"},{"floor":2.0,"key":"Languid Potion"},{"floor":2.0,"key":"ColorlessPotion"},{"floor":11.0,"key":"PowerPotion"},{"floor":12.0,"key":"AttackPotion"},{"floor":13.0,"key":"Milkshake"},{"floor":14.0,"key":"Energy Potion"},{"floor":21.0,"key":"Block Potion"},{"floor":36.0,"key":"Energy Potion"},{"floor":45.0,"key":"Fire Potion"}],"is_trial":false,"path_per_floor":["M","?","?","M","M","R","T","E","T","$","E","M","M","E","R","B",null,"M","$","?","M","?","R","$","E","R","M","E","?","$","R","B",null,"M","M","?","M","AVR","R","E","?","T","?","M","$","E","M","R","B"],"character_chosen":"IRONCLAD","items_purchased":["Red Skull","REME_ArchaeologicalTools","hubris:EmptyBottle","Feel No Pain","Replay:SS_hec_1","Sadistic Nature","Pantograph","hubris:SlimyHat","REME_TwoStrings","conspire:TreasureMap","Blue Doll","ReplayTheSpireMod:Brewmster","infinitespire:Lucky Rock","Armaments+1","Ball Lightning","StrikeDummy","Conserve Battery","Sadistic Nature+1","halation:Sosunser","Infernal Blade+1","Storm","aspiration:TomeofQuesting","Fire Breathing","REME_AllRoundStrike","hubris:SharpeningStone+1","Uppercut","Pummel"],"campfire_rested":0,"item_purchase_floors":[0,0,0,0,0,0,0,0,0,10,10,19,19,19,19,24,24,24,31,31,31,46,46,46,46,46,46],"current_hp_per_floor":[31,31,31,37,42,42,42,34,34,34,13,16,31,35,35,53,73,80,80,1,1,1,1,1,1,1,1,1,1,1,1,1,1,1,1,1,1,1,1,1,1,1,1,1,1,1,1,1,0,0],"gold":223,"neow_bonus":"","is_daily":false,"chose_seed":false,"campfire_upgraded":6,"win_rate":0.0,"timestamp":1607737771,"path_taken":["M","?","?","?","M","R","?","E","T","$","E","M","M","E","R","BOSS","M","$","?","M","?","R","?","E","R","M","E","?","?","R","BOSS","M","M","?","M","AVR","R","E","?","T","?","M","$","E","M","R","BOSS"],"items_purchased_type":["Relic","Relic","Relic","Card","Card","Card","Relic","Relic","Card","Relic","Relic","Card","Relic","Card","Card","Relic","Card","Card","Relic","Card","Card","Relic","Card","Card","Card","Card","Card"],"build_version":"2020-11-30","purchased_purges":0,"victory":false,"max_hp_per_floor":[80,80,80,80,80,80,80,80,80,80,80,80,80,80,80,80,80,80,80,1,1,1,1,1,1,1,1,1,1,1,1,1,1,1,1,1,1,1,1,1,1,1,1,1,1,1,1,1,1,1],"card_choices":[{"not_picked":["Spot Weakness","Sword Boomerang"],"picked":"Whirlwind","floor":1.0},{"not_picked":["Headbutt","Hemokinesis"],"picked":"Feel No Pain","floor":2.0},{"not_picked":["Rampage","True Grit"],"picked":"Combust","floor":4.0},{"not_picked":["Life Link","ReplayTheSpireMod:Stacked"],"picked":"ReplayTheSpireMod:Muscle Training","floor":5.0},{"not_picked":["Wild Strike","Intimidate"],"picked":"Inflame","floor":8.0},{"not_picked":["Warcry","Pummel"],"picked":"Eclipse","floor":11.0},{"not_picked":["Clothesline","Sword Boomerang"],"picked":"Perfected Strike","floor":12.0},{"not_picked":["Shockwave","Warcry"],"picked":"Metallicize","floor":13.0},{"not_picked":["Armaments","Clothesline"],"picked":"Wild Strike","floor":14.0},{"not_picked":["Juggernaut","Limit Break"],"picked":"Demon Form","floor":16.0},{"not_picked":["Carnage","Havoc+1","Clothesline+1","BasicCrystalCard"],"picked":"SKIP","floor":18.0},{"not_picked":["conspire:SharedLibrary","Run Through","Stack+1"],"picked":"REME_Cut","floor":21.0},{"not_picked":["ReplayRNGCard","Warcry+1","Havoc"],"picked":"Perfected Strike","floor":25.0},{"not_picked":["ReplayTheSpireMod:Muscle Training","Coolheaded","Hologram"],"picked":"hubris:CleavingFinish+1","floor":28.0},{"not_picked":["Clash","ReplayTheSpireMod:Muscle Training","Anger"],"picked":"Demon Form","floor":29.0},{"not_picked":["Exhume","Eclipse","Thunder Strike"],"picked":"Barricade","floor":33.0},{"not_picked":["Havoc+1","Body Slam+1","True Grit+1"],"picked":"ReplayTheSpireMod:Strike From Hell","floor":35.0},{"not_picked":["Cold Snap","Rebound+1","Headbutt+1"],"picked":"Gash+1","floor":36.0},{"not_picked":["conspire:ExplosiveBarrier","Barrage","Rampage"],"picked":"Melter","floor":38.0},{"not_picked":["Havoc","Blood for Blood+1","infinitespire:OneForAll+1"],"picked":"Machine Learning","floor":41.0},{"not_picked":["infinitespire:Gouge","infinitespire:NeuralNetwork"],"picked":"hubris:Rewind","floor":44.0},{"not_picked":["True Grit","Sword Boomerang+1","Panic Button"],"picked":"REME_FearOfPain+1","floor":45.0},{"not_picked":["Disarm+1","Intimidate","Run Through"],"picked":"Conserve Battery","floor":47},{"not_picked":["Feel No Pain","REME_Whirling","Uppercut+1"],"picked":"Wild Strike+1","floor":48}],"player_experience":613206,"relics_obtained":[{"floor":2.0,"key":"conspire:TopHat"},{"floor":7.0,"key":"CeramicFish"},{"floor":8.0,"key":"Toy Ornithopter"},{"floor":11.0,"key":"Mercury Hourglass"},{"floor":14.0,"key":"hubris:Teleporter"},{"floor":25.0,"key":"testmod-ArcanaOfDestiny"},{"floor":29.0,"key":"Replay:Baseball"},{"floor":41.0,"key":"aspiration:Lifesprig"},{"floor":43.0,"key":"Juzu Bracelet"},{"floor":47,"key":"Replay:Bandana"}],"event_choices":[{"cards_removed":["ReplayTheSpireMod:Splinters"],"damage_healed":0.0,"max_hp_gain":0.0,"max_hp_loss":0.0,"gold_gain":0.0,"event_name":"Fountain of Cleansing","player_choice":"Removed Curses","floor":3.0,"gold_loss":0.0,"damage_taken":0.0},{"damage_healed":0.0,"max_hp_gain":0.0,"max_hp_loss":0.0,"gold_gain":400.0,"event_name":"Plate Of N\u0027loth","player_choice":"Sell","floor":22.0,"relics_lost":["REME_ComplimentaryCards"],"gold_loss":0.0,"damage_taken":0.0},{"damage_healed":0.0,"max_hp_gain":0.0,"max_hp_loss":0.0,"gold_gain":0.0,"event_name":"Box For Yourself","player_choice":"Swap Relic","floor":37.0,"relics_lost":["Pantograph"],"gold_loss":0.0,"damage_taken":0.0,"relics_obtained":["Juzu Bracelet"]}],"is_beta":false,"boss_relics":[{"not_picked":["conspire:RunicOctahedron","aspiration:PoetsPen"],"picked":"aspiration:DefectSkillbook"},{"not_picked":["energizedSpire:StickyHand","Ooze Armor"],"picked":"infinitespire:Cupcake"}],"items_purged_floors":[],"is_endless":false,"potions_floor_spawned":[1,11,12,13,14,21,28,36,45],"killed_by":"LordOfAnnihilation","ascension_level":6}}