{"host":"4edbuligkc8x13l4","time":1607777926,"event":{"mods":["BaseMod","Minty Spire (QoL Compilation)","StSLib","SuperFastMode"],"gold_per_floor":[119,119,136,211,17,17,43,43,124,137,137,165,165,183,183,254,254,274,274,274,291,96,96,96],"floor_reached":23,"playtime":1821,"items_purged":["Wraith Form v2"],"score":389,"play_id":"476093bc-9514-4ef4-8c4b-4bb420d2d293","local_time":"20201212205846","is_ascension_mode":true,"campfire_choices":[{"data":"Terror","floor":6.0,"key":"SMITH"},{"data":"Footwork","floor":8.0,"key":"SMITH"},{"floor":15.0,"key":"REST"}],"circlet_count":0,"master_deck":["AscendersBane","Strike_G","Strike_G","Strike_G","Strike_G","Defend_G","Defend_G","Defend_G","Defend_G","Survivor","Neutralize","Concentrate","Terror+1","Slice","Footwork+1","Backflip","Heel Hook","Slice","After Image","Flying Knee+1","Tools of the Trade","Quick Slash","Tactician","Footwork"],"relics":["Ring of the Snake","NeowsBlessing","Vajra","Ancient Tea Set","Eternal Feather","Gremlin Horn","Shuriken","Sozu"],"acts_visited":["Exordium","TheCity"],"potions_floor_usage":[],"damage_taken":[{"damage":0.0,"enemies":"Small Slimes","floor":1.0,"turns":1.0},{"damage":0.0,"enemies":"2 Louse","floor":3.0,"turns":1.0},{"damage":0.0,"enemies":"Gremlin Nob","floor":7.0,"turns":1.0},{"damage":0.0,"enemies":"Jaw Worm","floor":10.0,"turns":2.0},{"damage":34.0,"enemies":"3 Sentries","floor":12.0,"turns":13.0},{"damage":9.0,"enemies":"Red Slaver","floor":14.0,"turns":4.0},{"damage":19.0,"enemies":"The Guardian","floor":16.0,"turns":12.0},{"damage":14.0,"enemies":"3 Byrds","floor":18.0,"turns":7.0},{"damage":5,"enemies":"Chosen","floor":21,"turns":5},{"damage":77,"enemies":"Gremlin Leader","floor":23,"turns":4}],"seed_played":"3099601323763420809","potions_obtained":[{"floor":1.0,"key":"EntropicBrew"},{"floor":3.0,"key":"Poison Potion"},{"floor":7.0,"key":"PowerPotion"},{"floor":16.0,"key":"FairyPotion"}],"is_trial":false,"path_per_floor":["M","?","M","?","$","R","E","R","T","M","?","E","?","M","R","B",null,"M","?","?","M","$","E"],"character_chosen":"THE_SILENT","items_purchased":["Vajra","Slice","Tactician","Footwork"],"campfire_rested":1,"item_purchase_floors":[5,5,22,22],"current_hp_per_floor":[59,59,59,48,48,48,48,48,48,48,48,14,14,5,36,32,58,44,44,44,39,39,0,0],"gold":96,"neow_bonus":"THREE_ENEMY_KILL","is_daily":false,"chose_seed":false,"campfire_upgraded":2,"win_rate":0.0,"timestamp":1607777926,"path_taken":["M","?","M","?","$","R","E","R","T","M","?","E","?","M","R","BOSS","M","?","?","M","$","E"],"items_purchased_type":["Relic","Card","Card","Card"],"build_version":"2020-11-30","purchased_purges":1,"victory":false,"max_hp_per_floor":[66,66,66,66,66,66,66,66,66,66,66,66,66,66,66,66,66,66,66,66,66,66,66,66],"card_choices":[{"not_picked":["Noxious Fumes","Flechettes"],"picked":"Concentrate","floor":1.0},{"not_picked":["Leg Sweep","Underhanded Strike"],"picked":"Terror","floor":3.0},{"not_picked":["Infinite Blades","Leg Sweep"],"picked":"Footwork","floor":7.0},{"not_picked":["Sucker Punch","Riddle With Holes"],"picked":"Backflip","floor":10.0},{"not_picked":["Quick Slash","PiercingWail"],"picked":"Heel Hook","floor":12.0},{"not_picked":["Choke","Leg Sweep"],"picked":"Slice","floor":14.0},{"not_picked":["Doppelganger","Corpse Explosion"],"picked":"After Image","floor":16.0},{"not_picked":["Flechettes","Eviscerate"],"picked":"Flying Knee+1","floor":18.0},{"not_picked":["Sucker Punch","Bouncing Flask"],"picked":"Quick Slash","floor":21}],"player_experience":895997,"relics_obtained":[{"floor":7.0,"key":"Ancient Tea Set"},{"floor":9.0,"key":"Eternal Feather"},{"floor":12.0,"key":"Shuriken"}],"event_choices":[{"damage_healed":0.0,"max_hp_gain":0.0,"max_hp_loss":0.0,"gold_gain":0.0,"event_name":"Shining Light","player_choice":"Ignored","floor":2.0,"gold_loss":0.0,"damage_taken":0.0},{"damage_healed":0.0,"max_hp_gain":0.0,"max_hp_loss":0.0,"gold_gain":75.0,"event_name":"World of Goop","player_choice":"Gather Gold","floor":4.0,"gold_loss":0.0,"damage_taken":11.0},{"damage_healed":0.0,"max_hp_gain":0.0,"max_hp_loss":0.0,"gold_gain":0.0,"event_name":"Dead Adventurer","player_choice":"Searched \u00271\u0027 times","floor":11.0,"gold_loss":0.0,"damage_taken":0.0,"relics_obtained":["Gremlin Horn"]},{"damage_healed":0.0,"max_hp_gain":0.0,"max_hp_loss":0.0,"gold_gain":0.0,"event_name":"Liars Game","player_choice":"Ignored","floor":13.0,"gold_loss":0.0,"damage_taken":0.0},{"damage_healed":0.0,"max_hp_gain":0.0,"max_hp_loss":0.0,"gold_gain":0.0,"cards_transformed":["Strike_G","Defend_G"],"event_name":"Drug Dealer","player_choice":"Became Test Subject","floor":19.0,"gold_loss":0.0,"damage_taken":0.0,"cards_obtained":["Wraith Form v2","Tools of the Trade"]},{"damage_healed":0,"gold_gain":0,"player_choice":"Ignored","damage_taken":0,"max_hp_gain":0,"max_hp_loss":0,"event_name":"Cursed Tome","floor":20,"gold_loss":0}],"is_beta":false,"boss_relics":[{"not_picked":["SacredBark","WristBlade"],"picked":"Sozu"}],"items_purged_floors":[22],"is_endless":false,"potions_floor_spawned":[1,3,7,14,16,18,21],"killed_by":"Gremlin Leader","ascension_level":15}}