{"host":"tkinv8gv6hgcc58b","time":1607731296,"event":{"mods":["BaseMod","Colored Map","Downfall","Googly Eyes","Hermit","Minty Spire (QoL Compilation)","READ ME - Guardian Mod","StSLib","The Cursed","The Disciple"],"gold_per_floor":[119,119,194,194,43,43,63,63,63,63,83,83,125,164,164,249,249,242,16,25,51,51,51,70,70,70],"floor_reached":25,"playtime":1046,"items_purged":[],"score":335,"play_id":"36907d6e-953b-4c13-b88d-c1f88fa634aa","local_time":"20201211190136","is_ascension_mode":true,"campfire_choices":[{"data":"Cloak And Dagger","floor":6,"key":"SMITH"},{"floor":12,"key":"REST"},{"floor":15,"key":"REST"},{"floor":23,"key":"REST"}],"circlet_count":0,"master_deck":["AscendersBane","Strike_G","Strike_G","Strike_G","Strike_G","Strike_G","Defend_G","Defend_G","Defend_G","Defend_G","Defend_G","Survivor","Neutralize","Cloak And Dagger+1","expansioncontent:GuardianWhirl+1","sneckomod:UnknownClassCHRONO_GOLD","hermit:Vantage","Guardian:BronzeArmor","Magnetism","hexamod:ThirdSeal","Prepared","Noxious Fumes","Writhe","True Grit","TheCursedMod:SmokeScreen+1"],"relics":["Runic Pyramid","StoneCalendar","PrismaticShard","Odd Mushroom","Tingsha","CeramicFish","Snecko Eye","Guardian:PocketSentry","WingedGreaves"],"acts_visited":["Exordium","TheCity"],"potions_floor_usage":[13],"damage_taken":[{"damage":1,"enemies":"Cultist","floor":1,"turns":4},{"damage":13,"enemies":"The Mushroom Lair","floor":7,"turns":7},{"damage":0,"enemies":"2 Louse","floor":11,"turns":2},{"damage":31,"enemies":"3 Sentries","floor":13,"turns":6},{"damage":1,"enemies":"Small Slimes","floor":14,"turns":4},{"damage":21,"enemies":"Slime Boss","floor":16,"turns":8},{"damage":21,"enemies":"2 Thieves","floor":18,"turns":4},{"damage":0,"enemies":"3 Byrds","floor":21,"turns":5},{"damage":17,"enemies":"Snecko","floor":24,"turns":7},{"damage":40,"enemies":"Slavers","floor":25,"turns":3}],"seed_played":"-7276100709692598150","potions_obtained":[{"floor":7,"key":"ColorlessPotion"},{"floor":11,"key":"SteroidPotion"},{"floor":16,"key":"PowerPotion"},{"floor":18,"key":"DistilledChaos"}],"is_trial":false,"path_per_floor":["M","?","?","?","$","R","?","$","T","?","M","R","E","M","R","B",null,"M","$","?","M","?","R","M","E"],"character_chosen":"THE_SILENT","items_purchased":["PrismaticShard","Guardian:PocketSentry","Prepared","Noxious Fumes"],"campfire_rested":3,"item_purchase_floors":[5,19,19,19],"current_hp_per_floor":[58,58,47,40,40,40,27,27,27,27,27,46,15,14,33,12,53,32,32,32,32,32,51,34,0,0],"gold":70,"neow_bonus":"BOSS_RELIC","is_daily":false,"chose_seed":false,"campfire_upgraded":1,"win_rate":0.0,"timestamp":1607731296,"path_taken":["M","?","?","?","$","R","?","?","T","?","M","R","E","M","R","BOSS","M","$","?","M","?","R","M","E"],"items_purchased_type":["Relic","Relic","Card","Card"],"build_version":"2020-11-30","purchased_purges":0,"victory":false,"max_hp_per_floor":[66,66,66,66,66,66,66,66,66,66,66,66,66,66,66,66,66,66,66,66,66,66,66,66,66,66],"card_choices":[{"not_picked":["Underhanded Strike","Well Laid Plans"],"picked":"Cloak And Dagger","floor":1},{"not_picked":["LockedMedicine","sneckomod:WideSting"],"picked":"expansioncontent:GuardianWhirl","floor":7},{"not_picked":["Fasting2","TheCursedMod:CursedBlade"],"picked":"sneckomod:UnknownClassCHRONO_GOLD","floor":11},{"not_picked":["Meteor Strike","hexamod:GhostLash"],"picked":"hermit:Vantage","floor":13},{"not_picked":["Guardian:Recover","Gash"],"picked":"Guardian:BronzeArmor","floor":14},{"not_picked":["hermit:FatalDesire","hermit:FinalCanter"],"picked":"Magnetism","floor":16},{"not_picked":["TheCursedMod:CursedMace","Guardian:PrimingBeam"],"picked":"hexamod:ThirdSeal","floor":18},{"not_picked":["Intimidate","Barrage"],"picked":"True Grit","floor":21},{"not_picked":["HandsUpB","Twin Strike"],"picked":"TheCursedMod:SmokeScreen+1","floor":24},{"not_picked":["sneckomod:MasterEye","hexamod:GhostShield","Slimebound:SplitAcid"],"picked":"SKIP","floor":24}],"player_experience":973470,"relics_obtained":[{"floor":7,"key":"Odd Mushroom"},{"floor":9,"key":"Tingsha"},{"floor":13,"key":"CeramicFish"}],"event_choices":[{"damage_healed":0,"gold_gain":0,"player_choice":"Ignored","damage_taken":0,"max_hp_gain":0,"max_hp_loss":0,"event_name":"Golden Wing","floor":2,"gold_loss":0},{"damage_healed":0,"gold_gain":75,"player_choice":"Gather Gold","damage_taken":11,"max_hp_gain":0,"max_hp_loss":0,"event_name":"World of Goop","floor":3,"gold_loss":0},{"damage_healed":0,"gold_gain":0,"player_choice":"Success","damage_taken":7,"relics_obtained":["StoneCalendar"],"max_hp_gain":0,"max_hp_loss":0,"event_name":"Scrap Ooze","floor":4,"gold_loss":0},{"damage_healed":0,"gold_gain":0,"player_choice":"Fought Mushrooms","damage_taken":0,"max_hp_gain":0,"max_hp_loss":0,"event_name":"Mushrooms","floor":7,"gold_loss":0},{"damage_healed":0,"gold_gain":0,"player_choice":"Grow","damage_taken":0,"max_hp_gain":0,"max_hp_loss":0,"event_name":"Living Wall","floor":10,"gold_loss":0,"cards_upgraded":["expansioncontent:GuardianWhirl"]},{"damage_healed":0,"gold_gain":0,"player_choice":"Opened","damage_taken":0,"relics_obtained":["WingedGreaves"],"max_hp_gain":0,"max_hp_loss":0,"event_name":"The Mausoleum","floor":20,"gold_loss":0,"cards_obtained":["Writhe"]}],"is_beta":false,"boss_relics":[{"not_picked":["Empty Cage","WristBlade"],"picked":"Snecko Eye"}],"items_purged_floors":[],"is_endless":false,"potions_floor_spawned":[7,11,16,18],"killed_by":"Slavers","ascension_level":14}}