{"host":"jcc708ahli6wuwir","time":1607802050,"event":{"mods":["AchievementEnabler","BaseMod","Better Altar","Better Match","Better Note","Better Sensory Stone","Better Skull","Better Third Choice","Better Vampires","BetterRewards","Block Reminder","Colored Map","Colored Powertips","Curses Come First","Displayed Cursed Tome","Highlight Path","Keyboard Shortcuts","Minty Spire (QoL Compilation)","Rare Cards Sparkle","Relic Stats","Shop Mod","StSLib"],"gold_per_floor":[117,137,137,153,73,73,73,248,248,248,248,260,116,116,116,219,269,238,1,1,12,24,24,38,38,38],"floor_reached":25,"playtime":1525,"items_purged":["Doubt","Strike_B"],"score":191,"play_id":"f42e8a3d-bbf0-4d47-b4f1-0e24557f7cb2","local_time":"20201212204050","is_ascension_mode":false,"campfire_choices":[{"data":"Static Discharge","floor":6,"key":"SMITH"},{"floor":11,"key":"REST"},{"floor":15,"key":"REST"},{"floor":23,"key":"REST"}],"circlet_count":0,"master_deck":["Strike_B+1","Strike_B+1","Strike_B+1","Defend_B","Defend_B","Defend_B","Zap","Dualcast","Redo","Rebound","Static Discharge+1","Sunder","Loop","Buffer","Conserve Battery","Thunder Strike","Conserve Battery","Leap"],"relics":["Inserter","Boot","Gambling Chip","Tiny House"],"acts_visited":["Exordium","TheCity"],"potions_floor_usage":[16,22,22,25],"damage_taken":[{"damage":5,"enemies":"Cultist","floor":1,"turns":4},{"damage":1,"enemies":"Jaw Worm","floor":2,"turns":3},{"damage":11,"enemies":"2 Louse","floor":4,"turns":2},{"damage":31,"enemies":"Lots of Slimes","floor":12,"turns":4},{"damage":52,"enemies":"The Guardian","floor":16,"turns":8},{"damage":24,"enemies":"2 Thieves","floor":18,"turns":5},{"damage":23,"enemies":"3 Byrds","floor":21,"turns":2},{"damage":28,"enemies":"Centurion and Healer","floor":22,"turns":6},{"damage":24,"enemies":"Sentry and Sphere","floor":24,"turns":5},{"damage":32,"enemies":"Shelled Parasite and Fungi","floor":25,"turns":7}],"seed_played":"7675986138546314973","potions_obtained":[{"floor":2,"key":"GamblersBrew"},{"floor":16,"key":"Dexterity Potion"},{"floor":17,"key":"FairyPotion"},{"floor":18,"key":"Dexterity Potion"},{"floor":24,"key":"AttackPotion"}],"is_trial":false,"path_per_floor":["M","M","?","M","$","R","?","?","T","?","R","M","$","?","R","B",null,"M","$","?","M","M","R","M","M"],"character_chosen":"DEFECT","items_purchased":["Static Discharge","Loop","Thunder Strike"],"campfire_rested":3,"item_purchase_floors":[5,13,19],"current_hp_per_floor":[70,69,69,58,58,58,43,43,43,43,65,34,34,34,56,4,80,56,56,56,33,5,29,5,0,0],"gold":38,"neow_bonus":"BOSS_RELIC","is_daily":false,"chose_seed":false,"campfire_upgraded":1,"win_rate":0.0,"timestamp":1607802050,"path_taken":["M","?","?","M","$","R","?","?","T","?","R","?","$","?","R","BOSS","M","?","?","M","M","R","M","M"],"items_purchased_type":["Card","Card","Card"],"build_version":"2020-11-30","purchased_purges":2,"victory":false,"max_hp_per_floor":[75,75,75,75,75,75,75,75,75,75,75,75,75,75,75,75,80,80,80,80,80,80,80,80,80,80],"relic_stats":{"Inserter":[23],"counters":[10,46],"Gambling Chip":[17],"Boot":[7],"obtain_stats":[{"Inserter":0,"Tiny House":17,"Gambling Chip":9,"Cracked Core":0,"Boot":3},{"Inserter":0,"Tiny House":5,"Gambling Chip":3,"Cracked Core":0,"Boot":2},{"Inserter":0,"Tiny House":21,"Gambling Chip":9,"Cracked Core":0,"Boot":7}]},"card_choices":[{"not_picked":["Steam","Streamline"],"picked":"Redo","floor":1},{"not_picked":["Double Energy","Go for the Eyes","Compile Driver"],"picked":"SKIP","floor":2},{"not_picked":["White Noise","Gash"],"picked":"Rebound","floor":4},{"not_picked":["Coolheaded","Rip and Tear"],"picked":"Sunder","floor":12},{"not_picked":["Machine Learning","Thunder Strike"],"picked":"Buffer","floor":16},{"not_picked":["Steam","Turbo"],"picked":"Conserve Battery","floor":17},{"not_picked":["Cold Snap","Gash+1","Reinforced Body"],"picked":"SKIP","floor":18},{"not_picked":["Stack","Machine Learning","Hologram+1"],"picked":"SKIP","floor":21},{"not_picked":["Blizzard","Hologram"],"picked":"Conserve Battery","floor":22},{"not_picked":["Rebound","Barrage+1"],"picked":"Leap","floor":24}],"player_experience":102203,"relics_obtained":[{"floor":9,"key":"Gambling Chip"}],"event_choices":[{"damage_healed":0,"gold_gain":0,"player_choice":"Box","damage_taken":0,"relics_obtained":["Boot"],"max_hp_gain":0,"max_hp_loss":0,"event_name":"Big Fish","floor":3,"gold_loss":0,"cards_obtained":["Regret"]},{"damage_healed":58,"gold_gain":0,"player_choice":"Upgrade","damage_taken":15,"max_hp_gain":0,"max_hp_loss":75,"event_name":"betterThird:BetterShining","floor":7,"gold_loss":0,"cards_upgraded":["Strike_B","Strike_B"]},{"damage_healed":0,"gold_gain":175,"player_choice":"AGREE","damage_taken":73,"max_hp_gain":0,"max_hp_loss":0,"event_name":"betterThird:BetterSerpent","floor":8,"gold_loss":0},{"cards_removed":["Strike_B"],"damage_healed":0,"gold_gain":0,"player_choice":"Give","damage_taken":0,"max_hp_gain":0,"max_hp_loss":0,"event_name":"betterNote:BetterNote","floor":10,"gold_loss":0,"cards_obtained":["Strike_G"]},{"cards_removed":["Regret"],"damage_healed":0,"gold_gain":0,"player_choice":"Purged","damage_taken":0,"max_hp_gain":0,"max_hp_loss":0,"event_name":"Purifier","floor":14,"gold_loss":0},{"cards_removed":["Defend_B"],"damage_healed":0,"gold_gain":0,"player_choice":"Purged","damage_taken":0,"max_hp_gain":0,"max_hp_loss":0,"event_name":"Purifier","floor":20,"gold_loss":0}],"is_beta":false,"boss_relics":[{"not_picked":["Philosopher\u0027s Stone","Runic Pyramid"],"picked":"Tiny House"}],"items_purged_floors":[13,19],"is_endless":false,"potions_floor_spawned":[2,16,18,24],"killed_by":"Shelled Parasite and Fungi","ascension_level":0}}