{"host":"ilxricga2547gmyy","time":1607799718,"event":{"mods":["AchievementEnabler","BaseMod","Minty Spire (QoL Compilation)","Quick Restart","StSLib"],"gold_per_floor":[117,137,137,312,9,37,51,77,77,77,77,91,103,138,138,243,243,262,262,276,287,37,37,62,62,88,102,23,57,75,86,86,86,86],"floor_reached":33,"playtime":1154,"items_purged":["Doubt","Seeing Red"],"score":464,"play_id":"ba1b1a71-2be2-4c05-aef8-d31814162658","local_time":"20201212200158","is_ascension_mode":true,"campfire_choices":[{"floor":10,"key":"REST"},{"floor":15,"key":"REST"},{"floor":23,"key":"REST"},{"data":"Immolate","floor":25,"key":"SMITH"},{"data":"Impervious","floor":32,"key":"SMITH"}],"circlet_count":0,"master_deck":["Strike_R","Strike_R","Strike_R","Strike_R","Defend_R","Defend_R","Defend_R","Defend_R","Bash","Seeing Red+1","Shrug It Off+1","Immolate+1","Ghostly Armor","Headbutt","Impervious+1"],"relics":["Busted Crown","Membership Card","Oddly Smooth Stone","White Beast Statue","Akabeko","Letter Opener","Snecko Eye","Singing Bowl","Eternal Feather","War Paint","Boot","Potion Belt","Bag of Marbles","Bronze Scales"],"acts_visited":["Exordium","TheCity"],"potions_floor_usage":[8,8,14,16,31,33,33,33,33],"damage_taken":[{"damage":5,"enemies":"Small Slimes","floor":1,"turns":4},{"damage":7,"enemies":"Jaw Worm","floor":2,"turns":3},{"damage":31,"enemies":"Gremlin Nob","floor":6,"turns":5},{"damage":0,"enemies":"2 Louse","floor":7,"turns":3},{"damage":0,"enemies":"Lagavulin","floor":8,"turns":7},{"damage":0,"enemies":"Gremlin Gang","floor":12,"turns":3},{"damage":0,"enemies":"Looter","floor":13,"turns":2},{"damage":0,"enemies":"3 Sentries","floor":14,"turns":5},{"damage":50,"enemies":"Hexaghost","floor":16,"turns":9},{"damage":25,"enemies":"Spheric Guardian","floor":18,"turns":4},{"damage":1,"enemies":"Chosen","floor":20,"turns":4},{"damage":0,"enemies":"Snake Plant","floor":21,"turns":4},{"damage":1,"enemies":"Gremlin Leader","floor":24,"turns":5},{"damage":3,"enemies":"Shelled Parasite and Fungi","floor":27,"turns":3},{"damage":4,"enemies":"Book of Stabbing","floor":29,"turns":4},{"damage":0,"enemies":"Centurion and Healer","floor":30,"turns":3},{"damage":0,"enemies":"Snake Plant","floor":31,"turns":2},{"damage":120,"enemies":"Champ","floor":33,"turns":11}],"seed_played":"-7714946853354819375","potions_obtained":[{"floor":1,"key":"Block Potion"},{"floor":6,"key":"ColorlessPotion"},{"floor":7,"key":"Strength Potion"},{"floor":8,"key":"Strength Potion"},{"floor":12,"key":"BlessingOfTheForge"},{"floor":13,"key":"DuplicationPotion"},{"floor":14,"key":"BlessingOfTheForge"},{"floor":16,"key":"SpeedPotion"},{"floor":20,"key":"Dexterity Potion"},{"floor":21,"key":"HeartOfIron"},{"floor":27,"key":"Weak Potion"},{"floor":29,"key":"FearPotion"},{"floor":30,"key":"ElixirPotion"},{"floor":31,"key":"PowerPotion"}],"is_trial":false,"path_per_floor":["M","M","?","?","$","E","M","E","T","R","?","M","M","E","R","B",null,"M","?","M","M","$","R","E","R","T","M","$","E","M","M","R","B"],"character_chosen":"IRONCLAD","items_purchased":["Membership Card","Oddly Smooth Stone","Eternal Feather","War Paint","Bag of Marbles"],"campfire_rested":3,"item_purchase_floors":[5,5,22,22,28],"current_hp_per_floor":[67,60,53,53,53,22,22,22,22,46,46,46,46,46,70,20,65,40,40,41,43,43,77,78,86,86,85,85,83,85,87,94,0,0],"gold":86,"neow_bonus":"BOSS_RELIC","is_daily":false,"chose_seed":false,"campfire_upgraded":2,"win_rate":0.0,"timestamp":1607799718,"path_taken":["M","M","?","?","$","E","M","E","T","R","?","M","?","E","R","BOSS","M","?","M","M","$","R","E","R","T","?","?","E","M","M","R","BOSS"],"items_purchased_type":["Relic","Relic","Relic","Relic","Relic"],"build_version":"2020-11-30","purchased_purges":2,"victory":false,"max_hp_per_floor":[80,80,80,80,80,80,80,80,80,80,80,80,80,80,80,80,80,80,80,82,84,84,84,86,86,86,88,88,90,92,94,94,94,94],"card_choices":[{"not_picked":[],"picked":"Seeing Red","floor":1},{"not_picked":[],"picked":"Shrug It Off","floor":2},{"not_picked":["Combust"],"picked":"SKIP","floor":6},{"not_picked":[],"picked":"Seeing Red","floor":7},{"not_picked":[],"picked":"Immolate","floor":8},{"not_picked":["Armaments"],"picked":"SKIP","floor":12},{"not_picked":[],"picked":"Ghostly Armor","floor":13},{"not_picked":[],"picked":"Headbutt","floor":14},{"not_picked":[],"picked":"Impervious","floor":16},{"not_picked":["Twin Strike+1"],"picked":"SKIP","floor":18},{"not_picked":["Armaments"],"picked":"Singing Bowl","floor":20},{"not_picked":["Feel No Pain"],"picked":"Singing Bowl","floor":21},{"not_picked":["Barricade"],"picked":"Singing Bowl","floor":24},{"not_picked":["Hemokinesis+1"],"picked":"Singing Bowl","floor":27},{"not_picked":["Battle Trance+1"],"picked":"Singing Bowl","floor":29},{"not_picked":["Shrug It Off"],"picked":"Singing Bowl","floor":30},{"not_picked":["Burning Pact"],"picked":"Singing Bowl","floor":31}],"player_experience":200640,"relics_obtained":[{"floor":6,"key":"White Beast Statue"},{"floor":8,"key":"Akabeko"},{"floor":14,"key":"Letter Opener"},{"floor":24,"key":"Boot"},{"floor":26,"key":"Potion Belt"},{"floor":29,"key":"Bronze Scales"}],"event_choices":[{"cards_removed":["Strike_R"],"damage_healed":0,"gold_gain":0,"player_choice":"Card Removal","damage_taken":7,"max_hp_gain":0,"max_hp_loss":0,"event_name":"Golden Wing","floor":3,"gold_loss":0},{"damage_healed":0,"gold_gain":175,"player_choice":"AGREE","damage_taken":0,"max_hp_gain":0,"max_hp_loss":0,"event_name":"Liars Game","floor":4,"gold_loss":0,"cards_obtained":["Doubt"]},{"damage_healed":0,"gold_gain":0,"player_choice":"Bought 0 Potions","damage_taken":0,"max_hp_gain":0,"max_hp_loss":0,"event_name":"The Woman in Blue","floor":11,"gold_loss":0},{"damage_healed":0,"gold_gain":0,"player_choice":"Gave Potion","damage_taken":0,"relics_obtained":["Singing Bowl"],"max_hp_gain":0,"max_hp_loss":0,"event_name":"WeMeetAgain","floor":19,"gold_loss":0}],"is_beta":false,"boss_relics":[{"not_picked":["Cursed Key","Ectoplasm"],"picked":"Snecko Eye"}],"items_purged_floors":[5,22],"is_endless":false,"potions_floor_spawned":[1,6,7,8,12,13,14,16,18,20,21,24,27,29,30,31],"killed_by":"Champ","ascension_level":6}}