{"host":"jm9833yuloeli2yd","time":1607810796,"event":{"mods":["AchievementEnabler","BaseMod","Better Altar","Better Match","Better Note","Better Sensory Stone","Better Skull","Better Vampires","Colored Map","Colored Powertips","DeckTracker","Minty Spire (QoL Compilation)","Permanent Neow","Quick Restart","Replay The Spire","StSLib","SuperFastMode"],"gold_per_floor":[369,46,75,75,110,146,146,196,220,185,185,8,61,90,90,191,191,228,153,183,14,43,43,78,118,144,144,144,184,216,216,216,234,234],"floor_reached":33,"playtime":1566,"items_purged":[],"score":524,"play_id":"b413f371-43b9-4d90-aa68-188707ba456c","local_time":"20201212170636","is_ascension_mode":true,"campfire_choices":[{"data":"Eviscerate","floor":7,"key":"SMITH"},{"data":"Blade Dance","floor":11,"key":"SMITH"},{"floor":15,"key":"REST"},{"data":"Setup","floor":23,"key":"SMITH"},{"floor":32,"key":"REST"}],"circlet_count":0,"master_deck":["AscendersBane","Defend_G","Defend_G","Defend_G","Defend_G","Defend_G","Survivor","Neutralize","Blade Dance+1","Heel Hook","Bane","Eviscerate+1","Leg Sweep","Backstab","PiercingWail","Noxious Fumes","Backflip","Reflex","Eviscerate","After Image","Blur+1","Setup+1","Slice","Backstab","Well Laid Plans","Blade Dance","Ghostly","Ghostly","Ghostly","Tactician","Replay:Poison Smokescreen","Grand Finale","Bullet Time"],"relics":["Ring of the Snake","Replay:Bandana","Replay:Wax Seal","Happy Flower","Omamori","Vajra","Sling","Dream Catcher","Replay:Drink Me","Toy Ornithopter","Art of War"],"acts_visited":["Exordium","TheCity"],"potions_floor_usage":[6,6,8,16,16,25,33],"damage_taken":[{"damage":5,"enemies":"Cultist","floor":1,"turns":4},{"damage":2,"enemies":"2 Louse","floor":3,"turns":3},{"damage":1,"enemies":"Jaw Worm","floor":5,"turns":2},{"damage":10,"enemies":"Lagavulin","floor":6,"turns":10},{"damage":31,"enemies":"3 Sentries","floor":8,"turns":9},{"damage":11,"enemies":"Lagavulin","floor":13,"turns":5},{"damage":0,"enemies":"3 Louse","floor":14,"turns":2},{"damage":17,"enemies":"Hexaghost","floor":16,"turns":9},{"damage":0,"enemies":"Chosen","floor":18,"turns":6},{"damage":5,"enemies":"3 Byrds","floor":20,"turns":7},{"damage":0,"enemies":"Centurion and Healer","floor":22,"turns":8},{"damage":7,"enemies":"3 Cultists","floor":24,"turns":7},{"damage":1,"enemies":"Cultist and Chosen","floor":25,"turns":7},{"damage":16,"enemies":"Slavers","floor":29,"turns":8},{"damage":0,"enemies":"Chosen and Byrds","floor":30,"turns":7},{"damage":21,"enemies":"Collector","floor":33,"turns":8}],"seed_played":"-5241344166696400262","potions_obtained":[{"floor":5,"key":"Fire Potion"},{"floor":6,"key":"GamblersBrew"},{"floor":13,"key":"Fire Potion"},{"floor":14,"key":"Adrenaline Potion"},{"floor":16,"key":"LiquidMemories"},{"floor":18,"key":"Strength Potion"}],"is_trial":false,"path_per_floor":["M","$","M","?","M","E","R","E","T","?","R","$","E","M","R","B",null,"M","?","M","$","M","R","M","M","T","?","?","E","M","?","R_BF","B"],"character_chosen":"THE_SILENT","items_purchased":["Replay:Bandana","Heel Hook","Bane","SkillPotion","Vajra","Sling","Noxious Fumes","Slice","Toy Ornithopter"],"campfire_rested":2,"item_purchase_floors":[2,2,2,2,12,12,12,21,21],"current_hp_per_floor":[54,54,52,52,51,41,41,10,10,25,25,25,14,14,32,15,38,38,38,33,33,33,33,26,30,30,22,22,6,6,6,12,0,0],"gold":234,"neow_bonus":"TWO_FIFTY_GOLD","is_daily":false,"chose_seed":false,"campfire_upgraded":3,"win_rate":0.0,"timestamp":1607810796,"path_taken":["M","$","M","?","M","E","R","E","T","?","R","?","E","M","R","BOSS","M","?","M","$","M","R","M","M","T","?","?","E","M","?","R_BF","BOSS"],"items_purchased_type":["Relic","Card","Card","Potion","Relic","Relic","Card","Card","Relic"],"build_version":"2020-11-30","purchased_purges":0,"victory":false,"max_hp_per_floor":[60,60,60,60,60,60,60,60,60,60,60,60,60,60,60,60,45,45,45,45,45,45,45,45,45,45,22,22,22,22,22,22,22,22],"card_choices":[{"not_picked":["Hidden Blade","Backflip"],"picked":"Blade Dance","floor":1},{"not_picked":["Infinite Blades","Hidden Blade"],"picked":"Eviscerate","floor":3},{"not_picked":["Backflip","Toxin Wave"],"picked":"Leg Sweep","floor":5},{"not_picked":["Blur","Distraction"],"picked":"Backstab","floor":6},{"not_picked":["Storm of Steel","Bullet Time"],"picked":"PiercingWail","floor":8},{"not_picked":["Predator","Poisoned Stab"],"picked":"Backflip","floor":13},{"not_picked":["Flying Knee","Outmaneuver"],"picked":"Reflex","floor":14},{"not_picked":["Sucker Punch","ReplayTheSpireMod:Exploit Weakness"],"picked":"Eviscerate","floor":15},{"not_picked":["Corpse Explosion","ReplayTheSpireMod:From All Sides"],"picked":"After Image","floor":16},{"not_picked":["Bouncing Flask","Noxious Fumes+1"],"picked":"Blur+1","floor":18},{"not_picked":["Sucker Punch","Hidden Blade+1"],"picked":"Setup","floor":20},{"not_picked":["Dagger Spray","Finisher"],"picked":"Backstab","floor":22},{"not_picked":["Prepared","Fluid Movement"],"picked":"Well Laid Plans","floor":24},{"not_picked":["Crippling Poison","Poisoned Stab"],"picked":"Blade Dance","floor":25},{"not_picked":["Sucker Punch","Prepared","Quick Slash"],"picked":"SKIP","floor":29},{"not_picked":["Riddle With Holes","Flechettes"],"picked":"Replay:Poison Smokescreen","floor":30},{"not_picked":["Cloak And Dagger","Distraction"],"picked":"Bullet Time","floor":32}],"player_experience":1040849,"relics_obtained":[{"floor":6,"key":"Replay:Wax Seal"},{"floor":8,"key":"Happy Flower"},{"floor":9,"key":"Omamori"},{"floor":13,"key":"Dream Catcher"},{"floor":29,"key":"Art of War"}],"event_choices":[{"damage_healed":0,"gold_gain":0,"player_choice":"Ignored","damage_taken":0,"max_hp_gain":0,"max_hp_loss":0,"event_name":"Liars Game","floor":4,"gold_loss":0},{"damage_healed":15,"gold_gain":0,"player_choice":"Healed","damage_taken":0,"max_hp_gain":0,"max_hp_loss":0,"event_name":"The Cleric","floor":10,"gold_loss":35},{"cards_removed":["Strike_G"],"damage_healed":0,"gold_gain":0,"player_choice":"Gave Gold","damage_taken":0,"max_hp_gain":0,"max_hp_loss":0,"event_name":"Beggar","floor":19,"gold_loss":75},{"damage_healed":0,"gold_gain":0,"player_choice":"Became a Ghost","damage_taken":0,"max_hp_gain":0,"max_hp_loss":23,"event_name":"Ghosts","floor":27,"gold_loss":0,"cards_obtained":["Ghostly","Ghostly","Ghostly"]},{"damage_healed":0,"gold_gain":0,"player_choice":"Read","damage_taken":0,"max_hp_gain":0,"max_hp_loss":0,"event_name":"The Library","floor":28,"gold_loss":0,"cards_obtained":["Tactician"]},{"damage_healed":0,"gold_gain":0,"cards_transformed":["Strike_G"],"player_choice":"Transformed","damage_taken":0,"max_hp_gain":0,"max_hp_loss":0,"event_name":"Transmorgrifier","floor":31,"gold_loss":0,"cards_obtained":["Grand Finale"]}],"is_beta":false,"boss_relics":[{"not_picked":["Runic Dome","Calling Bell"],"picked":"Replay:Drink Me"}],"items_purged_floors":[],"is_endless":false,"potions_floor_spawned":[5,6,13,14,16,18,22,24],"killed_by":"Collector","ascension_level":15}}