{"host":"3a1ypf1irl30q4k8","time":1607811318,"event":{"mods":["AchievementEnabler","BaseMod","Bestiary","Colored Map","Minty Spire (QoL Compilation)","Relic Stats"],"gold_per_floor":[16,26,44,61,61,61,61,76,99,29,29,58,58,90,90,90,90],"floor_reached":16,"playtime":645,"items_purged":[],"score":154,"play_id":"df4fa844-b82f-42c4-aeae-267d8b228b73","local_time":"20201212221518","is_ascension_mode":true,"campfire_choices":[{"floor":6,"key":"REST"},{"floor":11,"key":"REST"},{"floor":13,"key":"REST"},{"floor":15,"key":"REST"}],"circlet_count":0,"master_deck":["Strike_B","Strike_B","Strike_B","Strike_B","Defend_B","Defend_B","Defend_B","Defend_B","Zap","Dualcast","Magnetism","Capacitor","White Noise","Loop","Lockon","Steam Power","Heatsinks","Leap","Machine Learning"],"relics":["Cracked Core","Regal Pillow","Lantern","Art of War","Akabeko"],"acts_visited":["Exordium"],"potions_floor_usage":[14],"damage_taken":[{"damage":2,"enemies":"Jaw Worm","floor":1,"turns":3},{"damage":7,"enemies":"Small Slimes","floor":2,"turns":5},{"damage":3,"enemies":"2 Louse","floor":3,"turns":3},{"damage":43,"enemies":"Red Slaver","floor":4,"turns":5},{"damage":25,"enemies":"3 Louse","floor":8,"turns":3},{"damage":47,"enemies":"Lagavulin","floor":12,"turns":6},{"damage":40,"enemies":"Gremlin Nob","floor":14,"turns":4},{"damage":54,"enemies":"Slime Boss","floor":16,"turns":8}],"seed_played":"7816845256535165729","potions_obtained":[{"floor":2,"key":"BlessingOfTheForge"},{"floor":4,"key":"BlessingOfTheForge"}],"is_trial":false,"path_per_floor":["M","M","M","M","?","R","?","M","T","$","R","E","R","E","R","B"],"character_chosen":"DEFECT","items_purchased":["Heatsinks"],"campfire_rested":4,"item_purchase_floors":[10],"current_hp_per_floor":[66,59,56,13,38,60,53,28,28,28,65,18,55,15,52,0,0],"gold":90,"neow_bonus":"RANDOM_COLORLESS_2","is_daily":false,"chose_seed":false,"campfire_upgraded":0,"win_rate":0.0,"timestamp":1607811318,"path_taken":["M","M","M","M","?","R","?","M","T","$","R","E","R","E","R","BOSS"],"items_purchased_type":["Card"],"build_version":"2020-11-30","purchased_purges":0,"victory":false,"max_hp_per_floor":[75,75,75,75,75,75,75,75,75,75,75,75,75,75,75,75,75],"relic_stats":{"Regal Pillow":45,"counters":[8,36],"Art of War":[3],"obtain_stats":[{"Regal Pillow":7,"Lantern":9,"Art of War":12,"Cracked Core":0,"Akabeko":14},{"Regal Pillow":4,"Lantern":5,"Art of War":6,"Cracked Core":0,"Akabeko":7},{"Regal Pillow":15,"Lantern":18,"Art of War":24,"Cracked Core":0,"Akabeko":28}]},"card_choices":[{"not_picked":["Master of Strategy","Secret Technique"],"picked":"Magnetism","floor":0},{"not_picked":["Go for the Eyes","Ball Lightning"],"picked":"Capacitor","floor":1},{"not_picked":["Turbo","Barrage"],"picked":"White Noise","floor":2},{"not_picked":["Go for the Eyes","Sweeping Beam"],"picked":"Loop","floor":3},{"not_picked":["Sunder","Beam Cell"],"picked":"Lockon","floor":4},{"not_picked":["Meteor Strike","Redo"],"picked":"Steam Power","floor":8},{"not_picked":["Rebound","Force Field"],"picked":"Leap","floor":12},{"not_picked":["Steam Power","Coolheaded"],"picked":"Machine Learning","floor":14}],"player_experience":832111,"relics_obtained":[{"floor":9,"key":"Lantern"},{"floor":12,"key":"Art of War"},{"floor":14,"key":"Akabeko"}],"event_choices":[{"damage_healed":25,"gold_gain":0,"player_choice":"Banana","damage_taken":0,"max_hp_gain":0,"max_hp_loss":0,"event_name":"Big Fish","floor":5,"gold_loss":0},{"damage_healed":0,"gold_gain":0,"player_choice":"Success","damage_taken":7,"relics_obtained":["Regal Pillow"],"max_hp_gain":0,"max_hp_loss":0,"event_name":"Scrap Ooze","floor":7,"gold_loss":0}],"is_beta":false,"boss_relics":[],"items_purged_floors":[],"is_endless":false,"potions_floor_spawned":[2,4],"killed_by":"Slime Boss","ascension_level":8}}