{"host":"apvnte8t1esriuig","time":1607804840,"event":{"mods":["2.2 Compatiblity","AchievementEnabler","BaseMod","Infinite Spire","Minty Spire (QoL Compilation)","Rare Cards Sparkle","StSLib"],"gold_per_floor":[132,177,210,56,56,137,137,137,137,137,137,236,236,236,236,464,464,512,512,71,0,0,0,0,0],"floor_reached":24,"playtime":514,"items_purged":["Wraith Form v2"],"score":521,"play_id":"fe0d6dc0-7500-467c-a53a-d9683780b131","local_time":"20201212212720","daily_mods":["Draft","Vintage","Colorless Cards","Heirloom","Time Dilation","Flight","Elite Swarm","Lethality","Midas"],"is_ascension_mode":true,"campfire_choices":[{"floor":7,"key":"REST"},{"floor":8,"key":"REST"},{"floor":10,"key":"DIG"},{"floor":11,"key":"DIG"},{"floor":15,"key":"REST"},{"floor":23,"key":"DIG"}],"circlet_count":0,"master_deck":["Demon Form","Echo Form","DevaForm","AscendersBane","Coolheaded","Sweeping Beam+1","Conserve Battery+1","Rebound","Redo","Jack Of All Trades","Lockon","Steam","Cold Snap","Conserve Battery","Go for the Eyes+1","Coolheaded","Storm","Barrage","Ball Lightning","Self Repair+1","Echo Form","Echo Form","Parasite","infinitespire:UltimateForm"],"relics":["Cracked Core","Bird Faced Urn","Mango","Bag of Preparation","FossilizedHelix","Blood Vial","Shovel","Du-Vu Doll","DataDisk","Bronze Scales","Whetstone","Lee\u0027s Waffle","Meat on the Bone","HornCleat","Regal Pillow"],"acts_visited":["Exordium","TheCity"],"potions_floor_usage":[],"damage_taken":[{"damage":14,"enemies":"Cultist","floor":1,"turns":4},{"damage":0,"enemies":"2 Louse","floor":2,"turns":2},{"damage":9,"enemies":"Small Slimes","floor":3,"turns":4},{"damage":33,"enemies":"3 Sentries","floor":6,"turns":5},{"damage":23,"enemies":"Gremlin Nob","floor":12,"turns":4},{"damage":0,"enemies":"Slime Boss","floor":16,"turns":5},{"damage":52,"enemies":"3 Byrds","floor":18,"turns":2},{"damage":106,"enemies":"Slavers","floor":24,"turns":4}],"seed_played":"-2034796814051985745","potions_obtained":[{"floor":2,"key":"Ancient Potion"},{"floor":6,"key":"Swift Potion"}],"is_trial":true,"path_per_floor":["M","M","M","$","?","E","R","R","T","R","R","E","?","?","R","B",null,"M","?","$","?","AVR","R","E"],"character_chosen":"DEFECT","items_purchased":["Self Repair","Lee\u0027s Waffle","Meat on the Bone"],"campfire_rested":3,"item_purchase_floors":[4,20,20],"current_hp_per_floor":[70,70,67,67,72,52,79,90,90,90,90,74,47,69,90,90,90,38,38,97,97,97,97,0,0],"gold":0,"neow_bonus":"","is_daily":false,"chose_seed":false,"campfire_upgraded":0,"win_rate":0.0,"timestamp":1607804840,"path_taken":["M","M","?","$","?","E","R","R","T","R","R","E","?","?","R","BOSS","M","?","$","?","AVR","R","E"],"items_purchased_type":["Card","Relic","Relic"],"build_version":"2020-11-30","purchased_purges":1,"victory":false,"max_hp_per_floor":[85,85,85,85,90,90,90,90,90,90,90,90,90,90,90,90,90,90,90,97,97,97,97,97,97],"card_choices":[{"not_picked":["Streamline","Stack"],"picked":"Coolheaded","floor":0},{"not_picked":["Barrage","Scrape"],"picked":"Sweeping Beam","floor":0},{"not_picked":["Reinforced Body","Gash"],"picked":"Conserve Battery","floor":0},{"not_picked":["Undo","Rip and Tear"],"picked":"Rebound","floor":0},{"not_picked":["Turbo","Steam Power"],"picked":"Redo","floor":0},{"not_picked":["Redo","Hologram"],"picked":"Jack Of All Trades","floor":0},{"not_picked":["Go for the Eyes","Rebound"],"picked":"Lockon","floor":0},{"not_picked":["Turbo","Sweeping Beam"],"picked":"Steam","floor":0},{"not_picked":["Swift Strike","Trip"],"picked":"Cold Snap","floor":0},{"not_picked":["Blizzard","Panacea"],"picked":"Conserve Battery","floor":0},{"not_picked":["Reinforced Body","Deep Breath"],"picked":"Go for the Eyes","floor":0},{"not_picked":["Redo","Leap"],"picked":"Coolheaded","floor":0},{"not_picked":["Defragment","Forethought"],"picked":"Storm","floor":0},{"not_picked":["Rebound","Blizzard"],"picked":"Barrage","floor":0},{"not_picked":["Lockon","Cold Snap"],"picked":"Ball Lightning","floor":0},{"not_picked":["All For One","Seek"],"picked":"Echo Form","floor":6},{"not_picked":["Thunder Strike","Violence"],"picked":"Echo Form","floor":12}],"player_experience":304409,"relics_obtained":[{"floor":1,"key":"Mango"},{"floor":2,"key":"Bag of Preparation"},{"floor":3,"key":"FossilizedHelix"},{"floor":6,"key":"Blood Vial"},{"floor":9,"key":"Shovel"},{"floor":10,"key":"Du-Vu Doll"},{"floor":11,"key":"DataDisk"},{"floor":12,"key":"Bronze Scales"},{"floor":18,"key":"Whetstone"},{"floor":23,"key":"Regal Pillow"}],"event_choices":[{"damage_healed":0,"gold_gain":0,"player_choice":"Donut","damage_taken":0,"max_hp_gain":5,"max_hp_loss":0,"event_name":"Big Fish","floor":5,"gold_loss":0},{"damage_healed":0,"gold_gain":0,"player_choice":"Entered Light","damage_taken":27,"max_hp_gain":0,"max_hp_loss":0,"event_name":"Shining Light","floor":13,"gold_loss":0,"cards_upgraded":["Conserve Battery","Self Repair"]},{"damage_healed":22,"gold_gain":0,"player_choice":"Healed and dodged fight","damage_taken":0,"max_hp_gain":0,"max_hp_loss":0,"event_name":"Mushrooms","floor":14,"gold_loss":0,"cards_obtained":["Parasite"]},{"damage_healed":0,"gold_gain":0,"player_choice":"Ignored","damage_taken":0,"max_hp_gain":0,"max_hp_loss":0,"event_name":"Vampires","floor":19,"gold_loss":0},{"damage_healed":0,"gold_gain":0,"player_choice":"Paid Fearfully","damage_taken":0,"max_hp_gain":0,"max_hp_loss":0,"event_name":"Masked Bandits","floor":21,"gold_loss":71}],"is_beta":false,"boss_relics":[{"not_picked":["Calling Bell","Coffee Dripper","Fusion Hammer"]}],"items_purged_floors":[4],"is_endless":false,"potions_floor_spawned":[2,6,16,18],"killed_by":"Slavers","ascension_level":20}}