{"host":"9oysz4knkucnjyyz","time":1607744440,"event":{"mods":["2.2 Compatiblity","Act Like it!","BaseMod","Better Altar","Better Match","Better Note","Better Sensory Stone","Better Skull","Better Third Choice","BetterRewards","Displayed Cursed Tome","Downfall","Friendly Minions","Googly Eyes","GungeonMod","Hallownest","Hermit","Lobotomy","LobotomyExtend","Minty Spire (QoL Compilation)","Spicy Shops","Spire Birthday Party","StSLib","The Bug Knight","everything is the same but u backflip on backflip","slay the spire mod where everything is the same but ironclad has a cowboy hat"],"gold_per_floor":[113,133,145,156,167,167,198,198,198,216,216,88,88,116,116,190,190,209,223,238,249,264,264,264,264,264,264,277,294,310,322,340,340,340,412,412,426,438,454,815,28,28,63,63,134,159,175,175,189,200,200,276,350,350],"floor_reached":55,"playtime":2336,"items_purged":[],"score":1993,"play_id":"e5d20952-71ff-4ed1-8376-0fd3f0f9a05d","local_time":"20201211224040","is_ascension_mode":true,"campfire_choices":[],"circlet_count":0,"master_deck":["SpecialBullet","SpecialBullet","SpecialBullet","SpecialBullet","SpecialBullet","SpecialBullet","SpecialBullet","SpecialBullet","InformationCode","SecurityCode","CentralCode","Regret_ego","GoldRush","SecurityCode","FourthMatchFlame","LongBird","LaLuna","Wellcheers","CherryBlossom","Ecstasy","RedEyes","OldLady","FourthMatchFlame+1","BlackSwan_ego+1","DisciplinaryCode","Variant","WelfareCode","OSAHOGD","Justitia","Freischutz","Harvest+1","Ecstasy","QueenOfHatred","BlueStar","WallGazer","WristCuter","NothingThere","FourthMatchFlame+1","CENSORED","Ecstasy","DreamingCurrent","Regret_ego+1","DespairKnight","GoldRush","MHz","DemoMod:Elimentaler","BigBadWolf","CENSORED_ego","SwordSharpenedByTears","SingingMachine","WristCuter+1","Regret_ego+1","Scorched","ControlCode","TT2Protocol","BlackArmy","CherryBlossom+1","BloodyDesire","SummonCall","BigBird","SnowQueen","Justitia","BodiesMountain"],"relics":["CogitoBucket","RabbitCall","Letter Opener","Happy Flower","DemoMod:MonsterBlood","DollysMirror","DemoMod:ClearGuonStone","HollowMod:StagPassRelic","Theresia","Hallownest:TeacherSealRelic","DemoMod:PinkGuonStone","Cursed Key","SkinProphecy","BackwardClock","DemoMod:RatBoots","DemoMod:ResourcefulSack","DemoMod:PartiallyEatenCheese","Runic Dome","LetterFromLob","Ancient Tea Set","Strawberry","DemoMod:WeirdEgg","Thread and Needle","Bottled Flame","DemoMod:MeltedRock","DemoMod:MemoryAlloy","DemoMod:GlassGuonStoneRelic"],"acts_visited":["Exordium","Hallownest:Greenpath","Hallownest:CityofTears","DemoMod:Maze"],"potions_floor_usage":[20,30],"damage_taken":[{"damage":30,"enemies":"Hallownest:2_Tiktiks_and_1_Crawlid","floor":1,"turns":3},{"damage":11,"enemies":"Hallownest:2_Baldur","floor":2,"turns":2},{"damage":7,"enemies":"Hallownest:monsterHuskWarrior","floor":3,"turns":2},{"damage":14,"enemies":"Hallownest:Guard_and_Warrior","floor":4,"turns":3},{"damage":32,"enemies":"Hallownest:1_Ooma_and_2_Uuma","floor":5,"turns":4},{"damage":39,"enemies":"Hallownest:eliteCrystalGuardian","floor":7,"turns":5},{"damage":16,"enemies":"Hallownest:monsterFoolEater","floor":10,"turns":3},{"damage":4,"enemies":"Hallownest:eliteMossKnight","floor":14,"turns":2},{"damage":14,"enemies":"Hallownest:BossBrokenVessel","floor":16,"turns":4},{"damage":8,"enemies":"Hallownest:2_Mistakes","floor":18,"turns":3},{"damage":0,"enemies":"Hallownest:3_Youths","floor":19,"turns":2},{"damage":38,"enemies":"Hallownest:monsterShrumalOgre","floor":20,"turns":6},{"damage":6,"enemies":"Hallownest:Glutton_and_Coward","floor":21,"turns":2},{"damage":9,"enemies":"Hallownest:2_Flukemon","floor":22,"turns":3},{"damage":17,"enemies":"DemoMod:4_Bullet_Kins","floor":28,"turns":1},{"damage":9,"enemies":"DemoMod:2_Veteran_bullet_kins_and_red_shotgun_kin","floor":29,"turns":2},{"damage":39,"enemies":"DemoMod:Red_and_blue_shotgun_kin_with_gunsinger","floor":30,"turns":6},{"damage":25,"enemies":"DemoMod:2_Mousers","floor":31,"turns":3},{"damage":20,"enemies":"DemoMod:Veteran_shot_gun_kin_and_red_shotgun_kin_with_gunsinger","floor":32,"turns":2},{"damage":98,"enemies":"DemoMod:ResourcefulRat","floor":35,"turns":5},{"damage":44,"enemies":"Hallownest:Shield_Heavy","floor":37,"turns":3},{"damage":42,"enemies":"Hallownest:2_Littles","floor":38,"turns":2},{"damage":30,"enemies":"Hallownest:2_Wing_and_1_Kings","floor":39,"turns":3},{"damage":48,"enemies":"Hallownest:eliteHiveKnight","floor":43,"turns":3},{"damage":48,"enemies":"Hallownest:eliteCollector","floor":46,"turns":3},{"damage":0,"enemies":"Hallownest:Xero_Hu_Marmu","floor":47,"turns":1},{"damage":19,"enemies":"Hallownest:Shield_Sturdy","floor":49,"turns":3},{"damage":2,"enemies":"Hallownest:2_Soldiers_and_1_Guardian","floor":50,"turns":1},{"damage":76,"enemies":"Hallownest:BossGreyPrinceZote","floor":52,"turns":5},{"damage":26,"enemies":"Hallownest:BossHollowKnight","floor":53,"turns":3}],"seed_played":"7460777567988793749","potions_obtained":[{"floor":1,"key":"LiquidBronze"},{"floor":4,"key":"BlessingOfTheForge"},{"floor":19,"key":"Energy Potion"},{"floor":29,"key":"DuplicationPotion"},{"floor":39,"key":"LiquidBronze"},{"floor":47,"key":"DemoMod:BlankPotion"}],"is_trial":false,"path_per_floor":["M","M","M","M","M","R","E","R","T","M","?","$","R","E","R","B",null,"M","M","M","M","M","R","?","R","T","R","M","M","M","M","M","R","B","B",null,"M","M","M","?","$","R","E","R","T","E","M","R","M","M","R","B","B",null,null],"character_chosen":"Angela","items_purchased":["DemoMod:GnawedKey","Letter Opener","Happy Flower","Regret_ego","DemoMod:MonsterBlood","GoldRush","DollysMirror","FourthMatchFlame","FourthMatchFlame","BlackSwan_ego","WristCuter","Regret_ego","Strawberry","DemoMod:WeirdEgg","Thread and Needle"],"campfire_rested":0,"item_purchase_floors":[0,0,0,0,0,0,0,0,12,12,41,41,41,41,41],"current_hp_per_floor":[56,61,70,75,62,62,45,45,45,52,52,52,52,75,75,81,92,100,100,85,95,102,102,102,102,113,113,120,128,136,142,148,148,149,156,156,158,164,166,49,56,56,129,129,129,181,187,187,189,195,195,201,207,207],"gold":350,"neow_bonus":"","is_daily":false,"chose_seed":false,"campfire_upgraded":0,"win_rate":0.0,"timestamp":1607744440,"path_taken":["M","M","M","M","M","R","E","R","T","M","?","$","R","E","R","BOSS","M","M","M","M","M","R","?","R","T","R","M","M","M","M","M","R","BOSS","BOSS","M","M","M","?","$","R","E","R","T","E","M","R","?","M","R","BOSS","BOSS"],"items_purchased_type":["Relic","Relic","Relic","Card","Relic","Card","Relic","Card","Card","Card","Card","Card","Relic","Relic","Relic"],"build_version":"2020-11-30","purchased_purges":0,"victory":true,"max_hp_per_floor":[77,77,77,77,77,77,77,77,77,81,81,81,81,92,92,96,96,100,100,104,110,116,116,116,116,116,116,122,128,136,142,148,148,150,156,156,158,164,166,166,173,173,179,179,179,181,187,187,189,195,195,201,207,207],"card_choices":[{"not_picked":["UniverseFragment","Murderer"],"picked":"LongBird","floor":1},{"not_picked":["SomewhereSpear","RapturousDream"],"picked":"SKIP","floor":1},{"not_picked":["ShyLook","PunishingBird"],"picked":"LaLuna","floor":2},{"not_picked":["Beak","Noise"],"picked":"SKIP","floor":2},{"not_picked":["BeautyBeast","MeatLantern"],"picked":"Wellcheers","floor":3},{"not_picked":["Lantern"],"picked":"CherryBlossom","floor":3},{"not_picked":["Loneliness"],"picked":"Ecstasy","floor":4},{"not_picked":["CrimsonScar","RapturousDream"],"picked":"SKIP","floor":5},{"not_picked":["TodaysExpression"],"picked":"RedEyes","floor":7},{"not_picked":["FairyFestival","Bloodbath"],"picked":"OldLady","floor":10},{"not_picked":["MagicBullet","RapturousDream"],"picked":"SKIP","floor":10},{"not_picked":["DespairKnight","ShyLook"],"picked":"Variant","floor":14},{"not_picked":["CrimsonScar","ShedSkin"],"picked":"SKIP","floor":14},{"not_picked":["MeatLantern","Laetitia"],"picked":"OSAHOGD","floor":16},{"not_picked":["Pinks"],"picked":"Justitia","floor":16},{"not_picked":["UniverseFragment","Scarecrow"],"picked":"Freischutz","floor":18},{"not_picked":["Lantern"],"picked":"Harvest+1","floor":18},{"not_picked":["SoundOfStar"],"picked":"Ecstasy","floor":19},{"not_picked":["PunishingBird","DespairKnight"],"picked":"QueenOfHatred","floor":20},{"not_picked":["RedEyes","Hornet+1"],"picked":"SKIP","floor":20},{"not_picked":["Scarecrow","BeautyBeast"],"picked":"BlueStar","floor":21},{"not_picked":["CUTE","Wingbeat"],"picked":"SKIP","floor":21},{"not_picked":["UniverseFragment","BeautyBeast"],"picked":"WallGazer","floor":22},{"not_picked":["RapturousDream"],"picked":"WristCuter","floor":22},{"not_picked":["CherryBlossoms","NakedNest"],"picked":"NothingThere","floor":28},{"not_picked":["Reverberation"],"picked":"FourthMatchFlame+1","floor":28},{"not_picked":["BigBird","Funeral"],"picked":"CENSORED","floor":29},{"not_picked":["Noise+1"],"picked":"Ecstasy","floor":29},{"not_picked":["Yin","LittlePrince"],"picked":"DreamingCurrent","floor":30},{"not_picked":["Wingbeat"],"picked":"Regret_ego+1","floor":30},{"not_picked":["LittlePrince","FairyFestival"],"picked":"DespairKnight","floor":31},{"not_picked":["Loneliness+1"],"picked":"GoldRush","floor":31},{"not_picked":["HeroicMonk","MeatLantern"],"picked":"MHz","floor":32},{"not_picked":["Soda","Lantern"],"picked":"SKIP","floor":32},{"not_picked":[],"picked":"DemoMod:Elimentaler","floor":35},{"not_picked":["UniverseFragment","FairyFestival"],"picked":"BigBadWolf","floor":35},{"not_picked":["GoldRush"],"picked":"CENSORED_ego","floor":35},{"not_picked":["Discord"],"picked":"SwordSharpenedByTears","floor":36},{"not_picked":["Loneliness+1","Lantern"],"picked":"SKIP","floor":37},{"not_picked":["Porccubus","Alriune"],"picked":"SingingMachine","floor":38},{"not_picked":["LifeForTheDareDevil","Beak"],"picked":"SKIP","floor":38},{"not_picked":["MagicBullet","Amita"],"picked":"SKIP","floor":39},{"not_picked":["Rudolta","FieryBird"],"picked":"Scorched","floor":43},{"not_picked":["Soda+1","Lantern"],"picked":"SKIP","floor":43},{"not_picked":["LifeForTheDareDevil","BlueScar"],"picked":"SKIP","floor":46},{"not_picked":["Yin","SilentOrchestra"],"picked":"BlackArmy","floor":47},{"not_picked":["Noise"],"picked":"CherryBlossom+1","floor":47},{"not_picked":["SomewhereSpear"],"picked":"BloodyDesire","floor":49},{"not_picked":["Yin","LittleHelper"],"picked":"BigBird","floor":50},{"not_picked":["TodaysExpression","Soda"],"picked":"SKIP","floor":50},{"not_picked":["WhitesApple","BlackSwan"],"picked":"SnowQueen","floor":52},{"not_picked":["DaCapo"],"picked":"Justitia","floor":52},{"not_picked":["Porccubus","Murderer"],"picked":"BodiesMountain","floor":53}],"player_experience":331431,"relics_obtained":[{"floor":7,"key":"DemoMod:ClearGuonStone"},{"floor":9,"key":"HollowMod:StagPassRelic"},{"floor":14,"key":"DemoMod:PinkGuonStone"},{"floor":36,"key":"DemoMod:RatBoots"},{"floor":36,"key":"DemoMod:ResourcefulSack"},{"floor":36,"key":"DemoMod:PartiallyEatenCheese"},{"floor":36,"key":"Runic Dome"},{"floor":37,"key":"LetterFromLob"},{"floor":43,"key":"Bottled Flame"},{"floor":45,"key":"DemoMod:MeltedRock"},{"floor":46,"key":"DemoMod:MemoryAlloy"}],"event_choices":[{"damage_healed":0,"gold_gain":361,"player_choice":"GO GO GO GO RE ","damage_taken":123,"relics_obtained":["Ancient Tea Set"],"max_hp_gain":0,"max_hp_loss":0,"event_name":"betterSkull:BetterSkull","floor":40,"gold_loss":0,"cards_upgraded":[]}],"is_beta":false,"boss_relics":[{"not_picked":["Snecko Eye","Tiny House"],"picked":"Cursed Key"},{"not_picked":[]}],"items_purged_floors":[],"is_endless":false,"potions_floor_spawned":[1,4,19,29,39,47,49,53],"ascension_level":20}}