{"host":"ktoxvvst1mwxww91","time":1607800301,"event":{"mods":["BaseMod","Downfall","Hermit","Minty Spire (QoL Compilation)","StSLib","The Blackbeard","The Hierophant","The Mystic","The Necromancer"],"gold_per_floor":[114,129,54,64,80,114,114,130,130,142,42,42,55,55,55,152,152,170,170,190,190,15,32,46,61,85,85,85],"floor_reached":27,"playtime":876,"items_purged":["Strike_B","Strike_B","Stack"],"score":219,"play_id":"a9b63944-3c42-4907-9ad0-3519bf98db9b","local_time":"20201212201141","is_ascension_mode":false,"campfire_choices":[{"data":"Static Discharge","floor":7.0,"key":"SMITH"},{"data":"Storm","floor":12.0,"key":"SMITH"},{"data":"Echo Form","floor":15.0,"key":"SMITH"}],"circlet_count":0,"master_deck":["Defend_B+1","Defend_B+1","Defend_B+1","Defend_B+1","Zap+1","Dualcast","Storm+1","Genetic Algorithm","Static Discharge+1","Echo Form+1","Self Repair","Core Surge","Thunder Strike","Skim+1","Ball Lightning","Hologram+1","Auto Shields","Go for the Eyes"],"relics":["Cracked Core","MealTicket","Vajra","Empty Cage","Oddly Smooth Stone"],"acts_visited":["Exordium","TheCity"],"potions_floor_usage":[27,27],"damage_taken":[{"damage":0.0,"enemies":"Small Slimes","floor":1.0,"turns":2.0},{"damage":4.0,"enemies":"2 Louse","floor":2.0,"turns":3.0},{"damage":0.0,"enemies":"Jaw Worm","floor":4.0,"turns":3.0},{"damage":9.0,"enemies":"Exordium Wildlife","floor":5.0,"turns":3.0},{"damage":23.0,"enemies":"Lagavulin","floor":6.0,"turns":8.0},{"damage":1.0,"enemies":"2 Fungi Beasts","floor":8.0,"turns":4.0},{"damage":3.0,"enemies":"Looter","floor":10.0,"turns":4.0},{"damage":7.0,"enemies":"Exordium Thugs","floor":13.0,"turns":4.0},{"damage":20.0,"enemies":"Hexaghost","floor":16.0,"turns":9.0},{"damage":20.0,"enemies":"Spheric Guardian","floor":18.0,"turns":4.0},{"damage":19.0,"enemies":"3 Byrds","floor":20.0,"turns":2.0},{"damage":14.0,"enemies":"Centurion and Healer","floor":23.0,"turns":8.0},{"damage":7.0,"enemies":"Snecko","floor":24.0,"turns":4.0},{"damage":20.0,"enemies":"Shelled Parasite and Fungi","floor":25.0,"turns":7.0},{"damage":48,"enemies":"Slavers","floor":27,"turns":4}],"seed_played":"2958678958794318305","potions_obtained":[{"floor":2.0,"key":"Fire Potion"},{"floor":6.0,"key":"Dexterity Potion"},{"floor":8.0,"key":"Fire Potion"},{"floor":13.0,"key":"LiquidBronze"},{"floor":20.0,"key":"Swift Potion"},{"floor":25.0,"key":"BlessingOfTheForge"}],"is_trial":false,"path_per_floor":["M","M","$","M","M","E","R","M","T","M","$","R","M","?","R","B",null,"M","?","M","?","$","M","M","M","T","E"],"character_chosen":"DEFECT","items_purchased":["Ball Lightning"],"campfire_rested":0,"item_purchase_floors":[22],"current_hp_per_floor":[75,71,71,71,62,39,39,38,38,42,57,57,57,62,62,49,80,67,67,48,48,63,49,49,36,36,0,0],"gold":85,"neow_bonus":"UPGRADE_CARD","is_daily":false,"chose_seed":false,"campfire_upgraded":3,"win_rate":0.0,"timestamp":1607800301,"path_taken":["M","M","$","M","M","E","R","M","T","M","$","R","M","?","R","BOSS","M","?","M","?","$","M","M","M","T","E"],"items_purchased_type":["Card"],"build_version":"2020-11-30","purchased_purges":3,"victory":false,"max_hp_per_floor":[75,75,75,75,75,75,75,75,75,75,75,75,75,80,80,80,80,80,80,80,80,80,80,80,80,80,80,80],"card_choices":[{"not_picked":["Stack","Conserve Battery"],"picked":"Storm","floor":1.0},{"not_picked":["Sweeping Beam","Turbo"],"picked":"Genetic Algorithm","floor":2.0},{"not_picked":["Compile Driver","Redo"],"picked":"Static Discharge","floor":4.0},{"not_picked":["Coolheaded","Scrape"],"picked":"Stack","floor":5.0},{"not_picked":["Conserve Battery","Undo"],"picked":"Echo Form","floor":6.0},{"not_picked":["Go for the Eyes","Compile Driver"],"picked":"Self Repair","floor":8.0},{"not_picked":["Rebound","Barrage","Gash"],"picked":"SKIP","floor":10.0},{"not_picked":["Conserve Battery","Darkness"],"picked":"Core Surge","floor":13.0},{"not_picked":["Reboot","Creative AI"],"picked":"Thunder Strike","floor":16.0},{"not_picked":["Streamline","Beam Cell+1","Cold Snap"],"picked":"SKIP","floor":18.0},{"not_picked":["Blizzard","Gash"],"picked":"Skim+1","floor":20.0},{"not_picked":["Steam Power","Hello World+1"],"picked":"Hologram+1","floor":23.0},{"not_picked":["Beam Cell+1","Skim+1"],"picked":"Auto Shields","floor":24.0},{"not_picked":["Recycle","Gash"],"picked":"Go for the Eyes","floor":25.0}],"player_experience":1020223,"relics_obtained":[{"floor":6.0,"key":"MealTicket"},{"floor":9.0,"key":"Vajra"},{"floor":26.0,"key":"Oddly Smooth Stone"}],"event_choices":[{"damage_healed":0.0,"max_hp_gain":5.0,"max_hp_loss":0.0,"gold_gain":0.0,"event_name":"Big Fish","player_choice":"Donut","floor":14.0,"gold_loss":0.0,"damage_taken":0.0},{"damage_healed":0.0,"max_hp_gain":0.0,"max_hp_loss":0.0,"gold_gain":0.0,"event_name":"Back to Basics","player_choice":"Simplicity","floor":21.0,"gold_loss":0.0,"damage_taken":0.0,"cards_upgraded":["Defend_B","Defend_B","Defend_B","Defend_B"]}],"is_beta":false,"boss_relics":[{"not_picked":["SacredBark","Tiny House"],"picked":"Empty Cage"}],"items_purged_floors":[3,11,22],"is_endless":false,"potions_floor_spawned":[2,6,8,13,20,25],"killed_by":"Slavers","ascension_level":0}}