{"host":"2yrpj874ymrph8fv","time":1607749642,"event":{"mods":["AchievementEnabler","Aspiration","Bard","BaseMod","Beaked The Cultist","Better Altar","Better Match","Better Note","Better Sensory Stone","Better Skull","Better Third Choice","BetterRewards","CCEM","Clawfect","Colored Map","Colored Powertips","Conspire","Downfall","GifTheSpireLib","Halation","Hermit","Highlight Path","Hubris","Hunter ??","Infinite Spire","Mad Scientist","Marisa????????","Minty Spire (QoL Compilation)","Permanent Neow","Replay The Spire","Shade Mod","Shop Mod","Spicy Shops","StSLib","Stuff the Spire","The Bug Knight","The Construct","The Cursed","The Disciple","The Mystic","The Necromancer","The Runesmith","The Servant 0.9.4","The Witch","TheHeartMod","[IsaacMod]????","everything is the same but u backflip on backflip"],"gold_per_floor":[113,129,129,129,129,129,164,164,164,174,174,174,174],"floor_reached":12,"playtime":614,"items_purged":[],"score":76,"play_id":"6bafdaea-9ffc-4a65-9d3e-80f37b303d5d","local_time":"20201211230722","is_ascension_mode":false,"campfire_choices":[{"data":"Shade:CommandSoldier","floor":6,"key":"SMITH"},{"data":"Shade:AncientSpear","floor":8,"key":"SMITH"}],"circlet_count":0,"master_deck":["Shade:Strike_Shade","Shade:Strike_Shade","Shade:Strike_Shade","Shade:Strike_Shade","Shade:Defend_Shade","Shade:Defend_Shade","Shade:Defend_Shade","Shade:Defend_Shade","Shade:AnimateDead+1","Shade:CarefulCut","Shade:AncientSpear+1","Shade:CommandSoldier+1","Decay","StuffTheSpire:CuriosityCurse","Gash"],"relics":["Shade:YorickSkull","HushsDoor","KeepersGift","PrismaticShard","conspire:Boomerang","CCEMRelics:GrindingGear","Toxic Egg 2","aspiration:Lifesprig"],"acts_visited":["Exordium"],"potions_floor_usage":[],"damage_taken":[{"damage":0,"enemies":"Cultist","floor":1,"turns":4},{"damage":7,"enemies":"Small Slimes","floor":2,"turns":3},{"damage":12,"enemies":"Gremlin Nob","floor":7,"turns":4},{"damage":1,"enemies":"2 Louse","floor":10,"turns":3},{"damage":11,"enemies":"3 Sentries","floor":12,"turns":5}],"seed_played":"7185522768552520146","potions_obtained":[],"is_trial":false,"path_per_floor":["M","M","?","?","?","R","E","R","T","M","?","E"],"character_chosen":"SHADE","items_purchased":[],"campfire_rested":0,"item_purchase_floors":[],"current_hp_per_floor":[65,58,58,58,58,58,46,46,46,45,45,34,34],"gold":174,"neow_bonus":"RANDOM_EVENT","is_daily":false,"chose_seed":false,"campfire_upgraded":2,"win_rate":0.0,"timestamp":1607749642,"path_taken":["M","M","?","?","?","R","E","R","T","M","?","E"],"items_purchased_type":[],"build_version":"2020-11-30","purchased_purges":0,"victory":false,"max_hp_per_floor":[65,65,65,65,65,65,65,65,65,65,65,65,65],"card_choices":[{"not_picked":["Shade:Bonestorm","Shade:Premonition"],"picked":"Shade:AncientSpear","floor":1},{"not_picked":["Bomb","Shade:GreyBargain"],"picked":"Shade:CommandSoldier","floor":2},{"not_picked":["Blood_for_Blood","TheCursedMod:TacticalStrike","sneckomod:SoulCleanse"],"picked":"SKIP","floor":7},{"not_picked":["construct:Versatility","Runesmith:Retool+1"],"picked":"Gash","floor":10}],"player_experience":163902,"relics_obtained":[{"floor":7,"key":"CCEMRelics:GrindingGear"},{"floor":9,"key":"Toxic Egg 2"},{"floor":11,"key":"aspiration:Lifesprig"}],"event_choices":[{"damage_healed":0,"gold_gain":0,"player_choice":"Grow","damage_taken":0,"max_hp_gain":0,"max_hp_loss":0,"event_name":"Living Wall","floor":0,"gold_loss":0,"cards_upgraded":["Shade:AnimateDead"]}],"is_beta":false,"boss_relics":[],"items_purged_floors":[],"is_endless":false,"potions_floor_spawned":[],"killed_by":"3 Sentries","ascension_level":0}}