{"host":"yiit85oc4oi3nqs8","time":1607745705,"event":{"mods":["AchievementEnabler","BaseMod","Better Third Choice","Block Reminder","DeckTracker","Highlight Path","Keyboard Shortcuts","Minty Spire (QoL Compilation)","MonsterHotkey","Quick Restart","Random Character Button","Relic Stats","StSLib"],"gold_per_floor":[118,68,68,85,103,103,103,131,150,150,231,276,290,290,290,290,290,290,311,330,330,330,451,451,475,475,500,294,244,269,194,194,219,229,229,256,305,305,334,334,334,334,350,376,392,392,392,392,496,496,507,370,258,271,271,291,291,307,340,340,340,356,356,356,410,410,426,444,444,444,456,481,481,481,481,481,481,356,78,110,110],"floor_reached":82,"playtime":7246,"items_purged":["Strike_P","Strike_P","Defend_P","Eruption+1","EmptyFist+1"],"score":1963,"play_id":"0c778e18-8672-4a63-bf4b-da98e3b3ed18","local_time":"20201212130145","is_ascension_mode":true,"campfire_choices":[{"data":"PathToVictory","floor":6.0,"key":"SMITH"},{"data":"Sanctity","floor":7.0,"key":"SMITH"},{"floor":15.0,"key":"REST"},{"data":"Study","floor":17.0,"key":"SMITH"},{"data":"Vigilance","floor":18.0,"key":"SMITH"},{"data":"WaveOfTheHand","floor":21.0,"key":"SMITH"},{"data":"EmptyFist","floor":22.0,"key":"SMITH"},{"data":"PathToVictory","floor":35.0,"key":"SMITH"},{"data":"Protect","floor":40.0,"key":"SMITH"},{"floor":42.0,"key":"RECALL"},{"floor":46.0,"key":"REST"},{"data":"1","floor":47.0,"key":"LIFT"},{"data":"2","floor":48.0,"key":"LIFT"},{"data":"Deep Breath","floor":61.0,"key":"SMITH"},{"data":"LikeWater","floor":63.0,"key":"SMITH"},{"data":"3","floor":64.0,"key":"LIFT"},{"data":"Defend_P","floor":69.0,"key":"SMITH"},{"data":"DevaForm","floor":70.0,"key":"SMITH"},{"data":"Vault","floor":73.0,"key":"SMITH"},{"data":"Vault","floor":74.0,"key":"SMITH"},{"floor":77,"key":"REST"}],"circlet_count":0,"master_deck":["Defend_P+1","Vigilance+1","PathToVictory+1","Sanctity+1","Study+1","WaveOfTheHand+1","DevaForm+1","PathToVictory+1","Protect+1","Vault+1","Wireheading+1","Vault+1","LikeWater+1","Deep Breath+1"],"relics":["HolyWater","NeowsBlessing","Lantern","Shuriken","Kunai","Bronze Scales","Bloody Idol","Snecko Eye","Membership Card","Du-Vu Doll","Toy Ornithopter","Centennial Puzzle","Girya","Regal Pillow","DollysMirror","Blood Vial","Damaru","Boot","Pantograph","Mummified Hand","Lizard Tail","Bag of Marbles"],"acts_visited":["Exordium","TheCity","TheBeyond","TheEnding"],"potions_floor_usage":[81,81],"damage_taken":[{"damage":0.0,"enemies":"2 Louse","floor":1.0,"turns":1.0},{"damage":0.0,"enemies":"Jaw Worm","floor":4.0,"turns":1.0},{"damage":0.0,"enemies":"Cultist","floor":5.0,"turns":1.0},{"damage":53.0,"enemies":"Gremlin Nob","floor":8.0,"turns":5.0},{"damage":3.0,"enemies":"Blue Slaver","floor":9.0,"turns":4.0},{"damage":2.0,"enemies":"2 Fungi Beasts","floor":13.0,"turns":3.0},{"damage":0.0,"enemies":"Looter","floor":19.0,"turns":3.0},{"damage":0.0,"enemies":"Red Slaver","floor":20.0,"turns":3.0},{"damage":8.0,"enemies":"The Guardian","floor":23.0,"turns":9.0},{"damage":7.0,"enemies":"Chosen","floor":25.0,"turns":4.0},{"damage":1.0,"enemies":"Spheric Guardian","floor":27.0,"turns":4.0},{"damage":0.0,"enemies":"Snecko","floor":30.0,"turns":3.0},{"damage":26.0,"enemies":"Gremlin Leader","floor":33.0,"turns":3.0},{"damage":9.0,"enemies":"Snake Plant","floor":34.0,"turns":3.0},{"damage":17.0,"enemies":"Slavers","floor":39.0,"turns":3.0},{"damage":0.0,"enemies":"Cultist and Chosen","floor":43.0,"turns":3.0},{"damage":0.0,"enemies":"Gremlin Leader","floor":44.0,"turns":6.0},{"damage":0.0,"enemies":"Centurion and Healer","floor":45.0,"turns":5.0},{"damage":0.0,"enemies":"Champ","floor":49.0,"turns":5.0},{"damage":0.0,"enemies":"3 Shapes","floor":51.0,"turns":4.0},{"damage":0.0,"enemies":"Orb Walker","floor":54.0,"turns":3.0},{"damage":0.0,"enemies":"Writhing Mass","floor":56.0,"turns":4.0},{"damage":0.0,"enemies":"Transient","floor":58.0,"turns":6.0},{"damage":0.0,"enemies":"Reptomancer","floor":59.0,"turns":4.0},{"damage":0.0,"enemies":"Maw","floor":62.0,"turns":4.0},{"damage":8.0,"enemies":"Jaw Worm Horde","floor":67.0,"turns":6.0},{"damage":0.0,"enemies":"Sphere and 2 Shapes","floor":68.0,"turns":4.0},{"damage":0.0,"enemies":"Transient","floor":71.0,"turns":7.0},{"damage":0.0,"enemies":"Giant Head","floor":72.0,"turns":6.0},{"damage":71,"enemies":"Time Eater","floor":75,"turns":8},{"damage":23,"enemies":"Shield and Spear","floor":80,"turns":5},{"damage":18,"enemies":"The Heart","floor":81,"turns":7}],"seed_played":"3998088341756969950","potions_obtained":[{"floor":1.0,"key":"Dexterity Potion"},{"floor":8.0,"key":"Dexterity Potion"},{"floor":9.0,"key":"CultistPotion"},{"floor":27.0,"key":"Regen Potion"},{"floor":56.0,"key":"Fruit Juice"},{"floor":58.0,"key":"CultistPotion"},{"floor":59.0,"key":"Swift Potion"},{"floor":67.0,"key":"Ancient Potion"}],"is_trial":false,"path_per_floor":["M","?","?","M","M","R","R","E","M","T","T","T","M","?","R","?","R","R","M","M","R","R","B",null,"M","?","M","$","$","M","?","?","E","M","R","T","T","T","E","R","?","R","M","E","M","R","R","R","B",null,"M","$","$","M","?","M","?","M","E","?","R","M","R","R","T","T","M","M","R","R","M","E","R","R","B",null,"R","$","$","E","B",null],"character_chosen":"WATCHER","items_purchased":["Membership Card","PathToVictory","DollysMirror","LikeWater","DistilledChaos","Mummified Hand","Lizard Tail"],"campfire_rested":3,"item_purchase_floors":[28,28,52,53,78,79,79],"current_hp_per_floor":[65,65,65,65,65,65,65,12,9,9,9,9,7,7,28,28,28,28,28,28,28,28,20,55,48,48,47,47,47,47,47,47,26,22,22,27,32,32,20,20,20,20,25,30,35,67,67,67,67,67,67,67,67,67,67,72,72,72,72,72,72,72,72,72,72,72,69,72,72,72,72,72,72,72,1,54,72,72,72,54,57],"gold":110,"neow_bonus":"THREE_ENEMY_KILL","is_daily":false,"chose_seed":false,"campfire_upgraded":14,"win_rate":0.0,"timestamp":1607745705,"path_taken":["M","?","?","M","?","R","R","E","M","T","T","T","M","?","R","?","R","R","M","M","R","R","BOSS","M","?","?","$","$","M","?","?","E","M","R","T","T","T","E","R","?","R","M","E","?","R","R","R","BOSS","M","$","$","?","?","?","?","?","E","?","R","?","R","R","T","T","M","M","R","R","M","E","R","R","BOSS","R","$","$","E","BOSS"],"items_purchased_type":["Relic","Card","Relic","Card","Potion","Relic","Relic"],"build_version":"2020-11-30","purchased_purges":5,"victory":true,"max_hp_per_floor":[72,72,72,72,72,72,72,72,72,72,72,72,72,72,72,67,67,67,67,67,67,67,67,67,67,67,67,67,67,67,67,67,67,67,67,67,67,67,67,67,67,67,67,67,67,67,67,67,67,67,67,67,67,67,67,72,72,72,72,72,72,72,72,72,72,72,72,72,72,72,72,72,72,72,72,72,72,72,72,72,72],"relic_stats":{"Regal Pillow":12,"counters":[32,137],"Boot":[0],"Blood Vial":2,"Centennial Puzzle":[13],"Lizard Tail":0,"Shuriken":[3],"Mummified Hand":[16],"Bronze Scales":[259],"Bloody Idol":51,"Pantograph":18,"Snecko Eye":[238,207,207,241],"Kunai":[3],"obtain_stats":[{"Girya":39,"Lantern":8,"Regal Pillow":44,"NeowsBlessing":0,"Golden Idol":16,"Damaru":65,"Boot":66,"Du-Vu Doll":33,"Blood Vial":59,"Centennial Puzzle":37,"Lizard Tail":79,"Shuriken":10,"DollysMirror":52,"Mummified Hand":79,"Bronze Scales":12,"Bloody Idol":32,"Pantograph":72,"Snecko Eye":24,"HolyWater":50,"Bag of Marbles":80,"Kunai":11,"Membership Card":28,"PureWater":0,"Toy Ornithopter":36},{"Girya":15,"Lantern":4,"Regal Pillow":17,"NeowsBlessing":0,"Golden Idol":6,"Damaru":25,"Boot":25,"Du-Vu Doll":13,"Blood Vial":24,"Centennial Puzzle":14,"Lizard Tail":30,"Shuriken":5,"DollysMirror":20,"Mummified Hand":30,"Bronze Scales":5,"Bloody Idol":12,"Pantograph":29,"Snecko Eye":9,"HolyWater":19,"Bag of Marbles":31,"Kunai":5,"Membership Card":11,"PureWater":0,"Toy Ornithopter":14},{"Girya":50,"Lantern":8,"Regal Pillow":59,"NeowsBlessing":0,"Golden Idol":15,"Damaru":94,"Boot":94,"Du-Vu Doll":44,"Blood Vial":90,"Centennial Puzzle":47,"Lizard Tail":125,"Shuriken":12,"DollysMirror":73,"Mummified Hand":125,"Bronze Scales":12,"Bloody Idol":41,"Pantograph":117,"Snecko Eye":30,"HolyWater":69,"Bag of Marbles":130,"Kunai":12,"Membership Card":38,"PureWater":0,"Toy Ornithopter":47}],"Toy Ornithopter":3},"card_choices":[{"not_picked":["EmptyMind","Study"],"picked":"EmptyFist","floor":1.0},{"not_picked":["Wireheading","Tantrum"],"picked":"PathToVictory","floor":4.0},{"not_picked":["EmptyBody","MentalFortress"],"picked":"Sanctity","floor":5.0},{"not_picked":["CutThroughFate","Pray","Swivel"],"picked":"SKIP","floor":8.0},{"not_picked":["BowlingBash","Halt","Collect"],"picked":"SKIP","floor":9.0},{"not_picked":["Prostrate","FlurryOfBlows"],"picked":"Study","floor":13.0},{"not_picked":["Crescendo","WheelKick","SandsOfTime"],"picked":"SKIP","floor":19.0},{"not_picked":["EmptyFist","Collect"],"picked":"WaveOfTheHand","floor":20.0},{"not_picked":["ConjureBlade","Blasphemy"],"picked":"DevaForm","floor":23.0},{"not_picked":["BowlingBash+1","FlyingSleeves+1","FollowUp+1"],"picked":"SKIP","floor":25.0},{"not_picked":["SashWhip","EmptyFist+1","Halt"],"picked":"SKIP","floor":27.0},{"not_picked":["Consecrate","ForeignInfluence+1","BattleHymn"],"picked":"SKIP","floor":30.0},{"not_picked":["ClearTheMind","Crescendo","WheelKick"],"picked":"SKIP","floor":33.0},{"not_picked":["EmptyBody","Vengeance+1"],"picked":"Protect","floor":34.0},{"not_picked":["Evaluate+1","JustLucky"],"picked":"Vault","floor":39.0},{"not_picked":["DeceiveReality","FlurryOfBlows+1","ClearTheMind"],"picked":"SKIP","floor":43.0},{"not_picked":["Consecrate","Meditate+1","Prostrate+1"],"picked":"SKIP","floor":44.0},{"not_picked":["Prostrate","Crescendo","EmptyBody"],"picked":"SKIP","floor":45.0},{"not_picked":["Weave+1","CrushJoints+1"],"picked":"Wireheading+1","floor":51.0},{"not_picked":["Crescendo","SandsOfTime+1","Evaluate+1"],"picked":"SKIP","floor":54.0},{"not_picked":["DeceiveReality","EmptyMind+1","Weave+1"],"picked":"SKIP","floor":56.0},{"not_picked":["ForeignInfluence+1","FlurryOfBlows","JustLucky"],"picked":"SKIP","floor":58.0},{"not_picked":["CrushJoints+1","Study+1","Collect"],"picked":"SKIP","floor":59.0},{"not_picked":["Dark Shackles","Sadistic Nature"],"picked":"Deep Breath","floor":60.0},{"not_picked":["Perseverance","FlyingSleeves","Evaluate+1"],"picked":"SKIP","floor":62.0},{"not_picked":["SashWhip+1","FearNoEvil+1","FlurryOfBlows"],"picked":"SKIP","floor":67.0},{"not_picked":["Fasting2+1","WreathOfFlame+1","FollowUp"],"picked":"SKIP","floor":68.0},{"not_picked":["Pray+1","ClearTheMind","EmptyBody"],"picked":"SKIP","floor":71.0},{"not_picked":["FollowUp","Protect+1","CrushJoints+1"],"picked":"SKIP","floor":72.0},{"not_picked":["Worship+1","Consecrate","MentalFortress+1"],"picked":"SKIP","floor":80}],"player_experience":377150,"relics_obtained":[{"floor":8.0,"key":"Lantern"},{"floor":10.0,"key":"Shuriken"},{"floor":11.0,"key":"Kunai"},{"floor":12.0,"key":"Bronze Scales"},{"floor":33.0,"key":"Du-Vu Doll"},{"floor":36.0,"key":"Toy Ornithopter"},{"floor":37.0,"key":"Centennial Puzzle"},{"floor":39.0,"key":"Girya"},{"floor":44.0,"key":"Regal Pillow"},{"floor":59.0,"key":"Blood Vial"},{"floor":65.0,"key":"Damaru"},{"floor":66.0,"key":"Boot"},{"floor":72.0,"key":"Pantograph"},{"floor":80,"key":"Bag of Marbles"}],"event_choices":[{"cards_removed":["Defend_P"],"damage_healed":0.0,"max_hp_gain":0.0,"max_hp_loss":0.0,"gold_gain":0.0,"event_name":"The Cleric","player_choice":"Card Removal","floor":2.0,"gold_loss":50.0,"damage_taken":0.0},{"damage_healed":0.0,"max_hp_gain":0.0,"max_hp_loss":0.0,"gold_gain":0.0,"event_name":"Upgrade Shrine","player_choice":"Upgraded","floor":3.0,"gold_loss":0.0,"damage_taken":0.0,"cards_upgraded":["Eruption"]},{"damage_healed":0.0,"max_hp_gain":0.0,"max_hp_loss":0.0,"gold_gain":0.0,"event_name":"Golden Wing","player_choice":"Ignored","floor":14.0,"gold_loss":0.0,"damage_taken":0.0},{"damage_healed":0.0,"max_hp_gain":0.0,"max_hp_loss":5.0,"gold_gain":0.0,"event_name":"Golden Idol","player_choice":"Lose Max HP","floor":16.0,"gold_loss":0.0,"damage_taken":0.0,"relics_obtained":["Golden Idol"]},{"cards_removed":["Strike_P"],"damage_healed":0.0,"max_hp_gain":0.0,"max_hp_loss":0.0,"gold_gain":0.0,"event_name":"Wheel of Change","player_choice":"Card Removal","floor":26.0,"gold_loss":0.0,"damage_taken":0.0},{"cards_removed":["Strike_P"],"damage_healed":0.0,"max_hp_gain":0.0,"max_hp_loss":0.0,"gold_gain":0.0,"event_name":"Beggar","player_choice":"Gave Gold","floor":31.0,"gold_loss":75.0,"damage_taken":0.0},{"damage_healed":0.0,"max_hp_gain":0.0,"max_hp_loss":0.0,"gold_gain":0.0,"event_name":"Forgotten Altar","player_choice":"Gave Idol","floor":32.0,"relics_lost":["Golden Idol"],"gold_loss":0.0,"damage_taken":0.0,"relics_obtained":["Bloody Idol"]},{"cards_removed":["Defend_P"],"damage_healed":0.0,"max_hp_gain":0.0,"max_hp_loss":0.0,"gold_gain":0.0,"event_name":"Purifier","player_choice":"Purged","floor":41.0,"gold_loss":0.0,"damage_taken":0.0},{"damage_healed":0.0,"max_hp_gain":0.0,"max_hp_loss":0.0,"gold_gain":0.0,"event_name":"betterThird:BetterPortal","player_choice":"Random: Blue","floor":60.0,"gold_loss":0.0,"damage_taken":0.0},{"damage_healed":0.0,"max_hp_gain":0.0,"max_hp_loss":0.0,"gold_gain":0.0,"event_name":"SensoryStone","player_choice":"Memory 1","floor":60.0,"gold_loss":0.0,"damage_taken":0.0}],"is_beta":false,"boss_relics":[{"not_picked":["Busted Crown","Fusion Hammer"],"picked":"Snecko Eye"},{"not_picked":["Tiny House","Runic Dome"],"picked":"HolyWater"}],"items_purged_floors":[28,29,52,53,78],"is_endless":false,"potions_floor_spawned":[1,8,9,13,23,27,30,39,54,56,58,59,67,71],"ascension_level":7}}