{"host":"uceopoba4zvqsgiy","time":1607789629,"event":{"mods":["Act Like it!","BaseMod","Better Skull","Better Third Choice","Elementarium","GifTheSpireLib","Hermit","Humility","Infinite Spire","Jorbs\u0027s Wanderer Trilogy","Marked Mod","Minty Spire (QoL Compilation)","Potionbrewer","Replay The Spire","Robot Space Explorer","Shade Mod","Spicy Shops","StSLib","Stuff the Spire","The Blue Laboratory","The Cursed","The Dragon Tamer","The Hierophant","The Judge","The Jungle","Wandering Minibosses"],"gold_per_floor":[112,127,127,30,47,76,76,106,106,106,106,106],"floor_reached":11,"playtime":298,"items_purged":[],"score":103,"play_id":"117e8b73-e216-4260-8fb9-5eea51bcceaf","local_time":"20201213024349","is_ascension_mode":true,"campfire_choices":[{"floor":7,"key":"REST"},{"floor":10,"key":"REST"}],"circlet_count":0,"master_deck":["Strike_B","Strike_B","Strike_B","Strike_B","Defend_B","Defend_B","Defend_B","Defend_B","Zap","Dualcast","Ball Lightning","Regret","ReplayTheSpireMod:GoodbyeWorld"],"relics":["Cracked Core","NeowsBlessing","Replay:Ringing Soul","potionbrewer:SlideRule","StuffTheSpire:PointBlank","The Courier","InkBottle"],"acts_visited":["Exordium"],"potions_floor_usage":[6],"damage_taken":[{"damage":0,"enemies":"Cultist","floor":1,"turns":1},{"damage":0,"enemies":"2 Louse","floor":2,"turns":1},{"damage":0,"enemies":"Small Slimes","floor":5,"turns":1},{"damage":54,"enemies":"Gremlin Nob","floor":6,"turns":5},{"damage":71,"enemies":"3 Sentries","floor":11,"turns":4}],"seed_played":"-7113332701857546935","potions_obtained":[{"floor":1,"key":"LiquidBronze"},{"floor":5,"key":"Energy Potion"}],"is_trial":false,"path_per_floor":["M","M","?","$","M","E","R","?","T","R","E"],"character_chosen":"DEFECT","items_purchased":["potionbrewer:SlideRule"],"campfire_rested":2,"item_purchase_floors":[4],"current_hp_per_floor":[68,68,68,71,71,20,44,44,44,68,0,0],"gold":106,"neow_bonus":"THREE_ENEMY_KILL","is_daily":false,"chose_seed":false,"campfire_upgraded":0,"win_rate":0.0,"timestamp":1607789629,"path_taken":["M","?","?","$","?","E","R","?","T","R","E"],"items_purchased_type":["Relic"],"build_version":"2020-11-30","purchased_purges":0,"victory":false,"max_hp_per_floor":[75,75,75,78,78,81,81,81,81,81,81,81],"card_choices":[{"not_picked":["Coolheaded","Compile Driver"],"picked":"Ball Lightning","floor":1},{"not_picked":["Sweeping Beam","StuffTheSpire:LoadUp","StuffTheSpire:Plugnplay"],"picked":"SKIP","floor":2},{"not_picked":["StuffTheSpire:LoadUp","Coolheaded","Reinforced Body"],"picked":"SKIP","floor":5},{"not_picked":["Steam Power","Rip and Tear"],"picked":"ReplayTheSpireMod:GoodbyeWorld","floor":6}],"player_experience":1484930,"relics_obtained":[{"floor":6,"key":"StuffTheSpire:PointBlank"},{"floor":9,"key":"InkBottle"}],"event_choices":[{"damage_healed":0,"gold_gain":0,"player_choice":"Gave Potion","damage_taken":0,"relics_obtained":["Replay:Ringing Soul"],"max_hp_gain":0,"max_hp_loss":0,"event_name":"WeMeetAgain","floor":3,"gold_loss":0},{"damage_healed":0,"gold_gain":30,"player_choice":"Searched \u00273\u0027 times","damage_taken":0,"relics_obtained":["The Courier"],"max_hp_gain":0,"max_hp_loss":0,"event_name":"Dead Adventurer","floor":8,"gold_loss":0}],"is_beta":false,"boss_relics":[],"items_purged_floors":[],"is_endless":false,"potions_floor_spawned":[1,5],"killed_by":"3 Sentries","ascension_level":9}}