{"host":"i09pxcjttd31eh4q","time":1607745644,"event":{"mods":["AchievementEnabler","BaseMod","Colored Map","Keyboard Shortcuts","Minty Spire (QoL Compilation)","StSLib","SuperFastMode"],"gold_per_floor":[110,35,35,45,45,78,78,3,26,49,68,68,92,126,126,126,126],"floor_reached":16,"playtime":272,"items_purged":["Strike_P"],"score":257,"play_id":"13c2f3a2-3784-4cde-8819-ef95cf3bcd6f","local_time":"20201212130044","is_ascension_mode":true,"campfire_choices":[{"data":"Eruption","floor":7.0,"key":"SMITH"},{"data":"FlurryOfBlows","floor":12.0,"key":"SMITH"},{"data":"WheelKick","floor":15,"key":"SMITH"}],"circlet_count":0,"master_deck":["AscendersBane","Strike_P","Strike_P","Defend_P","Defend_P","Defend_P","Defend_P","Eruption+1","Vigilance","WheelKick+1","FlurryOfBlows+1","InnerPeace"],"relics":["PureWater","NeowsBlessing","Golden Idol","Happy Flower","Vajra","Nunchaku"],"acts_visited":["Exordium"],"potions_floor_usage":[16],"damage_taken":[{"damage":0.0,"enemies":"Jaw Worm","floor":1.0,"turns":1.0},{"damage":0.0,"enemies":"2 Louse","floor":4.0,"turns":2.0},{"damage":0.0,"enemies":"3 Sentries","floor":6.0,"turns":2.0},{"damage":0.0,"enemies":"Small Slimes","floor":10.0,"turns":2.0},{"damage":0.0,"enemies":"2 Fungi Beasts","floor":11.0,"turns":1.0},{"damage":0.0,"enemies":"Large Slime","floor":13.0,"turns":3.0},{"damage":46,"enemies":"Gremlin Nob","floor":14,"turns":4},{"damage":15,"enemies":"The Guardian","floor":16,"turns":9}],"seed_played":"8272401164028284585","potions_obtained":[{"floor":6.0,"key":"BlessingOfTheForge"},{"floor":13.0,"key":"Ancient Potion"}],"is_trial":false,"path_per_floor":["M","?","?","M","?","E","R","$","T","M","M","R","M","E","R","B"],"character_chosen":"WATCHER","items_purchased":[],"campfire_rested":0,"item_purchase_floors":[],"current_hp_per_floor":[61,61,61,61,61,61,61,61,61,61,61,61,61,15,15,0,0],"gold":126,"neow_bonus":"THREE_ENEMY_KILL","is_daily":false,"chose_seed":false,"campfire_upgraded":3,"win_rate":0.0,"timestamp":1607745644,"path_taken":["M","?","?","M","?","E","R","$","T","M","M","R","M","E","R","BOSS"],"items_purchased_type":[],"build_version":"2020-11-30","purchased_purges":1,"victory":false,"max_hp_per_floor":[68,68,68,68,62,62,62,62,62,62,62,62,62,62,62,62,62],"card_choices":[{"not_picked":["ClearTheMind","Consecrate","Meditate"],"picked":"SKIP","floor":1.0},{"not_picked":["ClearTheMind","EmptyBody"],"picked":"WheelKick","floor":4.0},{"not_picked":["PathToVictory","FlyingSleeves","SignatureMove"],"picked":"SKIP","floor":6.0},{"not_picked":["Prostrate","ThirdEye"],"picked":"FlurryOfBlows","floor":10.0},{"not_picked":["ConjureBlade","BowlingBash","Pray"],"picked":"SKIP","floor":11.0},{"not_picked":["Evaluate","Vengeance"],"picked":"InnerPeace","floor":13.0},{"not_picked":["Crescendo","FollowUp","Worship"],"picked":"SKIP","floor":14}],"player_experience":720299,"relics_obtained":[{"floor":6.0,"key":"Happy Flower"},{"floor":9.0,"key":"Vajra"},{"floor":14,"key":"Nunchaku"}],"event_choices":[{"cards_removed":["Strike_P"],"damage_healed":0.0,"max_hp_gain":0.0,"max_hp_loss":0.0,"gold_gain":0.0,"event_name":"The Cleric","player_choice":"Card Removal","floor":2.0,"gold_loss":75.0,"damage_taken":0.0},{"damage_healed":0.0,"max_hp_gain":0.0,"max_hp_loss":0.0,"gold_gain":0.0,"event_name":"Liars Game","player_choice":"Ignored","floor":3.0,"gold_loss":0.0,"damage_taken":0.0},{"damage_healed":0.0,"max_hp_gain":0.0,"max_hp_loss":6.0,"gold_gain":0.0,"event_name":"Golden Idol","player_choice":"Lose Max HP","floor":5.0,"gold_loss":0.0,"damage_taken":0.0,"relics_obtained":["Golden Idol"]}],"is_beta":false,"boss_relics":[],"items_purged_floors":[8],"is_endless":false,"potions_floor_spawned":[6,13],"killed_by":"The Guardian","ascension_level":18}}