{"host":"raoabm19igg6waea","time":1607737127,"event":{"mods":["AchievementEnabler","BaseMod","Beaked The Cultist","Challenge The Spire","Clawfect","Colored Powertips","Conspire","Duelist Mod","EXCEPTION","Friendly Minions","GifTheSpireLib","Glutton Mod","Highlight Path","Hubris","Infinite Spire","Minty Spire (QoL Compilation)","READ ME - Snecko Mod","Replay The Spire","StSLib","The Construct","The Cursed","The Disciple","The Jungle","The Mystic","The Necromancer","The Poker Player","slay the spire mod where everything is the same but ironclad has a cowboy hat","vexMod"],"gold_per_floor":[116,66,76,1,11,11,43,43,43,78,89,109,109,125,125,224,224,240,255,255,255,271,296,296,328,328,356,356,372,407,423,423,519,569,587,598,598,615,70,70,95,95,176,203,215,229,254,265,265,265],"floor_reached":51,"playtime":5743,"items_purged":["Defend_P","Strike_P"],"score":1187,"play_id":"a6a5a0fa-73df-4b30-846a-09e2ec53349d","local_time":"20201212023847","is_ascension_mode":true,"campfire_choices":[{"data":"Eruption","floor":6.0,"key":"SMITH"},{"data":"LikeWater","floor":8.0,"key":"SMITH"},{"floor":15.0,"key":"DIG"},{"data":"SashWhip","floor":24.0,"key":"SMITH"},{"data":"Replay:Fractal Strike","floor":32.0,"key":"SMITH"},{"data":"Vault","floor":40,"key":"SMITH"},{"data":"Replay:BluntJabs","floor":42,"key":"SMITH"},{"data":"Adaptation","floor":49,"key":"SMITH"}],"circlet_count":0,"master_deck":["Strike_P+1","Defend_P","Defend_P","Defend_P","Eruption+1","Vigilance","hubris:Insight+1","LikeWater+1","SashWhip+1","Replay:BluntJabs+1","Replay:Fractal Strike+1","Vault+1","Adaptation+1","infinitespire:SealOfDarkness+","FollowUp+1","Replay:Fractal Strike+1"],"relics":["PureWater","Singing Bowl","hubris:PeanutButter","Ice Cream","vexMod:PlasmaPancake","Philosopher\u0027s Stone","hubris:Towel","hubris:BottledHeart","construct:FoamFinger","beaked:ShinyBauble","Letter Opener","Tiny Chest","hubris:CuriousFeather","Blood Vial","Tiny House","ReplayTheSpireMod:Shallot","DollysMirror","Gremlin Food","Art of War","Lantern","infinitespire:WardingShard","infinitespire:PuzzleCube","Whetstone"],"acts_visited":[],"potions_floor_usage":[41],"damage_taken":[{"damage":0.0,"enemies":"Jaw Worm","floor":1.0,"turns":5.0},{"damage":4.0,"enemies":"Small Slimes","floor":3.0,"turns":3.0},{"damage":0.0,"enemies":"Cultist","floor":5.0,"turns":3.0},{"damage":14.0,"enemies":"3 Sentries","floor":7.0,"turns":13.0},{"damage":31.0,"enemies":"Lagavulin","floor":10.0,"turns":4.0},{"damage":0.0,"enemies":"3 Louse","floor":11.0,"turns":3.0},{"damage":0.0,"enemies":"Looter","floor":12.0,"turns":3.0},{"damage":0.0,"enemies":"Blue Slaver","floor":14.0,"turns":4.0},{"damage":4.0,"enemies":"The Guardian","floor":16.0,"turns":15.0},{"damage":14.0,"enemies":"3 Byrds","floor":18.0,"turns":6.0},{"damage":0.0,"enemies":"Shell Parasite","floor":19.0,"turns":7.0},{"damage":0.0,"enemies":"Centurion and Healer","floor":22.0,"turns":4.0},{"damage":0.0,"enemies":"conspire:SneckoGhost","floor":23.0,"turns":7.0},{"damage":0.0,"enemies":"theDuelist:KaibaA2","floor":25.0,"turns":3.0},{"damage":0.0,"enemies":"Nightmare","floor":27.0,"turns":9.0},{"damage":0.0,"enemies":"Shelled Parasite and Fungi","floor":29.0,"turns":3.0},{"damage":0.0,"enemies":"theDuelist:KaibaA2","floor":30.0,"turns":3.0},{"damage":0.0,"enemies":"Snecko","floor":31.0,"turns":2.0},{"damage":0.0,"enemies":"conspire:MysteriousRune","floor":33.0,"turns":6.0},{"damage":0.0,"enemies":"3 Shapes","floor":35.0,"turns":2.0},{"damage":0.0,"enemies":"Orb Walker","floor":36.0,"turns":3.0},{"damage":0,"enemies":"Writhing Mass","floor":38,"turns":5},{"damage":0,"enemies":"Reptomancer","floor":41,"turns":3},{"damage":0,"enemies":"Nemesis","floor":44,"turns":3},{"damage":0,"enemies":"Maw","floor":45,"turns":4},{"damage":0,"enemies":"3 Darklings","floor":46,"turns":3},{"damage":0,"enemies":"Reptomancer","floor":47,"turns":2},{"damage":0,"enemies":"Sphere and 2 Shapes","floor":48,"turns":3},{"damage":0,"enemies":"infinitespire:MassOfShapes","floor":50,"turns":4}],"seed_played":"-5795885071170023090","potions_obtained":[{"floor":3.0,"key":"LiquidBronze"},{"floor":10.0,"key":"Elixir"},{"floor":12.0,"key":"Venom Potion"},{"floor":19.0,"key":"Fire Potion"},{"floor":23.0,"key":"EntropicBrew"},{"floor":25.0,"key":"Strength Potion"},{"floor":30.0,"key":"Adrenaline Potion"},{"floor":44,"key":"BlessingOfTheForge"}],"is_trial":false,"path_per_floor":["M","?","M","$","M","R","E","R","T","E","M","M","?","M","R","B",null,"M","M","?","?","M","E","R","E","T","NM","AVR","M","E","M","R","B",null,"M","M","AVR","M","$","R","E","R","T","E","M","M","E","M","R","B",null],"character_chosen":"WATCHER","items_purchased":["DollysMirror","Gremlin Food","Art of War"],"campfire_rested":0,"item_purchase_floors":[39,39,39],"current_hp_per_floor":[72,72,68,68,68,68,54,54,54,25,27,27,27,29,35,33,86,74,76,76,1,1,1,1,1,1,1,1,1,1,1,1,1,1,1,1,1,1,1,1,1,1,1,1,1,1,1,1,1,1],"gold":265,"neow_bonus":"RANDOM_COLORLESS","is_daily":false,"chose_seed":false,"campfire_upgraded":7,"win_rate":0.0,"timestamp":1607737127,"path_taken":["M","?","M","$","M","R","E","R","T","E","M","M","?","?","R","BOSS","M","M","?","?","M","E","R","E","T","NM","AVR","M","E","M","R","BOSS","M","M","AVR","M","$","R","E","R","T","E","M","M","E","M","R","BOSS"],"items_purchased_type":["Relic","Relic","Relic"],"build_version":"2020-11-30","purchased_purges":2,"victory":true,"max_hp_per_floor":[72,72,72,72,72,72,72,72,72,74,76,76,76,78,84,86,86,88,90,90,1,1,1,1,1,1,1,1,1,1,1,1,1,1,1,1,1,1,1,1,1,1,1,1,1,1,1,1,1,1],"card_choices":[{"not_picked":["Dramatic Entrance","ReplayTheSpireMod:Trickstab"],"picked":"hubris:Insight","floor":0.0},{"not_picked":["DeceiveReality","EmptyFist","BattleHymn"],"picked":"SKIP","floor":1.0},{"not_picked":["Sanctity","BowlingBash"],"picked":"LikeWater","floor":3.0},{"not_picked":["Halt","Swivel","Replay:Battleflow"],"picked":"SKIP","floor":5.0},{"not_picked":["BowlingBash","Protect"],"picked":"SashWhip","floor":7.0},{"not_picked":["WreathOfFlame","LessonLearned","ClearTheMind"],"picked":"Singing Bowl","floor":10.0},{"not_picked":["Prostrate","ThirdEye","CrushJoints"],"picked":"Singing Bowl","floor":11.0},{"not_picked":["EmptyBody","Replay:DivineShield"],"picked":"Replay:BluntJabs","floor":12.0},{"not_picked":["Replay:AtTheReady","ThirdEye","Omniscience"],"picked":"Singing Bowl","floor":14.0},{"not_picked":["Judgement","Wish","ConjureBlade"],"picked":"Singing Bowl","floor":16.0},{"not_picked":["Halt","Consecrate","Indignation"],"picked":"Singing Bowl","floor":18.0},{"not_picked":["Indignation","WheelKick","SignatureMove+1"],"picked":"Singing Bowl","floor":19.0},{"not_picked":["Replay:BluntJabs","PathToVictory","Consecrate+1"],"picked":"Singing Bowl","floor":22.0},{"not_picked":["FlyingSleeves","Vengeance","Indignation"],"picked":"Singing Bowl","floor":23.0},{"not_picked":["Wireheading+1","Pray","Replay:ManipulateFuture"],"picked":"Singing Bowl","floor":25.0},{"not_picked":["Replay:Vibes","Consecrate","Protect"],"picked":"Singing Bowl","floor":27.0},{"not_picked":["SashWhip","Brilliance","Halt"],"picked":"Singing Bowl","floor":29.0},{"not_picked":["Evaluate+1","Worship","CutThroughFate"],"picked":"Singing Bowl","floor":30.0},{"not_picked":["CrushJoints","TalkToTheHand","EmptyBody"],"picked":"Singing Bowl","floor":31.0},{"not_picked":["Devotion","DeusExMachina"],"picked":"Vault","floor":33.0},{"not_picked":["SashWhip+1","Indignation"],"picked":"Adaptation","floor":34.0},{"not_picked":["CrushJoints+1","ForeignInfluence+1","EmptyBody"],"picked":"Singing Bowl","floor":35.0},{"not_picked":["EmptyMind","Replay:Battleflow","Prostrate+1"],"picked":"Singing Bowl","floor":36.0},{"not_picked":["Prostrate","ThirdEye"],"picked":"FollowUp+1","floor":38},{"not_picked":["EmptyBody","Replay:ManipulateFuture","JustLucky"],"picked":"Singing Bowl","floor":41},{"not_picked":["Replay:BluntJabs","Replay:AtTheReady","PathToVictory"],"picked":"Singing Bowl","floor":44},{"not_picked":["Replay:BluntJabs","EmptyFist","SignatureMove+1"],"picked":"Singing Bowl","floor":45},{"not_picked":["SashWhip+1","Consecrate","Worship+1"],"picked":"Singing Bowl","floor":46},{"not_picked":["WreathOfFlame","Replay:AtTheReady","ThirdEye"],"picked":"Singing Bowl","floor":47},{"not_picked":["Replay:Anticipation+1","ClearTheMind+1","Replay:Hum"],"picked":"Singing Bowl","floor":48}],"player_experience":365336,"relics_obtained":[{"floor":7.0,"key":"Singing Bowl"},{"floor":9.0,"key":"hubris:PeanutButter"},{"floor":10.0,"key":"Ice Cream"},{"floor":15.0,"key":"vexMod:PlasmaPancake"},{"floor":23.0,"key":"construct:FoamFinger"},{"floor":25.0,"key":"beaked:ShinyBauble"},{"floor":26.0,"key":"Letter Opener"},{"floor":27.0,"key":"Tiny Chest"},{"floor":30.0,"key":"Blood Vial"},{"floor":41,"key":"Lantern"},{"floor":43,"key":"infinitespire:WardingShard"},{"floor":44,"key":"infinitespire:PuzzleCube"},{"floor":47,"key":"Whetstone"}],"event_choices":[{"cards_removed":["Strike_P"],"damage_healed":0.0,"max_hp_gain":0.0,"max_hp_loss":0.0,"gold_gain":0.0,"event_name":"The Cleric","player_choice":"Card Removal","floor":2.0,"gold_loss":50.0,"damage_taken":0.0},{"cards_removed":["Strike_P"],"damage_healed":0.0,"max_hp_gain":0.0,"max_hp_loss":0.0,"gold_gain":0.0,"event_name":"Wheel of Change","player_choice":"Card Removal","floor":13.0,"gold_loss":0.0,"damage_taken":0.0}],"is_beta":false,"boss_relics":[{"not_picked":["Runic Dome","conspire:SeveredTorchhead"],"picked":"Philosopher\u0027s Stone"},{"not_picked":["infinitespire:Cupcake","Replay:Cursed D8"],"picked":"Tiny House"}],"items_purged_floors":[4,39],"is_endless":false,"potions_floor_spawned":[3,10,12,16,18,19,23,25,30,36,44,47,48],"ascension_level":2}}