{"host":"nvwxkcurnqq848ao","time":1607751784,"event":{"mods":["BaseMod","Block Reminder","Downfall","Infinite Spire","Minty Spire (QoL Compilation)","Relic Sorter","Replay The Spire","StSLib"],"gold_per_floor":[109,109,125,175,175,175,213,229,229,229,249,34,70,86,86,206,269,288,256,256,280,56,56,56,56],"floor_reached":24,"playtime":1314,"items_purged":["Injury"],"score":289,"play_id":"97a03e78-cf38-4d04-9132-b41b248ca3df","local_time":"20201211234304","is_ascension_mode":true,"campfire_choices":[{"data":"True Grit","floor":6,"key":"SMITH"},{"data":"Armaments","floor":10,"key":"SMITH"},{"data":"Armaments","floor":15,"key":"SMITH"},{"floor":23,"key":"REST"}],"circlet_count":0,"master_deck":["Strike_R","Strike_R","Strike_R","Strike_R","Strike_R","Defend_R+1","Defend_R","Defend_R","Defend_R+1","Bash","Body Slam","True Grit+1","Shockwave","Armaments+1","Demon Form","True Grit","Armaments+1","Decay","Demon Form","Evolve","Impervious","CommonCold","Abandon","ReplayTheSpireMod:Stacked","Thunderclap","Mind Blast","Purity","expansioncontent:BronzeBeam","Whirlwind","Dark Embrace","Massacre"],"relics":["Burning Blood","NeowsBlessing","Ring of Misfortune","Ring of Greed","Membership Card","Smiling Mask","Golden Idol","infinitespire:ShieldingShard","Vajra","Iron Hammer","Sundial","Tiny House","Du-Vu Doll"],"acts_visited":["Exordium","TheCity"],"potions_floor_usage":[11,16,18,21,21,24],"damage_taken":[{"damage":0,"enemies":"Jaw Worm","floor":1,"turns":1},{"damage":0,"enemies":"2 Louse","floor":3,"turns":1},{"damage":0,"enemies":"Gremlin Nob","floor":7,"turns":1},{"damage":0,"enemies":"Small Slimes","floor":8,"turns":4},{"damage":10,"enemies":"Gremlin Gang","floor":11,"turns":8},{"damage":11,"enemies":"3 Sentries","floor":13,"turns":8},{"damage":0,"enemies":"Blue Slaver","floor":14,"turns":3},{"damage":34,"enemies":"The Guardian","floor":16,"turns":8},{"damage":41,"enemies":"Spheric Guardian","floor":18,"turns":9},{"damage":21,"enemies":"2 Thieves","floor":19,"turns":5},{"damage":28,"enemies":"Shelled Parasite and Fungi","floor":21,"turns":8},{"damage":38,"enemies":"Nightmare","floor":24,"turns":7}],"seed_played":"-6029965788259174008","potions_obtained":[{"floor":1,"key":"BlessingOfTheForge"},{"floor":11,"key":"BloodPotion"},{"floor":13,"key":"sneckomod:MuddlingPotion"},{"floor":16,"key":"BloodPotion"},{"floor":17,"key":"LifebloodPotion"},{"floor":19,"key":"Explosive Potion"}],"is_trial":false,"path_per_floor":["M","?","M","?","?","R","E","M","T","R","M","$","E","M","R","B",null,"M","M","?","M","$","R","NM"],"character_chosen":"IRONCLAD","items_purchased":["True Grit","Iron Hammer","Armaments","Du-Vu Doll","Dark Embrace","Massacre"],"campfire_rested":1,"item_purchase_floors":[12,12,12,22,22,22],"current_hp_per_floor":[80,80,80,80,80,80,80,80,80,80,76,76,71,77,77,49,77,59,44,17,12,12,37,0,0],"gold":56,"neow_bonus":"THREE_ENEMY_KILL","is_daily":false,"chose_seed":false,"campfire_upgraded":3,"win_rate":0.0,"timestamp":1607751784,"path_taken":["M","?","M","?","?","R","E","M","T","R","M","$","E","M","R","BOSS","M","M","?","M","$","R","NM"],"items_purchased_type":["Card","Relic","Card","Relic","Card","Card"],"build_version":"2020-11-30","purchased_purges":1,"victory":false,"max_hp_per_floor":[80,80,80,80,80,80,80,80,80,80,80,80,80,80,80,80,85,85,85,85,85,85,85,85,85],"card_choices":[{"not_picked":["Power Through","Clash"],"picked":"Body Slam","floor":1},{"not_picked":["Wild Strike","Intimidate"],"picked":"True Grit","floor":3},{"not_picked":["Combust","Iron Wave"],"picked":"Shockwave","floor":7},{"not_picked":["Flex","Clothesline"],"picked":"Armaments","floor":8},{"not_picked":["Havoc","Replay:Undeath\u0027s Touch"],"picked":"Demon Form","floor":11},{"not_picked":["Rampage","Pummel"],"picked":"Demon Form","floor":13},{"not_picked":["ReplayTheSpireMod:LeadingStrike","Iron Wave"],"picked":"Evolve","floor":14},{"not_picked":["Feed","Corruption"],"picked":"Impervious","floor":16},{"not_picked":["Sword Boomerang","Cleave"],"picked":"Abandon","floor":17},{"not_picked":["Hemokinesis","True Grit"],"picked":"ReplayTheSpireMod:Stacked","floor":18},{"not_picked":["Carnage","Clash"],"picked":"Thunderclap","floor":19},{"not_picked":["Rampage","Anger"],"picked":"Whirlwind","floor":21}],"player_experience":508249,"relics_obtained":[{"floor":4,"key":"Ring of Misfortune"},{"floor":4,"key":"Ring of Greed"},{"floor":4,"key":"Membership Card"},{"floor":4,"key":"Smiling Mask"},{"floor":7,"key":"infinitespire:ShieldingShard"},{"floor":9,"key":"Vajra"},{"floor":13,"key":"Sundial"}],"event_choices":[{"damage_healed":0,"gold_gain":0,"player_choice":"Take Wound","damage_taken":0,"relics_obtained":["Golden Idol"],"max_hp_gain":0,"max_hp_loss":0,"event_name":"Golden Idol","floor":5,"gold_loss":0,"cards_obtained":["Injury"]},{"damage_healed":0,"gold_gain":0,"player_choice":"CARD CARD CARD ","damage_taken":27,"max_hp_gain":0,"max_hp_loss":0,"event_name":"Knowing Skull","floor":20,"potions_obtained":[],"gold_loss":0,"cards_obtained":["Mind Blast","Purity","expansioncontent:BronzeBeam"]}],"is_beta":false,"boss_relics":[{"not_picked":["Runic Pyramid","Runic Dome"],"picked":"Tiny House"}],"items_purged_floors":[12],"is_endless":false,"potions_floor_spawned":[1,11,13,16,19],"killed_by":"Nightmare","ascension_level":5}}