{"host":"cvdbfwtypahr1w62","time":1607770304,"event":{"mods":["AchievementEnabler","Act Like it!","BaseMod","BetterRewards","Colored Map","Filter the Spire","Hallownest","Highlight Path","Jorbs\u0027s Wanderer Trilogy","Marisa????????","Minty Spire (QoL Compilation)","Rare Cards Sparkle","Relic Stats","Shop Mod","StSLib","The Bug Knight","The Cursed"],"gold_per_floor":[111,9,29,44,44,70,70,96,96,96,96,108,108,124,124,195,195,215,215,233,233,37,65,65,65,92,155,171,182,182,245,245,316,316,333,349,364,364,381,381,381],"floor_reached":40,"playtime":1887,"items_purged":["Strike_G","Strike_G","Strike_G","Defend_G"],"score":1174,"play_id":"afa3e78a-71d7-4839-8b79-e560d3c4136f","local_time":"20201212115144","is_ascension_mode":true,"campfire_choices":[{"floor":7,"key":"REST"},{"data":"Burst","floor":10,"key":"SMITH"},{"data":"Apotheosis","floor":15,"key":"SMITH"},{"data":"Accuracy","floor":24,"key":"SMITH"},{"floor":30,"key":"REST"},{"floor":32,"key":"REST"}],"circlet_count":1,"master_deck":["AscendersBane","Defend_G","Defend_G","Defend_G","Defend_G","Survivor","Neutralize","Footwork","Apotheosis+1","Escape Plan","Infinite Blades","Footwork","Blade Dance","Backstab","Noxious Fumes+1","After Image","Cloak And Dagger","Burst+1","Adrenaline","Hallownest:pwrSporeShroom","Accuracy+1","Normality","A Thousand Cuts","After Image","Blur+1","Decay","Blur"],"relics":["Ring of the Serpent","Membership Card","Bronze Scales","Torii","Kunai","Happy Flower","Tough Bandages","Hallownest:DreamNailRelic","Whetstone","Girya","HollowMod:StagPassRelic","Circlet","Cursed Key","TwistedFunnel","Bag of Preparation","Hallownest:WatcherSealRelic","Strawberry"],"acts_visited":["Exordium","Hallownest:Greenpath","TheBeyond"],"potions_floor_usage":[6,16,16,35,39,39],"damage_taken":[{"damage":1,"enemies":"Hallownest:2_Tiktiks_and_1_Crawlid","floor":1,"turns":5},{"damage":0,"enemies":"Hallownest:monsterHuskGuard","floor":3,"turns":4},{"damage":0,"enemies":"Hallownest:monsterHuskWarrior","floor":4,"turns":4},{"damage":0,"enemies":"Hallownest:eliteVengeflyKing","floor":6,"turns":7},{"damage":0,"enemies":"Hallownest:eliteCrystalGuardian","floor":8,"turns":5},{"damage":0,"enemies":"Hallownest:monsterMossCharger","floor":12,"turns":4},{"damage":0,"enemies":"Hallownest:Wandering_and_Horned","floor":14,"turns":6},{"damage":1,"enemies":"Hallownest:BossBrokenVessel","floor":16,"turns":9},{"damage":0,"enemies":"Hallownest:Flukemon_and_Top","floor":18,"turns":7},{"damage":6,"enemies":"Hallownest:2_Mistakes","floor":20,"turns":8},{"damage":0,"enemies":"Hallownest:eliteSoulWarrior","floor":23,"turns":7},{"damage":16,"enemies":"Hallownest:Glutton_and_Coward","floor":27,"turns":5},{"damage":34,"enemies":"Hallownest:3_Mistakes","floor":28,"turns":5},{"damage":0,"enemies":"Hallownest:2_Flukemon","floor":29,"turns":5},{"damage":16,"enemies":"Hallownest:Glutton_and_Coward","floor":31,"turns":2},{"damage":12,"enemies":"Hallownest:BossGrimm","floor":33,"turns":6},{"damage":0,"enemies":"3 Darklings","floor":35,"turns":3},{"damage":0,"enemies":"Orb Walker","floor":36,"turns":3},{"damage":0,"enemies":"Sphere and 2 Shapes","floor":37,"turns":3},{"damage":55,"enemies":"Transient","floor":39,"turns":5},{"damage":12,"enemies":"4 Shapes","floor":40,"turns":1}],"seed_played":"-6603569533958162732","potions_obtained":[{"floor":1,"key":"ColorlessPotion"},{"floor":4,"key":"SpeedPotion"},{"floor":12,"key":"PowerPotion"},{"floor":18,"key":"SpeedPotion"},{"floor":23,"key":"CunningPotion"},{"floor":36,"key":"BlessingOfTheForge"}],"is_trial":false,"path_per_floor":["M","$","M","M","?","E","R","E","T","R","?","M","?","M","R","B",null,"M","?","M","?","$","E","R","?","T","M","M","M","R","M","R","B",null,"M","M","M","?","M","M"],"character_chosen":"THE_SILENT","items_purchased":["Membership Card","Footwork","Bronze Scales","Apotheosis","Escape Plan","Infinite Blades","Kunai","Happy Flower","Footwork","Blade Dance","Noxious Fumes","TwistedFunnel","Accuracy"],"campfire_rested":3,"item_purchase_floors":[0,0,0,0,0,0,0,0,0,0,2,22,22],"current_hp_per_floor":[16,16,16,16,16,16,35,35,35,35,35,35,35,35,35,34,52,52,46,50,50,50,52,52,52,59,43,15,17,36,20,39,29,56,56,60,60,60,7,0,0],"gold":381,"neow_bonus":"","is_daily":false,"chose_seed":false,"campfire_upgraded":3,"win_rate":0.0,"timestamp":1607770304,"path_taken":["M","$","M","M","?","E","R","E","T","R","?","?","?","?","R","BOSS","M","?","?","?","?","E","R","?","T","M","M","?","R","M","R","BOSS","M","M","?","?","M","?"],"items_purchased_type":["Relic","Card","Relic","Card","Card","Card","Relic","Relic","Card","Card","Card","Relic","Card"],"build_version":"2020-11-30","purchased_purges":4,"victory":false,"max_hp_per_floor":[66,66,66,66,66,66,66,66,66,66,58,58,58,58,58,58,58,58,58,58,58,58,58,58,58,65,65,65,65,65,65,65,65,65,65,65,65,65,65,65,65],"relic_stats":{"Tough Bandages":[78],"Torii":20,"Happy Flower":[34],"counters":[271,1438],"Bronze Scales":[528],"Bag of Preparation":[20],"Kunai":[63],"Whetstone":["Strike_G","Strike_G"],"Cursed Key":1,"obtain_stats":[{"TwistedFunnel":19,"Whetstone":0,"Bottled Tornado":28,"Boot":8,"Sling":19,"Blood Vial":2,"Sundial":43,"MealTicket":7,"Fusion Hammer":34,"Kunai":9,"HollowMod:QueensCombRelic":0,"Pear":9,"Blue Candle":31,"HollowMod:JonisBlessing":0,"Eternal Feather":13,"Pen Nib":27,"Paper Crane":10,"Akabeko":45,"SlaversCollar":17,"MutagenicStrength":20,"Bird Faced Urn":25,"Ring of the Serpent":34,"Unceasing Top":14,"Lantern":24,"Regal Pillow":26,"Torii":0,"Magic Flower":0,"StoneCalendar":0,"Bag of Preparation":25,"Smiling Mask":9,"Hallownest:GodTamersBeastRelic":45,"Cursed Key":17,"Matryoshka":31,"WristBlade":34,"Ninja Scroll":0,"WingedGreaves":0,"Chemical X":30,"InkBottle":14,"Potion Belt":43,"Lee\u0027s Waffle":30,"Golden Idol":2,"Circlet":30,"Thread and Needle":40,"PreservedInsect":5,"Omamori":13,"Frozen Egg 2":22,"Hallownest:WatcherSealRelic":20,"Busted Crown":34,"Ornamental Fan":11,"Turnip":24,"Toy Ornithopter":9,"Mark of the Bloom":36,"Calipers":10,"Tiny House":17,"Gremlin Horn":29,"CeramicFish":26,"Vajra":10,"HoveringKite":34,"HollowMod:VesselMask":0,"HollowMod:StagPassRelic":9,"Sozu":34,"HornCleat":0,"Strawberry":26,"Philosopher\u0027s Stone":17,"Prayer Wheel":27,"Toxic Egg 2":9,"Girya":8,"Happy Flower":0,"Oddly Smooth Stone":0,"War Paint":30,"Question Card":26,"WarpedTongs":28,"Bottled Flame":26,"Shuriken":9,"Bronze Scales":20,"Molten Egg 2":45,"CatCart":37,"Pocketwatch":0,"Meat on the Bone":4,"Darkstone Periapt":26,"Hallownest:StagBellRelic1":3,"SacredBark":34,"Enchiridion":27,"Mango":0,"Snake Skull":0,"Juzu Bracelet":43,"Incense Burner":2,"Hallownest:DreamNailRelic":3,"Empty Cage":17,"ClockworkSouvenir":0,"Nunchaku":26,"Dream Catcher":9,"Tough Bandages":0,"Mummified Hand":44,"Pantograph":6,"Red Mask":48,"Runic Pyramid":34,"Hallownest:BeastSealRelic":48,"HollowMod:LifeEnderRelic":40,"Odd Mushroom":11,"Orichalcum":44,"White Beast Statue":26,"Peace Pipe":13,"Anchor":30,"Membership Card":0,"TungstenRod":43},{"TwistedFunnel":198,"Whetstone":0,"Bottled Tornado":112,"Boot":4,"Sling":64,"Blood Vial":56,"Sundial":17,"MealTicket":96,"Fusion Hammer":46,"Kunai":20,"HollowMod:QueensCombRelic":188,"Pear":58,"Blue Candle":158,"HollowMod:JonisBlessing":0,"Eternal Feather":238,"Pen Nib":68,"Paper Crane":148,"Akabeko":73,"SlaversCollar":39,"MutagenicStrength":111,"Bird Faced Urn":111,"Ring of the Serpent":136,"Unceasing Top":218,"Lantern":10,"Regal Pillow":131,"Torii":250,"Magic Flower":55,"StoneCalendar":55,"Bag of Preparation":179,"Smiling Mask":4,"Hallownest:GodTamersBeastRelic":54,"Cursed Key":110,"Matryoshka":12,"WristBlade":182,"Ninja Scroll":210,"WingedGreaves":105,"Chemical X":44,"InkBottle":22,"Potion Belt":230,"Lee\u0027s Waffle":68,"Golden Idol":106,"Circlet":222,"Thread and Needle":184,"PreservedInsect":99,"Omamori":173,"Frozen Egg 2":9,"Hallownest:WatcherSealRelic":41,"Busted Crown":115,"Ornamental Fan":36,"Turnip":130,"Toy Ornithopter":107,"Mark of the Bloom":183,"Calipers":124,"Tiny House":127,"Gremlin Horn":200,"CeramicFish":179,"Vajra":59,"HoveringKite":202,"HollowMod:VesselMask":0,"HollowMod:StagPassRelic":255,"Sozu":244,"HornCleat":188,"Strawberry":261,"Philosopher\u0027s Stone":7,"Prayer Wheel":87,"Toxic Egg 2":34,"Girya":255,"Happy Flower":55,"Oddly Smooth Stone":119,"War Paint":68,"Question Card":155,"WarpedTongs":43,"Bottled Flame":11,"Shuriken":123,"Bronze Scales":25,"Molten Egg 2":208,"CatCart":226,"Pocketwatch":0,"Meat on the Bone":106,"Darkstone Periapt":198,"Hallownest:StagBellRelic1":145,"SacredBark":70,"Enchiridion":241,"Mango":18,"Snake Skull":188,"Juzu Bracelet":17,"Incense Burner":19,"Hallownest:DreamNailRelic":31,"Empty Cage":63,"ClockworkSouvenir":18,"Nunchaku":67,"Dream Catcher":147,"Tough Bandages":250,"Mummified Hand":207,"Pantograph":3,"Red Mask":75,"Runic Pyramid":13,"Hallownest:BeastSealRelic":54,"HollowMod:LifeEnderRelic":229,"Odd Mushroom":102,"Orichalcum":187,"White Beast Statue":86,"Peace Pipe":81,"Anchor":134,"Membership Card":55,"TungstenRod":140},{"TwistedFunnel":1059,"Whetstone":0,"Bottled Tornado":608,"Boot":16,"Sling":351,"Blood Vial":314,"Sundial":91,"MealTicket":529,"Fusion Hammer":267,"Kunai":105,"HollowMod:QueensCombRelic":1010,"Pear":321,"Blue Candle":829,"HollowMod:JonisBlessing":0,"Eternal Feather":1270,"Pen Nib":370,"Paper Crane":780,"Akabeko":387,"SlaversCollar":217,"MutagenicStrength":605,"Bird Faced Urn":605,"Ring of the Serpent":725,"Unceasing Top":1160,"Lantern":51,"Regal Pillow":701,"Torii":1334,"Magic Flower":310,"StoneCalendar":310,"Bag of Preparation":959,"Smiling Mask":16,"Hallownest:GodTamersBeastRelic":299,"Cursed Key":602,"Matryoshka":59,"WristBlade":981,"Ninja Scroll":1121,"WingedGreaves":578,"Chemical X":253,"InkBottle":113,"Potion Belt":1228,"Lee\u0027s Waffle":370,"Golden Idol":582,"Circlet":1184,"Thread and Needle":990,"PreservedInsect":549,"Omamori":913,"Frozen Egg 2":39,"Hallownest:WatcherSealRelic":230,"Busted Crown":624,"Ornamental Fan":195,"Turnip":698,"Toy Ornithopter":585,"Mark of the Bloom":985,"Calipers":675,"Tiny House":688,"Gremlin Horn":1072,"CeramicFish":959,"Vajra":325,"HoveringKite":1081,"HollowMod:VesselMask":0,"HollowMod:StagPassRelic":1359,"Sozu":1306,"HornCleat":1010,"Strawberry":1400,"Philosopher\u0027s Stone":32,"Prayer Wheel":476,"Toxic Egg 2":181,"Girya":1359,"Happy Flower":310,"Oddly Smooth Stone":643,"War Paint":370,"Question Card":814,"WarpedTongs":248,"Bottled Flame":55,"Shuriken":667,"Bronze Scales":137,"Molten Egg 2":1106,"CatCart":1208,"Pocketwatch":0,"Meat on the Bone":582,"Darkstone Periapt":1059,"Hallownest:StagBellRelic1":767,"SacredBark":378,"Enchiridion":1289,"Mango":100,"Snake Skull":1010,"Juzu Bracelet":91,"Incense Burner":102,"Hallownest:DreamNailRelic":168,"Empty Cage":346,"ClockworkSouvenir":100,"Nunchaku":364,"Dream Catcher":775,"Tough Bandages":1334,"Mummified Hand":1100,"Pantograph":11,"Red Mask":396,"Runic Pyramid":71,"Hallownest:BeastSealRelic":299,"HollowMod:LifeEnderRelic":1224,"Odd Mushroom":563,"Orichalcum":1003,"White Beast Statue":466,"Peace Pipe":431,"Anchor":716,"Membership Card":310,"TungstenRod":739}]},"card_choices":[{"not_picked":["Dagger Spray","Expertise"],"picked":"Backstab","floor":1},{"not_picked":["Quick Slash","Prepared","Dagger Throw"],"picked":"SKIP","floor":3},{"not_picked":["Sucker Punch","Deadly Poison"],"picked":"After Image","floor":4},{"not_picked":["Reflex","Finisher"],"picked":"Cloak And Dagger","floor":6},{"not_picked":["Outmaneuver","Poisoned Stab"],"picked":"Burst","floor":8},{"not_picked":["Dagger Spray","Underhanded Strike","Deadly Poison"],"picked":"SKIP","floor":12},{"not_picked":["Bane","Prepared","Deflect"],"picked":"SKIP","floor":14},{"not_picked":["Unload","Die Die Die"],"picked":"Adrenaline","floor":16},{"not_picked":["Acrobatics+1","Dodge and Roll","Flying Knee"],"picked":"SKIP","floor":18},{"not_picked":["Endless Agony","Acrobatics+1","Bane+1"],"picked":"SKIP","floor":20},{"not_picked":["Poisoned Stab","Dodge and Roll","Deadly Poison"],"picked":"SKIP","floor":23},{"not_picked":["Prepared","Poisoned Stab","Underhanded Strike"],"picked":"SKIP","floor":27},{"not_picked":["Flying Knee","Skewer"],"picked":"A Thousand Cuts","floor":28},{"not_picked":["Underhanded Strike","Backflip+1","Bane"],"picked":"SKIP","floor":29},{"not_picked":["Acrobatics","Deflect","Dodge and Roll"],"picked":"SKIP","floor":31},{"not_picked":["A Thousand Cuts","Envenom"],"picked":"After Image","floor":33},{"not_picked":["Quick Slash","Cloak And Dagger"],"picked":"Blur+1","floor":35},{"not_picked":["Prepared","Flying Knee","Dagger Spray"],"picked":"SKIP","floor":36},{"not_picked":["Heel Hook","Underhanded Strike","Tools of the Trade"],"picked":"SKIP","floor":37},{"not_picked":["Dagger Throw","Distraction+1"],"picked":"Blur","floor":39}],"player_experience":769852,"relics_obtained":[{"floor":6,"key":"Whetstone"},{"floor":8,"key":"Girya"},{"floor":9,"key":"HollowMod:StagPassRelic"},{"floor":23,"key":"Bag of Preparation"},{"floor":26,"key":"Strawberry"}],"event_choices":[{"damage_healed":0,"gold_gain":0,"player_choice":"Cursed","damage_taken":0,"max_hp_gain":0,"max_hp_loss":0,"event_name":"Wheel of Change","floor":38,"gold_loss":0,"cards_obtained":["Decay"]}],"is_beta":false,"boss_relics":[{"not_picked":["Calling Bell","WristBlade"],"picked":"Cursed Key"},{"not_picked":["Philosopher\u0027s Stone","Snecko Eye"],"picked":"Ring of the Serpent"}],"items_purged_floors":[0,0,2,22],"is_endless":false,"potions_floor_spawned":[1,4,12,18,23,27,36],"killed_by":"4 Shapes","ascension_level":16}}