{"host":"c95txy58ipbu969e","time":1607771921,"event":{"mods":["Act Like it!","BaseMod","Minty Spire (QoL Compilation)","MostiFishMod","Replay The Spire","StSLib","TestMod","vexMod","¡¾ÒÅÎï¿¨ÅÆ¡¿REMEMod"],"gold_per_floor":[113,128,146,157,157,184,184,224,292,336,359,368,368,392,392,478,478,503,523,523,523,330,372,372,406,418,453,465,497,545,557,569,663,675,708,749,102,152,427,471,483,517,543,576,151,151,180,203,203,216,225,225,225,45,83,309],"floor_reached":57,"playtime":2856,"items_purged":["Strike_R","Strike_R","Strike_R","Strike_R"],"score":3284,"play_id":"76eb2bd3-9d1c-479d-8a6a-a53a73324a5c","local_time":"20201212191841","is_ascension_mode":true,"campfire_choices":[{"data":"Adrenaline","floor":7.0,"key":"SMITH"},{"data":"Eruption","floor":13.0,"key":"SMITH"},{"data":"Heavy Blade","floor":15.0,"key":"SMITH"},{"data":"MostiFishMod:CullingBlade","floor":24,"key":"SMITH"},{"data":"Sword Boomerang","floor":28,"key":"SMITH"},{"data":"Inflame","floor":32,"key":"SMITH"},{"floor":46,"key":"RECALL"},{"floor":49,"key":"DIG"},{"floor":53,"key":"DIG"}],"circlet_count":0,"master_deck":["AscendersBane","Strike_R","Defend_R+1","Defend_R+1","Defend_R+1","Defend_R+1","Adrenaline+1","Flex","REME_SingleHolding","ReplayTheSpireMod:Limb From Limb","Juggernaut","Heavy Blade+1","Eruption+1","Flex","Reaper","Sword Boomerang+1","MostiFishMod:CullingBlade+1","REME_Scribble","Evolve","Inflame+1","MostiFishMod:TemporaryOutbreak","Whirlwind+1","Rupture+1","MostiFishMod:WingOfPhoenix","MostiFishMod:Awakening","Twin Strike","Berserk","Reaper","Sword Boomerang","Pummel+1","Inflame","Pommel Strike+1","Pummel+1"],"relics":["DaveBox","testmod-TestBox","PatriotShield","testmod-Justice","vexMod:MegatonBomb","Question Card","Replay:Wax Seal","DianDianMeat","CeramicFish","Matryoshka","SynthV:C4","ImportantClient","vexMod:MysteryBossChallenge","BirthdayGift-Tetrahedron","Nloth\u0027s Gift","Nunchaku","Toy Ornithopter","MawBank","Omamori","vexMod:FocusSash","Replay:Rubber Ducky","Electric Blood","vexMod:GhostlyGear","Replay:Bottled Eggs","Replay:Multitool","Replay:Bottled Steam","MealTicket","Golden Egg","testmod-Acrobat","testmod-ThousandKnives","Bag of Preparation","REME_HourglassOfDeath","REME_ArchaeologicalTools","Prayer Wheel"],"acts_visited":["Exordium","TheCity","TheBeyond","TheEnding"],"potions_floor_usage":[],"damage_taken":[{"damage":0.0,"enemies":"Small Slimes","floor":1.0,"turns":1.0},{"damage":0.0,"enemies":"Jaw Worm","floor":2.0,"turns":1.0},{"damage":0.0,"enemies":"Cultist","floor":3.0,"turns":1.0},{"damage":1.0,"enemies":"Exordium Wildlife","floor":4.0,"turns":2.0},{"damage":0.0,"enemies":"Replay:BlueRogue","floor":6.0,"turns":1.0},{"damage":2.0,"enemies":"3 Sentries","floor":8.0,"turns":5.0},{"damage":2.0,"enemies":"Lagavulin","floor":10.0,"turns":3.0},{"damage":0.0,"enemies":"Blue Slaver","floor":11.0,"turns":2.0},{"damage":3.0,"enemies":"Gremlin Gang","floor":14.0,"turns":3.0},{"damage":0.0,"enemies":"The Guardian","floor":16.0,"turns":3.0},{"damage":0,"enemies":"Spheric Guardian","floor":18,"turns":1},{"damage":0,"enemies":"2 Thieves","floor":19,"turns":1},{"damage":0,"enemies":"Gremlin Leader","floor":23,"turns":1},{"damage":2,"enemies":"Slavers","floor":25,"turns":2},{"damage":2,"enemies":"Centurion and Healer","floor":27,"turns":2},{"damage":0,"enemies":"Snake Plant","floor":29,"turns":1},{"damage":12,"enemies":"REME_1_Revenger","floor":30,"turns":6},{"damage":6,"enemies":"Champ","floor":33,"turns":3},{"damage":8,"enemies":"Orb Walker","floor":35,"turns":2},{"damage":24,"enemies":"3 Shapes","floor":36,"turns":1},{"damage":9,"enemies":"2 Orb Walkers","floor":38,"turns":1},{"damage":13,"enemies":"R_Hoarder","floor":40,"turns":2},{"damage":7,"enemies":"Spire Growth","floor":41,"turns":1},{"damage":10,"enemies":"Reptomancer","floor":42,"turns":1},{"damage":5,"enemies":"Writhing Mass","floor":44,"turns":1},{"damage":12,"enemies":"Maw","floor":47,"turns":1},{"damage":8,"enemies":"Jaw Worm Horde","floor":48,"turns":2},{"damage":26,"enemies":"Awakened One","floor":50,"turns":2},{"damage":18,"enemies":"Replay:Hell Engine","floor":51,"turns":2},{"damage":7,"enemies":"Shield and Spear","floor":55,"turns":2},{"damage":188,"enemies":"The Heart","floor":56,"turns":4}],"seed_played":"2395358705748214728","potions_obtained":[{"floor":4.0,"key":"SpeedPotion"},{"floor":8.0,"key":"SkillPotion"},{"floor":11.0,"key":"BloodPotion"},{"floor":16.0,"key":"PowerPotion"}],"is_trial":false,"path_per_floor":["M","M","M","M","?","E","R","E","T","E","M","?","R","M","R","B",null,"M","M","?","?","$","E","R","E","T","M","R","M","E","?","R","B",null,"M","M","$","?","?","E","M","E","T","M","$","R","M","M","R","B","B",null,"R","$","E","B",null],"character_chosen":"IRONCLAD","items_purchased":["Nunchaku","vexMod:GhostlyGear","Replay:Bottled Eggs","MostiFishMod:WingOfPhoenix","MostiFishMod:Awakening","Twin Strike","testmod-ThousandKnives","Pummel","Pummel"],"campfire_rested":0,"item_purchase_floors":[22,37,37,37,37,37,45,45,54],"current_hp_per_floor":[68,68,68,67,67,68,68,68,68,69,73,78,78,81,81,88,99,107,111,111,111,111,120,120,130,130,139,139,139,141,141,141,150,165,173,164,215,206,206,248,263,289,289,305,334,334,345,361,361,378,383,383,383,408,401,232],"gold":309,"neow_bonus":"BOSS_RELIC","is_daily":false,"chose_seed":false,"campfire_upgraded":6,"win_rate":0.0,"timestamp":1607771921,"path_taken":["M","M","M","M","?","E","R","E","T","E","M","?","R","M","R","BOSS","M","M","?","?","$","E","R","E","T","M","R","?","E","?","R","BOSS","M","M","$","?","?","E","?","E","T","M","$","R","M","M","R","BOSS","BOSS","R","$","E","BOSS"],"items_purchased_type":["Relic","Relic","Relic","Card","Card","Card","Relic","Card","Card"],"build_version":"2020-11-30","purchased_purges":4,"victory":true,"max_hp_per_floor":[75,75,75,75,75,76,76,78,78,81,85,90,90,96,96,103,103,111,111,111,111,111,120,120,130,130,141,141,141,155,155,155,170,170,186,201,252,252,252,271,271,291,291,312,334,334,357,381,381,383,383,383,383,408,408,410],"card_choices":[{"not_picked":["Flame Barrier","True Grit","Headbutt"],"picked":"SKIP","floor":1.0},{"not_picked":["Disarm","Twin Strike","Reckless Charge"],"picked":"Flex","floor":2.0},{"not_picked":["Metallicize","Shockwave","Headbutt","Warcry"],"picked":"SKIP","floor":3.0},{"not_picked":["Life Link","Warcry","Armaments","Clothesline"],"picked":"SKIP","floor":4.0},{"not_picked":["Body Slam","Barricade","Feel No Pain"],"picked":"REME_SingleHolding","floor":6.0},{"not_picked":["ReplayTheSpireMod:Strike From Hell","Clothesline","ReplayTheSpireMod:Corrosion Curse"],"picked":"ReplayTheSpireMod:Limb From Limb","floor":8.0},{"not_picked":["Searing Blow","Heavy Blade","Combust"],"picked":"Juggernaut","floor":10.0},{"not_picked":["Twin Strike","Clothesline","Warcry"],"picked":"Heavy Blade","floor":11.0},{"not_picked":["Dark Embrace","Clothesline","Body Slam"],"picked":"Flex","floor":14.0},{"not_picked":["MostiFishMod:DarkDeal","Corruption","Brutality"],"picked":"Reaper","floor":16.0},{"not_picked":["Rupture","Iron Wave","Run Through"],"picked":"Sword Boomerang","floor":18},{"not_picked":["Pommel Strike","MostiFishMod:BrandingRite","ReplayTheSpireMod:Corrosion Curse","Life Link"],"picked":"SKIP","floor":19},{"not_picked":["Feed","Twin Strike","MostiFishMod:UltimateDefense"],"picked":"MostiFishMod:CullingBlade","floor":23},{"not_picked":["Juggernaut","Barricade","Reckless Charge"],"picked":"REME_Scribble","floor":25},{"not_picked":["Run Through+1","Carnage","Rampage"],"picked":"Evolve","floor":27},{"not_picked":["ReplayTheSpireMod:Strike From Hell","True Grit","Iron Wave","Cleave"],"picked":"SKIP","floor":29},{"not_picked":["Rupture","Power Through+1","Feed"],"picked":"Inflame","floor":30},{"not_picked":["MostiFishMod:WingOfPhoenix","Immolate","Brutality"],"picked":"MostiFishMod:TemporaryOutbreak","floor":33},{"not_picked":["Warcry","Run Through","Clash"],"picked":"Whirlwind+1","floor":35},{"not_picked":["Armaments","REME_FearOfPain","Thunderclap"],"picked":"Rupture+1","floor":36},{"not_picked":["Fiend Fire","ReplayReversal+1","MostiFishMod:PerfectStrikeMKII"],"picked":"Berserk","floor":40},{"not_picked":["Evolve+1","Cleave","Disarm+1","Wild Strike"],"picked":"SKIP","floor":41},{"not_picked":["Perfected Strike","Dropkick","MostiFishMod:UniRed"],"picked":"Reaper","floor":42},{"not_picked":["True Grit","Life Link","REME_SingleHolding+1"],"picked":"Sword Boomerang","floor":44},{"not_picked":["Thunderclap","ReplayTheSpireMod:Strike From Hell","Seeing Red"],"picked":"Inflame","floor":47},{"not_picked":["Entrench","Body Slam","Iron Wave+1"],"picked":"Pommel Strike+1","floor":48},{"not_picked":["Replay:Undeath\u0027s Touch","Battle Trance","Shockwave","True Grit"],"picked":"SKIP","floor":55}],"player_experience":242825,"relics_obtained":[{"floor":1.0,"key":"Question Card"},{"floor":6.0,"key":"DianDianMeat"},{"floor":8.0,"key":"CeramicFish"},{"floor":9.0,"key":"Matryoshka"},{"floor":10.0,"key":"SynthV:C4"},{"floor":16.0,"key":"ImportantClient"},{"floor":23,"key":"Toy Ornithopter"},{"floor":25,"key":"MawBank"},{"floor":26,"key":"Omamori"},{"floor":30,"key":"vexMod:FocusSash"},{"floor":38,"key":"Replay:Multitool"},{"floor":40,"key":"Replay:Bottled Steam"},{"floor":42,"key":"MealTicket"},{"floor":43,"key":"Golden Egg"},{"floor":43,"key":"testmod-Acrobat"},{"floor":49,"key":"Bag of Preparation"},{"floor":53,"key":"REME_HourglassOfDeath"},{"floor":55,"key":"REME_ArchaeologicalTools"}],"event_choices":[{"damage_healed":0.0,"max_hp_gain":0.0,"max_hp_loss":0.0,"gold_gain":0.0,"event_name":"Big Fish","player_choice":"Box","floor":5.0,"gold_loss":0.0,"damage_taken":0.0,"relics_obtained":["Replay:Wax Seal"],"cards_obtained":["Regret"]},{"cards_removed":["Regret"],"damage_healed":0,"gold_gain":0,"player_choice":"Elegance","damage_taken":0,"max_hp_gain":0,"max_hp_loss":0,"event_name":"Back to Basics","floor":20,"gold_loss":0},{"damage_healed":0,"gold_gain":0,"player_choice":"Traded Relic","damage_taken":0,"relics_obtained":["Nloth\u0027s Gift"],"max_hp_gain":0,"max_hp_loss":0,"event_name":"N\u0027loth","floor":21,"relics_lost":["REME_ComplimentaryCards"],"gold_loss":0},{"damage_healed":0,"gold_gain":0,"player_choice":"Stole Relic","damage_taken":0,"relics_obtained":["Replay:Rubber Ducky"],"max_hp_gain":0,"max_hp_loss":0,"event_name":"Addict","floor":31,"gold_loss":0,"cards_obtained":["Shame"]},{"damage_healed":0,"gold_gain":0,"player_choice":"Fight","damage_taken":0,"max_hp_gain":0,"max_hp_loss":0,"event_name":"Mysterious Sphere","floor":38,"gold_loss":0},{"damage_healed":0,"gold_gain":275,"player_choice":"Desecrate","damage_taken":0,"max_hp_gain":0,"max_hp_loss":0,"event_name":"Golden Shrine","floor":39,"gold_loss":0,"cards_obtained":["Regret"]}],"is_beta":false,"boss_relics":[{"not_picked":["Tiny House","testmod-BatchProcessingSystem"],"picked":"vexMod:MysteryBossChallenge"},{"not_picked":["EE1DDrone","vexMod:DeviousBotling"],"picked":"Electric Blood"}],"items_purged_floors":[22,37,45,54],"is_endless":false,"potions_floor_spawned":[4,8,11,16,18,23,29,30,35,36,41,47,55],"ascension_level":20}}