{"host":"xcuflocadasoaqda","time":1607746138,"event":{"mods":["BaseMod","Bestiary","Filter the Spire","Minty Spire (QoL Compilation)","Relic Stats"],"gold_per_floor":[114,130,147,147,112,140,140,140,165,165,181,181,210,280,280,357,357,370,382,135,148,164,164,195,195,218,20,54,122,181,204,204,291,291,302,352,363,431,133,168,168,269,269,282,322,381,397,412,421,421,421,421,430,9,38,38],"floor_reached":57,"playtime":3688,"items_purged":["Zap","Electrodynamics","Hello World","Dualcast"],"score":2874,"play_id":"0f772137-3bc4-4e9f-a742-d767d9ff2a37","local_time":"20201211220858","is_ascension_mode":true,"campfire_choices":[{"data":"Recycle","floor":7.0,"key":"SMITH"},{"floor":10.0,"key":"REST"},{"data":"Meteor Strike","floor":15.0,"key":"SMITH"},{"floor":23.0,"key":"REST"},{"floor":25.0,"key":"REST"},{"floor":32.0,"key":"REST"},{"floor":41.0,"key":"RECALL"},{"floor":49.0,"key":"REST"},{"floor":53,"key":"REST"}],"circlet_count":0,"master_deck":["AscendersBane","Aggregate+1","Meteor Strike+1","Genetic Algorithm","Steam Power","Capacitor","All For One","Rebound","Recycle+1","Go for the Eyes+1","Meteor Strike+1","Leap","Hyperbeam","Meteor Strike","Auto Shields","Undo","Reinforced Body","Hologram+1","Machine Learning","PanicButton","Machine Learning","Necronomicurse","Beam Cell","Meteor Strike","Reinforced Body","Impatience","Auto Shields+1","Skim","Dark Shackles"],"relics":["Pandora\u0027s Box","Dream Catcher","Happy Flower","SsserpentHead","Centennial Puzzle","Philosopher\u0027s Stone","Lantern","Cables","Whetstone","CeramicFish","Necronomicon","Fusion Hammer","Lee\u0027s Waffle","Strawberry","Ice Cream","Boot","ClockworkSouvenir","Bag of Preparation"],"acts_visited":["Exordium","TheCity","TheBeyond","TheEnding"],"potions_floor_usage":[56,56],"damage_taken":[{"damage":10.0,"enemies":"Small Slimes","floor":1.0,"turns":2.0},{"damage":14.0,"enemies":"2 Louse","floor":2.0,"turns":2.0},{"damage":17.0,"enemies":"Cultist","floor":3.0,"turns":4.0},{"damage":32.0,"enemies":"Lagavulin","floor":6.0,"turns":7.0},{"damage":0.0,"enemies":"3 Louse","floor":11.0,"turns":1.0},{"damage":9.0,"enemies":"Gremlin Nob","floor":13.0,"turns":4.0},{"damage":7.0,"enemies":"Blue Slaver","floor":14.0,"turns":3.0},{"damage":22.0,"enemies":"The Guardian","floor":16.0,"turns":17.0},{"damage":0.0,"enemies":"Chosen","floor":18.0,"turns":3.0},{"damage":14.0,"enemies":"Shell Parasite","floor":19.0,"turns":3.0},{"damage":33.0,"enemies":"Shelled Parasite and Fungi","floor":21.0,"turns":4.0},{"damage":5.0,"enemies":"Centurion and Healer","floor":22.0,"turns":4.0},{"damage":3.0,"enemies":"Book of Stabbing","floor":24.0,"turns":6.0},{"damage":21.0,"enemies":"Slavers","floor":28.0,"turns":4.0},{"damage":0.0,"enemies":"Cultist and Chosen","floor":31.0,"turns":4.0},{"damage":0.0,"enemies":"Champ","floor":33.0,"turns":5.0},{"damage":0.0,"enemies":"Orb Walker","floor":35.0,"turns":3.0},{"damage":0.0,"enemies":"3 Darklings","floor":37.0,"turns":4.0},{"damage":0.0,"enemies":"Jaw Worm Horde","floor":38.0,"turns":3.0},{"damage":16.0,"enemies":"Giant Head","floor":40.0,"turns":7.0},{"damage":5.0,"enemies":"2 Orb Walkers","floor":42.0,"turns":3.0},{"damage":12.0,"enemies":"Maw","floor":44.0,"turns":4.0},{"damage":24.0,"enemies":"Reptomancer","floor":45.0,"turns":4.0},{"damage":0.0,"enemies":"4 Shapes","floor":47.0,"turns":4.0},{"damage":1.0,"enemies":"Sphere and 2 Shapes","floor":48.0,"turns":3.0},{"damage":42,"enemies":"Time Eater","floor":50,"turns":9},{"damage":0,"enemies":"Donu and Deca","floor":51,"turns":9},{"damage":41,"enemies":"Shield and Spear","floor":55,"turns":4},{"damage":29,"enemies":"The Heart","floor":56,"turns":9}],"seed_played":"1737749666590436150","potions_obtained":[{"floor":6.0,"key":"Explosive Potion"},{"floor":11.0,"key":"Block Potion"},{"floor":13.0,"key":"Ancient Potion"},{"floor":19.0,"key":"EssenceOfDarkness"},{"floor":22.0,"key":"Swift Potion"},{"floor":24.0,"key":"Strength Potion"},{"floor":35.0,"key":"FearPotion"},{"floor":36.0,"key":"Weak Potion"},{"floor":37.0,"key":"DistilledChaos"},{"floor":42.0,"key":"PotionOfCapacity"}],"is_trial":false,"path_per_floor":["M","M","M","?","?","E","R","?","T","R","M","?","E","M","R","B",null,"M","M","$","M","M","R","E","R","T","$","E","?","?","M","R","B",null,"M","?","M","M","$","E","R","?","T","M","E","?","M","M","R","B","B",null,"R","$","E","B",null],"character_chosen":"DEFECT","items_purchased":["Lantern","PanicButton","Lee\u0027s Waffle","ClockworkSouvenir","Dark Shackles"],"campfire_rested":6,"item_purchase_floors":[20,27,39,54,54],"current_hp_per_floor":[54,40,23,46,63,31,31,31,31,52,52,52,43,36,36,14,57,57,43,43,10,5,26,23,44,44,44,23,23,2,2,23,23,59,59,59,59,59,78,69,69,64,64,52,28,28,28,27,52,10,10,66,85,85,44,15],"gold":38,"neow_bonus":"BOSS_RELIC","is_daily":false,"chose_seed":false,"campfire_upgraded":2,"win_rate":0.0,"timestamp":1607746138,"path_taken":["M","M","M","?","?","E","R","?","T","R","M","?","E","?","R","BOSS","M","M","$","M","M","R","E","R","T","$","E","?","?","M","R","BOSS","M","?","M","?","$","E","R","?","T","M","E","?","M","M","R","BOSS","BOSS","R","$","E","BOSS"],"items_purchased_type":["Relic","Card","Relic","Relic","Card"],"build_version":"2020-11-30","purchased_purges":4,"victory":true,"max_hp_per_floor":[71,71,71,71,71,71,71,71,71,71,71,71,71,71,71,71,71,71,71,71,71,71,71,71,71,71,71,71,71,71,71,71,71,71,71,71,71,71,78,85,85,85,85,85,85,85,85,85,85,85,85,85,85,85,85,85],"relic_stats":{"Lee\u0027s Waffle":19,"Happy Flower":[41],"counters":[29,139],"CeramicFish":90,"Bag of Preparation":[2],"Whetstone":["Meteor Strike","Go for the Eyes"],"Boot":[34],"Cables":[57,0,0,0,57],"SsserpentHead":350,"Dream Catcher":6,"Centennial Puzzle":[45],"Pandora\u0027s Box":["Aggregate","Meteor Strike","Electrodynamics","Genetic Algorithm","Steam Power","Capacitor","All For One","Rebound"],"Necronomicon":[65],"obtain_stats":[{"Ice Cream":42,"Lantern":20,"Lee\u0027s Waffle":39,"Happy Flower":9,"CeramicFish":28,"Bag of Preparation":55,"Whetstone":26,"Boot":45,"Cables":24,"ClockworkSouvenir":54,"SsserpentHead":12,"Dream Catcher":6,"Centennial Puzzle":13,"Strawberry":40,"Pandora\u0027s Box":0,"Philosopher\u0027s Stone":17,"Fusion Hammer":34,"Necronomicon":30,"Cracked Core":0},{"Ice Cream":21,"Lantern":10,"Lee\u0027s Waffle":19,"Happy Flower":4,"CeramicFish":14,"Bag of Preparation":28,"Whetstone":13,"Boot":23,"Cables":13,"ClockworkSouvenir":27,"SsserpentHead":5,"Dream Catcher":4,"Centennial Puzzle":6,"Strawberry":20,"Pandora\u0027s Box":0,"Philosopher\u0027s Stone":8,"Fusion Hammer":16,"Necronomicon":14,"Cracked Core":0},{"Ice Cream":93,"Lantern":46,"Lee\u0027s Waffle":83,"Happy Flower":15,"CeramicFish":64,"Bag of Preparation":130,"Whetstone":60,"Boot":101,"Cables":60,"ClockworkSouvenir":126,"SsserpentHead":16,"Dream Catcher":15,"Centennial Puzzle":20,"Strawberry":90,"Pandora\u0027s Box":0,"Philosopher\u0027s Stone":40,"Fusion Hammer":73,"Necronomicon":64,"Cracked Core":0}]},"card_choices":[{"not_picked":["Compile Driver","White Noise"],"picked":"Gash","floor":1.0},{"not_picked":["Capacitor","Barrage"],"picked":"Recycle","floor":2.0},{"not_picked":["Rebound","Fusion"],"picked":"Go for the Eyes","floor":3.0},{"not_picked":["Core Surge","Blizzard"],"picked":"Meteor Strike","floor":6.0},{"not_picked":["Fusion","Steam"],"picked":"Leap","floor":10.0},{"not_picked":["Sweeping Beam","Storm"],"picked":"Coolheaded","floor":11.0},{"not_picked":["Redo","Static Discharge"],"picked":"Hyperbeam","floor":13.0},{"not_picked":["Tempest","Static Discharge","Compile Driver"],"picked":"SKIP","floor":14.0},{"not_picked":["Rainbow","Creative AI"],"picked":"Meteor Strike","floor":16.0},{"not_picked":["Leap","Redo"],"picked":"Auto Shields","floor":18.0},{"not_picked":["Steam Power","Consume","Ball Lightning+1"],"picked":"SKIP","floor":19.0},{"not_picked":["Storm","Chaos","Streamline"],"picked":"SKIP","floor":21.0},{"not_picked":["Steam Power","Lockon"],"picked":"Undo","floor":22.0},{"not_picked":["Glacier","Rebound"],"picked":"Reinforced Body","floor":23.0},{"not_picked":["Go for the Eyes","Recycle"],"picked":"Hologram+1","floor":24.0},{"not_picked":["Storm","Ball Lightning"],"picked":"Machine Learning","floor":25.0},{"not_picked":["Gash","Barrage+1","Cold Snap"],"picked":"SKIP","floor":28.0},{"not_picked":["Streamline","Barrage"],"picked":"Beam Cell","floor":31.0},{"not_picked":["Core Surge","Fission"],"picked":"Meteor Strike","floor":33.0},{"not_picked":["Streamline","Gash","Rebound"],"picked":"SKIP","floor":35.0},{"not_picked":["Steam","Chill","Gash"],"picked":"SKIP","floor":37.0},{"not_picked":["Coolheaded","Go for the Eyes","Ball Lightning"],"picked":"SKIP","floor":38.0},{"not_picked":["Hello World","Multi-Cast","Steam"],"picked":"SKIP","floor":40.0},{"not_picked":["Cold Snap","Redo","Blizzard"],"picked":"SKIP","floor":44.0},{"not_picked":["Undo","FTL"],"picked":"Reinforced Body","floor":45.0},{"not_picked":["Transmutation","Deep Breath"],"picked":"Impatience","floor":46.0},{"not_picked":["Compile Driver","Barrage+1","Coolheaded"],"picked":"SKIP","floor":47.0},{"not_picked":["Rip and Tear","Chaos","Go for the Eyes"],"picked":"SKIP","floor":48.0},{"not_picked":["Rebound","Genetic Algorithm"],"picked":"Auto Shields+1","floor":49.0},{"not_picked":["Genetic Algorithm","Hello World"],"picked":"Skim","floor":53},{"not_picked":["Coolheaded","Cold Snap","Gash"],"picked":"SKIP","floor":55}],"player_experience":1700687,"relics_obtained":[{"floor":6.0,"key":"Dream Catcher"},{"floor":9.0,"key":"Happy Flower"},{"floor":13.0,"key":"Centennial Puzzle"},{"floor":24.0,"key":"Cables"},{"floor":26.0,"key":"Whetstone"},{"floor":28.0,"key":"CeramicFish"},{"floor":30.0,"key":"Necronomicon"},{"floor":40.0,"key":"Strawberry"},{"floor":42.0,"key":"Ice Cream"},{"floor":45.0,"key":"Boot"},{"floor":55,"key":"Bag of Preparation"}],"event_choices":[{"damage_healed":23.0,"max_hp_gain":0.0,"max_hp_loss":0.0,"gold_gain":0.0,"event_name":"Big Fish","player_choice":"Banana","floor":4.0,"gold_loss":0.0,"damage_taken":0.0},{"damage_healed":17.0,"max_hp_gain":0.0,"max_hp_loss":0.0,"gold_gain":0.0,"event_name":"The Cleric","player_choice":"Healed","floor":5.0,"gold_loss":35.0,"damage_taken":0.0},{"damage_healed":0.0,"max_hp_gain":0.0,"max_hp_loss":0.0,"gold_gain":0.0,"event_name":"Living Wall","player_choice":"Grow","floor":8.0,"gold_loss":0.0,"damage_taken":0.0,"cards_upgraded":["Aggregate"]},{"damage_healed":0.0,"max_hp_gain":0.0,"max_hp_loss":0.0,"gold_gain":0.0,"event_name":"FaceTrader","player_choice":"Trade","floor":12.0,"gold_loss":0.0,"damage_taken":0.0,"relics_obtained":["SsserpentHead"]},{"damage_healed":0.0,"max_hp_gain":0.0,"max_hp_loss":0.0,"gold_gain":0.0,"cards_transformed":["Gash","Coolheaded"],"event_name":"Drug Dealer","player_choice":"Became Test Subject","floor":29.0,"gold_loss":0.0,"damage_taken":0.0,"cards_obtained":["Machine Learning","Hello World"]},{"damage_healed":0.0,"max_hp_gain":0.0,"max_hp_loss":0.0,"gold_gain":0.0,"event_name":"Cursed Tome","player_choice":"Obtained Book","floor":30.0,"gold_loss":0.0,"damage_taken":21.0},{"damage_healed":0.0,"max_hp_gain":0.0,"max_hp_loss":0.0,"gold_gain":0.0,"event_name":"Lab","player_choice":"Got Potions","floor":36.0,"gold_loss":0.0,"damage_taken":0.0},{"damage_healed":0.0,"max_hp_gain":0.0,"max_hp_loss":0.0,"gold_gain":0.0,"event_name":"Mysterious Sphere","player_choice":"Fight","floor":42.0,"gold_loss":0.0,"damage_taken":0.0},{"damage_healed":0.0,"max_hp_gain":0.0,"max_hp_loss":0.0,"gold_gain":0.0,"event_name":"SensoryStone","player_choice":"Memory 1","floor":46.0,"gold_loss":0.0,"damage_taken":0.0}],"is_beta":false,"boss_relics":[{"not_picked":["Runic Dome","Cursed Key"],"picked":"Philosopher\u0027s Stone"},{"not_picked":["Tiny House","Astrolabe"],"picked":"Fusion Hammer"}],"items_purged_floors":[20,27,39,54],"is_endless":false,"potions_floor_spawned":[6,11,13,19,22,24,33,35,37,42,44,45,47],"ascension_level":20}}