{"host":"91n1pc4te07j54gv","time":1607797372,"event":{"mods":["BaseMod","BetterRewards","Colored Powertips","Downfall","Highlight Path","Infinite Spire","Minty Spire (QoL Compilation)","Quick Restart","Relic Filter","Relic Stats","Replay The Spire","Spicy Shops","StSLib"],"gold_per_floor":[113,113,128,145,164,164,189,201,201,234,234,234,234,249,249,332,344,376,338,45,64,75,75,55,87,113,113,138,13,40,56,56,127,127,148,0,0,14,60,99,99,135,135,159,159,159,17,43,43,43,43,43,43,43,73,73],"floor_reached":57,"playtime":3341,"items_purged":["Strike_B","Strike_B","Strike_B","Strike_B"],"score":3712,"play_id":"5038fca8-dc70-4574-b522-e48957d458f6","local_time":"20201213022252","is_ascension_mode":true,"campfire_choices":[{"floor":6.0,"key":"DIG"},{"floor":12.0,"key":"DIG"},{"floor":15.0,"key":"DIG"},{"floor":23.0,"key":"DIG"},{"floor":27.0,"key":"DIG"},{"floor":32.0,"key":"DIG"},{"data":"White Noise","floor":41.0,"key":"SMITH"},{"floor":49.0,"key":"RECALL"},{"floor":53.0,"key":"DIG"}],"circlet_count":0,"master_deck":["AscendersBane","Defend_B","Defend_B","Zap","Dualcast","Meteor Strike+1","Flash of Steel","Crystallizer","Barrage+1","White Noise+1","Defragment+1","Loop","Self Repair+1","Ball Lightning+1","Heatsinks+1","Crystallizer+1","Consume","Defragment+1","Seek+1","Meteor Strike+1","CurseOfTheBell","Turbo","Defragment+1","Glacier","Defragment+1","Machine Learning+1","Heatsinks+1","Sweeping Beam+1","Coolheaded","Crystallizer+1","Capacitor+1","Cold Snap+1","Buffer+1","Storm+1","Madness","Madness","Compile Driver+1","ReplayTheSpireMod:GoodbyeWorld+1","Buffer+1","Cold Snap+1","Blizzard+1","Hello World+1","Crystallizer+1","Panic Button+1","Storm+1"],"relics":["Cracked Core","Shovel","Blue Doll","Thread and Needle","Toy Ornithopter","Molten Egg 2","Orrery","Turnip","Frozen Egg 2","Incense Burner","Gremlin Food","Chameleon Ring","infinitespire:Beetle Shell","Smiling Mask","MawBank","Calling Bell","Bag of Marbles","Divine Protection","TungstenRod","Prayer Wheel","Dream Catcher","Bronze Scales","Regal Pillow","infinitespire:Bottled Soul","Mummified Hand","Juzu Bracelet","Mercury Hourglass","infinitespire:EvilPickle","Empty Cage","Red Mask","Replay:Baseball","Mango","Onion Ring","Happy Flower","Black Star","Guide Book","Prayer Wheel","Art of War","infinitespire:FocusingShard","White Beast Statue","Garlic","Vajra"],"acts_visited":["Exordium","TheCity","TheBeyond","TheEnding"],"potions_floor_usage":[56],"damage_taken":[{"damage":2.0,"enemies":"2 Louse","floor":1.0,"turns":4.0},{"damage":15.0,"enemies":"infinitespire:Voidling","floor":3.0,"turns":4.0},{"damage":6.0,"enemies":"Small Slimes","floor":4.0,"turns":3.0},{"damage":3.0,"enemies":"Exordium Wildlife","floor":5.0,"turns":3.0},{"damage":13.0,"enemies":"Replay:BlueRogue","floor":7.0,"turns":5.0},{"damage":0.0,"enemies":"2 Fungi Beasts","floor":8.0,"turns":3.0},{"damage":46.0,"enemies":"Nightmare","floor":10.0,"turns":7.0},{"damage":31.0,"enemies":"Exordium Thugs","floor":14.0,"turns":4.0},{"damage":0.0,"enemies":"Slime Boss","floor":16.0,"turns":8.0},{"damage":4.0,"enemies":"3 Byrds","floor":18.0,"turns":5.0},{"damage":7.0,"enemies":"Shell Parasite","floor":21.0,"turns":4.0},{"damage":24.0,"enemies":"Snake Plant","floor":22.0,"turns":3.0},{"damage":18.0,"enemies":"Gremlin Leader","floor":25.0,"turns":6.0},{"damage":33.0,"enemies":"Nightmare","floor":28.0,"turns":7.0},{"damage":6.0,"enemies":"Slavers","floor":30.0,"turns":3.0},{"damage":7.0,"enemies":"Shelled Parasite and Fungi","floor":31.0,"turns":6.0},{"damage":3.0,"enemies":"Pondfish","floor":33.0,"turns":7.0},{"damage":0.0,"enemies":"3 Shapes","floor":35.0,"turns":4.0},{"damage":0.0,"enemies":"Orb Walker","floor":38.0,"turns":3.0},{"damage":0.0,"enemies":"R_Hoarder","floor":40.0,"turns":4.0},{"damage":15.0,"enemies":"Reptomancer","floor":42.0,"turns":4.0},{"damage":0.0,"enemies":"4 Shapes","floor":44.0,"turns":3.0},{"damage":0.0,"enemies":"Nightmare","floor":48.0,"turns":5.0},{"damage":24.0,"enemies":"Time Eater","floor":50.0,"turns":4.0},{"damage":13.0,"enemies":"Donu and Deca","floor":51.0,"turns":3.0},{"damage":56.0,"enemies":"Shield and Spear","floor":55.0,"turns":4.0},{"damage":40,"enemies":"The Heart","floor":56,"turns":6}],"seed_played":"6108808123123122245","potions_obtained":[{"floor":1.0,"key":"SkillPotion"},{"floor":3.0,"key":"GamblersBrew"},{"floor":4.0,"key":"Fire Potion"},{"floor":21.0,"key":"ColorlessPotion"},{"floor":22.0,"key":"Ancient Potion"},{"floor":24.0,"key":"FocusPotion"},{"floor":31.0,"key":"PowerPotion"},{"floor":38.0,"key":"LiquidBronze"},{"floor":39.0,"key":"SneckoOil"},{"floor":39.0,"key":"Elixir"},{"floor":40.0,"key":"hexamod:EctoCoolerPotion"},{"floor":55.0,"key":"AttackPotion"}],"is_trial":false,"path_per_floor":["M","?","M","M","M","R","E","M","T","NM","?","R","T","M","R","B",null,"M","?","$","M","M","R","?","E","T","R","NM","$","E","M","R","B",null,"M","?","?","M","?","E","R","E","T","M","AVR","?","$","NM","R","B","B",null,"R","$","E","B",null],"character_chosen":"DEFECT","items_purchased":["Blue Doll","Meteor Strike","Flash of Steel","Toy Ornithopter","Molten Egg 2","Orrery","Frozen Egg 2","Self Repair+1","Defragment+1","ReplayTheSpireMod:Fabricate Wheel","Crystallizer+1","Guide Book","Crystallizer+1","Panic Button+1"],"campfire_rested":0,"item_purchase_floors":[0,0,0,0,0,0,0,0,20,20,29,47,47,47],"current_hp_per_floor":[30,30,40,44,56,56,53,63,63,27,27,27,27,11,11,21,59,55,55,55,58,44,44,44,41,41,41,23,23,27,30,30,42,64,71,71,59,69,47,76,76,76,76,85,85,85,85,85,85,71,73,82,82,82,36,11],"gold":73,"neow_bonus":"","is_daily":false,"chose_seed":false,"campfire_upgraded":1,"win_rate":0.0,"timestamp":1607797372,"path_taken":["M","?","M","M","M","R","E","?","T","NM","?","R","?","M","R","BOSS","M","?","?","M","?","R","?","E","T","R","NM","?","E","M","R","BOSS","M","?","?","M","?","E","R","E","T","M","AVR","?","?","NM","R","BOSS","BOSS","R","$","E","BOSS"],"items_purchased_type":["Relic","Card","Card","Relic","Relic","Relic","Relic","Card","Card","Card","Card","Relic","Card","Card"],"build_version":"2020-11-30","purchased_purges":4,"victory":true,"max_hp_per_floor":[71,71,71,71,71,71,71,71,71,71,71,71,71,71,71,71,71,71,71,71,71,71,71,71,71,71,71,71,71,71,71,71,71,71,71,71,71,71,71,85,85,85,85,85,85,85,85,85,85,85,85,85,85,85,85,85],"relic_stats":{"Regal Pillow":0,"Happy Flower":[7],"counters":[202,891],"Juzu Bracelet":2,"Smiling Mask":225,"MawBank":204,"Mercury Hourglass":[204],"Dream Catcher":0,"Shovel":7,"Mummified Hand":[741],"Bronze Scales":[251],"Prayer Wheel":27,"Turnip":[24],"Black Star":2,"Art of War":[7],"obtain_stats":[{"infinitespire:BottledMercury":54,"infinitespire:Cubic Diamond":2,"Ginger":0,"Bottled Tornado":53,"Boot":8,"FrozenCore":17,"Replay:Ringing Soul":9,"infinitespire:ShieldingShard":13,"Sundial":40,"Replay:Bronze Core":34,"MealTicket":26,"infinitespire:Golems Mask":13,"Fusion Hammer":17,"HandDrill":0,"Kunai":27,"Replay:Wax Seal":53,"Counterbalance":25,"Blue Candle":0,"Pen Nib":23,"ReplayTheSpireMod:SealedPack":17,"Guardian:PocketSentry":10,"infinitespire:Magic Flask":49,"infinitespire:EvilPickle":33,"SlaversCollar":17,"infinitespire:Lychee Nut":21,"Bird Faced Urn":0,"Pandora\u0027s Box":0,"StrikeDummy":34,"Solar Panel":6,"Lantern":11,"Regal Pillow":14,"Carrot":31,"Singing Bowl":26,"Torii":53,"Blue Doll":13,"Bag of Preparation":30,"Smiling Mask":12,"Ancient Tea Set":40,"Pet Ghost":46,"Replay:Rubber Ducky":17,"Matryoshka":12,"Shovel":0,"infinitespire:Bottled Soul":23,"WingedGreaves":7,"Replay:Bottled Eggs":40,"Guardian:BottledAnomaly":21,"InkBottle":23,"Potion Belt":23,"Lee\u0027s Waffle":14,"Thread and Needle":0,"infinitespire:Joker Card":0,"Geode":7,"Frozen Egg 2":0,"MawBank":43,"Replay:Arrowhead":0,"Nuclear Battery":17,"Orrery":0,"Turnip":0,"Garlic":8,"Art of War":53,"ReplayTheSpireMod:Lightbulb":30,"Toy Ornithopter":42,"infinitespire:Freezer":43,"Ice Cream":21,"Divine Protection":17,"Calipers":7,"Vajra":10,"Runic Capacitor":0,"Sozu":17,"Lizard Tail":24,"Centennial Puzzle":48,"infinitespire:SolderingIron":0,"Replay:Frozen Program":19,"HornCleat":14,"DollysMirror":11,"Prayer Wheel":34,"Philosopher\u0027s Stone":34,"Iron Hammer":12,"Toxic Egg 2":0,"Girya":0,"Happy Flower":40,"Replay:Grab Bag":17,"Dead Branch":0,"Oddly Smooth Stone":54,"infinitespire:Beetle Shell":10,"Letter Opener":32,"War Paint":54,"Du-Vu Doll":53,"OrangePellets":0,"Replay:Baseball":28,"Bottled Flame":14,"Bronze Scales":10,"Molten Egg 2":4,"Onion Ring":42,"ReplayTheSpireMod:TigerMarble":2,"infinitespire:EmpoweringShard":28,"Black Star":34,"Symbiotic Virus":3,"Mirror":52,"Meat on the Bone":0,"SacredBark":17,"Mango":40,"Incense Burner":24,"Juzu Bracelet":41,"Empty Cage":17,"ClockworkSouvenir":0,"Frozen Eye":53,"Nunchaku":23,"Dream Catcher":23,"Chameleon Ring":10,"Mummified Hand":9,"Pantograph":17,"Tiny Chest":21,"Red Mask":22,"Replay:Bottled Snecko":6,"Replay:Antivirus Software":53,"Cracked Core":0,"Gremlin Food":53,"ReplayTheSpireMod:Ninjato":44,"Quantum Egg":4,"Guide Book":47,"Replay:WaspNest":42,"infinitespire:FocusingShard":48,"White Beast Statue":28,"Mercury Hourglass":14,"Calling Bell":34,"Strange Spoon":6,"DataDisk":29,"CaptainsWheel":0,"Anchor":6,"Pondfish Scales":9,"infinitespire:Satchel":34,"ChewingGum":17,"Coffee Dripper":17,"Bag of Marbles":13,"Membership Card":53,"FossilizedHelix":21,"TungstenRod":0,"ReplayTheSpireMod:ShopPack":53},{"infinitespire:BottledMercury":69,"infinitespire:Cubic Diamond":1,"Ginger":70,"Bottled Tornado":68,"Boot":132,"FrozenCore":48,"Replay:Ringing Soul":33,"infinitespire:ShieldingShard":36,"Sundial":166,"Replay:Bronze Core":161,"MealTicket":14,"infinitespire:Golems Mask":134,"Fusion Hammer":48,"HandDrill":29,"Kunai":157,"Replay:Wax Seal":126,"Counterbalance":83,"Blue Candle":128,"Pen Nib":140,"ReplayTheSpireMod:SealedPack":151,"Guardian:PocketSentry":34,"infinitespire:Magic Flask":96,"infinitespire:EvilPickle":57,"SlaversCollar":79,"infinitespire:Lychee Nut":12,"Bird Faced Urn":29,"Pandora\u0027s Box":0,"StrikeDummy":57,"Solar Panel":131,"Lantern":6,"Regal Pillow":9,"Carrot":160,"Singing Bowl":53,"Torii":68,"Blue Doll":36,"Bag of Preparation":55,"Smiling Mask":47,"Ancient Tea Set":120,"Pet Ghost":94,"Replay:Rubber Ducky":151,"Matryoshka":36,"Shovel":70,"infinitespire:Bottled Soul":155,"WingedGreaves":76,"Replay:Bottled Eggs":120,"Guardian:BottledAnomaly":154,"InkBottle":13,"Potion Belt":27,"Lee\u0027s Waffle":22,"Thread and Needle":175,"infinitespire:Joker Card":15,"Geode":4,"Frozen Egg 2":70,"MawBank":91,"Replay:Arrowhead":128,"Nuclear Battery":106,"Orrery":15,"Turnip":175,"Garlic":19,"Art of War":126,"ReplayTheSpireMod:Lightbulb":85,"Toy Ornithopter":121,"infinitespire:Freezer":64,"Ice Cream":12,"Divine Protection":184,"Calipers":32,"Vajra":4,"Runic Capacitor":70,"Sozu":23,"Lizard Tail":53,"Centennial Puzzle":96,"infinitespire:SolderingIron":99,"Replay:Frozen Program":137,"HornCleat":150,"DollysMirror":76,"Prayer Wheel":57,"Philosopher\u0027s Stone":87,"Iron Hammer":76,"Toxic Egg 2":99,"Girya":99,"Happy Flower":62,"Replay:Grab Bag":48,"Dead Branch":142,"Oddly Smooth Stone":127,"infinitespire:Beetle Shell":20,"Letter Opener":86,"War Paint":173,"Du-Vu Doll":97,"OrangePellets":70,"Replay:Baseball":27,"Bottled Flame":47,"Bronze Scales":45,"Molten Egg 2":16,"Onion Ring":196,"ReplayTheSpireMod:TigerMarble":30,"infinitespire:EmpoweringShard":54,"Black Star":116,"Symbiotic Virus":30,"Mirror":97,"Meat on the Bone":128,"SacredBark":10,"Mango":195,"Incense Burner":82,"Juzu Bracelet":90,"Empty Cage":48,"ClockworkSouvenir":128,"Frozen Eye":97,"Nunchaku":82,"Dream Catcher":187,"Chameleon Ring":182,"Mummified Hand":76,"Pantograph":151,"Tiny Chest":25,"Red Mask":51,"Replay:Bottled Snecko":43,"Replay:Antivirus Software":126,"Cracked Core":0,"Gremlin Food":97,"ReplayTheSpireMod:Ninjato":65,"Quantum Egg":2,"Guide Book":197,"Replay:WaspNest":64,"infinitespire:FocusingShard":198,"White Beast Statue":84,"Mercury Hourglass":78,"Calling Bell":57,"Strange Spoon":17,"DataDisk":28,"CaptainsWheel":70,"Anchor":103,"Pondfish Scales":132,"infinitespire:Satchel":57,"ChewingGum":151,"Coffee Dripper":48,"Bag of Marbles":105,"Membership Card":97,"FossilizedHelix":80,"TungstenRod":99,"ReplayTheSpireMod:ShopPack":126},{"infinitespire:BottledMercury":336,"infinitespire:Cubic Diamond":2,"Ginger":342,"Bottled Tornado":332,"Boot":568,"FrozenCore":218,"Replay:Ringing Soul":147,"infinitespire:ShieldingShard":158,"Sundial":709,"Replay:Bronze Core":684,"MealTicket":63,"infinitespire:Golems Mask":577,"Fusion Hammer":218,"HandDrill":137,"Kunai":670,"Replay:Wax Seal":541,"Counterbalance":384,"Blue Candle":550,"Pen Nib":600,"ReplayTheSpireMod:SealedPack":650,"Guardian:PocketSentry":152,"infinitespire:Magic Flask":412,"infinitespire:EvilPickle":276,"SlaversCollar":373,"infinitespire:Lychee Nut":50,"Bird Faced Urn":137,"Pandora\u0027s Box":0,"StrikeDummy":276,"Solar Panel":563,"Lantern":23,"Regal Pillow":32,"Carrot":680,"Singing Bowl":246,"Torii":332,"Blue Doll":158,"Bag of Preparation":256,"Smiling Mask":207,"Ancient Tea Set":516,"Pet Ghost":409,"Replay:Rubber Ducky":650,"Matryoshka":158,"Shovel":342,"infinitespire:Bottled Soul":662,"WingedGreaves":364,"Replay:Bottled Eggs":516,"Guardian:BottledAnomaly":659,"InkBottle":56,"Potion Belt":124,"Lee\u0027s Waffle":97,"Thread and Needle":771,"infinitespire:Joker Card":70,"Geode":14,"Frozen Egg 2":342,"MawBank":403,"Replay:Arrowhead":550,"Nuclear Battery":460,"Orrery":70,"Turnip":771,"Garlic":81,"Art of War":541,"ReplayTheSpireMod:Lightbulb":388,"Toy Ornithopter":520,"infinitespire:Freezer":312,"Ice Cream":50,"Divine Protection":811,"Calipers":145,"Vajra":14,"Runic Capacitor":342,"Sozu":108,"Lizard Tail":246,"Centennial Puzzle":412,"infinitespire:SolderingIron":421,"Replay:Frozen Program":591,"HornCleat":642,"DollysMirror":364,"Prayer Wheel":276,"Philosopher\u0027s Stone":394,"Iron Hammer":364,"Toxic Egg 2":421,"Girya":421,"Happy Flower":299,"Replay:Grab Bag":218,"Dead Branch":608,"Oddly Smooth Stone":544,"infinitespire:Beetle Shell":87,"Letter Opener":390,"War Paint":756,"Du-Vu Doll":416,"OrangePellets":342,"Replay:Baseball":124,"Bottled Flame":207,"Bronze Scales":197,"Molten Egg 2":73,"Onion Ring":866,"ReplayTheSpireMod:TigerMarble":139,"infinitespire:EmpoweringShard":252,"Black Star":499,"Symbiotic Virus":139,"Mirror":416,"Meat on the Bone":550,"SacredBark":41,"Mango":862,"Incense Burner":379,"Juzu Bracelet":401,"Empty Cage":218,"ClockworkSouvenir":550,"Frozen Eye":416,"Nunchaku":379,"Dream Catcher":822,"Chameleon Ring":800,"Mummified Hand":364,"Pantograph":650,"Tiny Chest":114,"Red Mask":235,"Replay:Bottled Snecko":187,"Replay:Antivirus Software":541,"Cracked Core":0,"Gremlin Food":416,"ReplayTheSpireMod:Ninjato":317,"Quantum Egg":4,"Guide Book":869,"Replay:WaspNest":312,"infinitespire:FocusingShard":874,"White Beast Statue":386,"Mercury Hourglass":369,"Calling Bell":276,"Strange Spoon":76,"DataDisk":136,"CaptainsWheel":342,"Anchor":438,"Pondfish Scales":568,"infinitespire:Satchel":276,"ChewingGum":650,"Coffee Dripper":218,"Bag of Marbles":449,"Membership Card":416,"FossilizedHelix":375,"TungstenRod":421,"ReplayTheSpireMod:ShopPack":541}],"Toy Ornithopter":70,"TungstenRod":76},"card_choices":[{"not_picked":["Go for the Eyes+1","Stack"],"picked":"Crystallizer","floor":0.0},{"not_picked":["Leap","Turbo"],"picked":"Barrage+1","floor":0.0},{"not_picked":["Sunder+1","Rebound+1"],"picked":"White Noise","floor":0.0},{"not_picked":["Hologram","Sunder+1"],"picked":"Defragment","floor":0.0},{"not_picked":["Streamline+1","Fusion"],"picked":"Loop","floor":0.0},{"not_picked":["ReplaySort","BootSequence"],"picked":"Ball Lightning+1","floor":1.0},{"not_picked":["Cold Snap+1","Panic Button"],"picked":"Heatsinks+1","floor":3.0},{"not_picked":["Leap","Streamline+1","Redo"],"picked":"SKIP","floor":4.0},{"not_picked":["Biased Cognition+1","Compile Driver+1"],"picked":"Crystallizer+1","floor":5.0},{"not_picked":["Fusion","Turbo"],"picked":"Consume","floor":7.0},{"not_picked":["Beam Cell+1","Cold Snap+1"],"picked":"Defragment+1","floor":8.0},{"not_picked":["Conserve Battery","Rebound+1"],"picked":"Seek","floor":10.0},{"not_picked":["Redo","Compile Driver+1","Beam Cell+1"],"picked":"SKIP","floor":14.0},{"not_picked":["Fission","Rainbow"],"picked":"Meteor Strike+1","floor":16.0},{"not_picked":["Redo","Conserve Battery"],"picked":"Turbo","floor":18.0},{"not_picked":["Cold Snap+1","Ball Lightning+1"],"picked":"Glacier","floor":21.0},{"not_picked":["Rebound+1","Beam Cell+1"],"picked":"Defragment+1","floor":21.0},{"not_picked":["Stack","Reinforced Body"],"picked":"Machine Learning+1","floor":22.0},{"not_picked":["Sweeping Beam+1","Genetic Algorithm"],"picked":"Heatsinks+1","floor":22.0},{"not_picked":["Fusion","Lockon+1"],"picked":"Sweeping Beam+1","floor":25.0},{"not_picked":["Aggregate+1","Barrage+1"],"picked":"Coolheaded","floor":28.0},{"not_picked":["Cold Snap+1","Hologram+1"],"picked":"Capacitor+1","floor":30.0},{"not_picked":["Steam","Turbo"],"picked":"Cold Snap+1","floor":31.0},{"not_picked":["Stack","Gash+1","Steam"],"picked":"SKIP","floor":31.0},{"not_picked":["Stack","Gash+1","Steam"],"picked":"SKIP","floor":31.0},{"not_picked":["Rainbow","ReplayRNGCard"],"picked":"Buffer+1","floor":33.0},{"not_picked":["Scrape+1","Stack"],"picked":"Storm+1","floor":35.0},{"not_picked":["Ball Lightning+1","Streamline+1","ReplaySort"],"picked":"SKIP","floor":35.0},{"not_picked":["Gash+1","Go for the Eyes+1"],"picked":"Compile Driver+1","floor":38.0},{"not_picked":["Sweeping Beam+1","FTL+1"],"picked":"ReplayTheSpireMod:GoodbyeWorld+1","floor":38.0},{"not_picked":["Storm+1","Consume"],"picked":"Buffer+1","floor":40.0},{"not_picked":["Leap","Turbo+1"],"picked":"Cold Snap+1","floor":42.0},{"not_picked":["Lockon+1","Compile Driver+1"],"picked":"Blizzard+1","floor":44.0},{"not_picked":["Streamline+1","Steam"],"picked":"Hello World+1","floor":44.0},{"not_picked":["Reinforced Body","Beam Cell+1","Rebound+1"],"picked":"SKIP","floor":48.0},{"not_picked":["Leap","Panic Button"],"picked":"Storm+1","floor":55.0}],"player_experience":963251,"relics_obtained":[{"floor":6.0,"key":"Incense Burner"},{"floor":7.0,"key":"Gremlin Food"},{"floor":10.0,"key":"Chameleon Ring"},{"floor":12.0,"key":"infinitespire:Beetle Shell"},{"floor":13.0,"key":"Smiling Mask"},{"floor":15.0,"key":"MawBank"},{"floor":17.0,"key":"Bag of Marbles"},{"floor":17.0,"key":"Divine Protection"},{"floor":17.0,"key":"TungstenRod"},{"floor":23.0,"key":"Dream Catcher"},{"floor":25.0,"key":"Bronze Scales"},{"floor":26.0,"key":"Regal Pillow"},{"floor":27.0,"key":"infinitespire:Bottled Soul"},{"floor":28.0,"key":"Mummified Hand"},{"floor":30.0,"key":"Juzu Bracelet"},{"floor":32.0,"key":"Mercury Hourglass"},{"floor":39.0,"key":"Replay:Baseball"},{"floor":40.0,"key":"Mango"},{"floor":42.0,"key":"Onion Ring"},{"floor":48.0,"key":"Art of War"},{"floor":48.0,"key":"infinitespire:FocusingShard"},{"floor":53.0,"key":"White Beast Statue"},{"floor":55.0,"key":"Garlic"},{"floor":55.0,"key":"Vajra"}],"event_choices":[{"damage_healed":0.0,"max_hp_gain":0.0,"max_hp_loss":0.0,"gold_gain":0.0,"event_name":"Accursed Blacksmith","player_choice":"Forge","floor":2.0,"gold_loss":0.0,"damage_taken":0.0,"cards_upgraded":["Defragment"]},{"damage_healed":0.0,"max_hp_gain":0.0,"max_hp_loss":0.0,"gold_gain":0.0,"event_name":"Shining Light","player_choice":"Ignored","floor":11.0,"gold_loss":0.0,"damage_taken":0.0},{"damage_healed":0.0,"max_hp_gain":0.0,"max_hp_loss":0.0,"gold_gain":0.0,"event_name":"The Joust","player_choice":"Bet on Murderer","floor":19.0,"gold_loss":50.0,"damage_taken":0.0},{"damage_healed":0.0,"max_hp_gain":0.0,"max_hp_loss":0.0,"gold_gain":0.0,"event_name":"The Woman in Blue","player_choice":"Bought 1 Potion","floor":24.0,"gold_loss":0.0,"damage_taken":0.0},{"damage_healed":0.0,"max_hp_gain":0.0,"max_hp_loss":0.0,"gold_gain":0.0,"event_name":"Tomb of Lord Red Mask","player_choice":"Paid","floor":36.0,"gold_loss":148.0,"damage_taken":0.0,"relics_obtained":["Red Mask"]},{"damage_healed":0.0,"max_hp_gain":0.0,"max_hp_loss":0.0,"gold_gain":0.0,"event_name":"Winding Halls","player_choice":"Embrace Madness","floor":37.0,"gold_loss":0.0,"damage_taken":13.0,"cards_obtained":["Madness","Madness"]},{"damage_healed":0.0,"max_hp_gain":0.0,"max_hp_loss":0.0,"gold_gain":0.0,"event_name":"Match and Keep!","player_choice":"1 cards matched","floor":46.0,"gold_loss":0.0,"damage_taken":0.0,"cards_obtained":["ReplayTheSpireMod:Fabricate Wheel"]}],"is_beta":false,"boss_relics":[{"not_picked":["Busted Crown","Ectoplasm"],"picked":"Calling Bell"},{"not_picked":["Pandora\u0027s Box","Snecko Heart"],"picked":"Empty Cage"}],"items_purged_floors":[0,20,20,29],"is_endless":false,"potions_floor_spawned":[1,3,4,21,22,31,38,40,55],"ascension_level":20}}