{"host":"7nivcca86uhzq8pw","time":1607814540,"event":{"mods":["BaseMod","Better Altar","Better Skull","Downfall","Hermit","Minty Spire (QoL Compilation)","RRrroohrrRGHHhhh!!","StSLib"],"gold_per_floor":[117,132,132,145,169,204,204,204,204,222,222,259,309,336,336,341,341],"floor_reached":16,"playtime":1176,"items_purged":[],"score":110,"play_id":"a233ec32-774f-4973-bd4f-e03dc10877b6","local_time":"20201212200900","is_ascension_mode":false,"campfire_choices":[{"floor":7,"key":"REST"},{"floor":11,"key":"REST"},{"data":"hermit:TakeAim","floor":15,"key":"SMITH"}],"circlet_count":0,"master_deck":["hermit:Strike_Hermit","hermit:Strike_Hermit","hermit:Strike_Hermit","hermit:Strike_Hermit","hermit:Defend_Hermit+1","hermit:Defend_Hermit","hermit:Defend_Hermit","hermit:Defend_Hermit+1","hermit:Snapshot","hermit:Covet","expansioncontent:DarkVoid","hermit:BigShot","hermit:TakeAim+1","hermit:Ricochet","hermit:Scavenge","hermit:Gestalt","hermit:Dive","hermit:DeadOrAlive","hermit:Dissolve","hermit:SprayPray"],"relics":["hermit:Momento","Strawberry","hermit:RyeStalk","Dream Catcher","Blue Candle","InkBottle","Odd Mushroom"],"acts_visited":["Exordium"],"potions_floor_usage":[6,6,16],"damage_taken":[{"damage":0,"enemies":"Small Slimes","floor":1,"turns":2},{"damage":6,"enemies":"Jaw Worm","floor":2,"turns":4},{"damage":0,"enemies":"2 Louse","floor":4,"turns":2},{"damage":25,"enemies":"Gremlin Nob","floor":6,"turns":5},{"damage":0,"enemies":"Exordium Wildlife","floor":10,"turns":3},{"damage":3,"enemies":"Lagavulin","floor":12,"turns":8},{"damage":9,"enemies":"The Mushroom Lair","floor":13,"turns":6},{"damage":0,"enemies":"Blue Slaver","floor":14,"turns":3},{"damage":63,"enemies":"Hexaghost","floor":16,"turns":14}],"seed_played":"-3955041152505734097","potions_obtained":[{"floor":1,"key":"hermit:Tonic"},{"floor":2,"key":"Energy Potion"},{"floor":13,"key":"AttackPotion"}],"is_trial":false,"path_per_floor":["M","M","?","M","T","E","R","?","T","M","R","E","?","M","R","B"],"character_chosen":"HERMIT","items_purchased":[],"campfire_rested":2,"item_purchase_floors":[],"current_hp_per_floor":[75,69,54,54,61,36,60,57,57,57,81,78,69,69,69,6,6],"gold":341,"neow_bonus":"RANDOM_COLORLESS","is_daily":false,"chose_seed":false,"campfire_upgraded":1,"win_rate":0.0,"timestamp":1607814540,"path_taken":["M","M","?","M","?","E","R","?","T","M","R","E","?","M","R","BOSS"],"items_purchased_type":[],"build_version":"2020-11-30","purchased_purges":0,"victory":false,"max_hp_per_floor":[75,75,75,75,82,82,82,82,82,82,82,82,82,82,82,82,82],"card_choices":[{"not_picked":["expansioncontent:FaceSlap","Trip"],"picked":"expansioncontent:DarkVoid","floor":0},{"not_picked":["hermit:LuckOfTheDraw","hermit:Manifest"],"picked":"hermit:BigShot","floor":1},{"not_picked":["hermit:Feint","hermit:Coalescence"],"picked":"hermit:TakeAim","floor":2},{"not_picked":["hermit:Headshot","hermit:TrackingShot"],"picked":"hermit:Ricochet","floor":4},{"not_picked":["hermit:Virtue","hermit:Adapt"],"picked":"hermit:Scavenge","floor":6},{"not_picked":["hermit:SprayPray","hermit:Determination"],"picked":"hermit:Gestalt","floor":10},{"not_picked":["hermit:DeadMansHand","hermit:SprayPray"],"picked":"hermit:Dive","floor":11},{"not_picked":["hermit:CursedWeapon","hermit:Feint"],"picked":"hermit:DeadOrAlive","floor":12},{"not_picked":["hermit:Glare","hermit:Grudge"],"picked":"hermit:Dissolve","floor":13},{"not_picked":["hermit:BodyArmor","hermit:Manifest"],"picked":"hermit:SprayPray","floor":14}],"player_experience":209273,"relics_obtained":[{"floor":5,"key":"Strawberry"},{"floor":6,"key":"hermit:RyeStalk"},{"floor":9,"key":"Blue Candle"},{"floor":12,"key":"InkBottle"},{"floor":13,"key":"Odd Mushroom"}],"event_choices":[{"damage_healed":0,"gold_gain":0,"player_choice":"Entered Light","damage_taken":15,"max_hp_gain":0,"max_hp_loss":0,"event_name":"Shining Light","floor":3,"gold_loss":0,"cards_upgraded":["hermit:Defend_Hermit","hermit:Defend_Hermit"]},{"damage_healed":0,"gold_gain":0,"player_choice":"Success","damage_taken":3,"relics_obtained":["Dream Catcher"],"max_hp_gain":0,"max_hp_loss":0,"event_name":"Scrap Ooze","floor":8,"gold_loss":0},{"damage_healed":0,"gold_gain":0,"player_choice":"Fought Mushrooms","damage_taken":0,"max_hp_gain":0,"max_hp_loss":0,"event_name":"Mushrooms","floor":13,"gold_loss":0}],"is_beta":false,"boss_relics":[],"items_purged_floors":[],"is_endless":false,"potions_floor_spawned":[1,2,13],"killed_by":"Hexaghost","ascension_level":0}}