{"host":"nj06ypb01n3s9mn8","time":1607741707,"event":{"mods":["2.2 Compatiblity","BaseMod","Colored Map","Downfall","Highlight Path","Minty Spire (QoL Compilation)","Replay The Spire","StSLib","The Animator","The Bug Knight","The Necromancer","The Servant 0.9.4","Waifu the Spire"],"gold_per_floor":[118,118,148,148,148,193,193,193,193],"floor_reached":8,"playtime":369,"items_purged":[],"score":79,"play_id":"4d1d34a1-7289-499f-9753-bcb99e44f0fc","local_time":"20201211235507","is_ascension_mode":false,"campfire_choices":[{"floor":7,"key":"RECALL"}],"circlet_count":0,"master_deck":["animator:Strike_Konosuba","animator:Defend_Konosuba","animator:Strike","animator:Strike","animator:Defend","animator:Defend","animator:Kazuma","animator:Aqua","animator:Viivi","animator:Verdia","animator:WinryRockbell"],"relics":["animator:LivingPicture","animator:TheMissingPiece","animator:PurgingStone","NeowsBlessing","Anchor"],"acts_visited":["Exordium"],"potions_floor_usage":[8],"damage_taken":[{"damage":0,"enemies":"Cultist","floor":1,"turns":1},{"damage":0,"enemies":"Jaw Worm","floor":3,"turns":1},{"damage":0,"enemies":"Lagavulin","floor":6,"turns":2},{"damage":73,"enemies":"Gremlin Nob","floor":8,"turns":6}],"seed_played":"5134584035275650463","potions_obtained":[{"floor":6,"key":"SneckoOil"}],"is_trial":false,"path_per_floor":["M","?","M","T","?","E","R","E"],"character_chosen":"THE_ANIMATOR","items_purchased":[],"campfire_rested":0,"item_purchase_floors":[],"current_hp_per_floor":[66,66,66,66,66,66,66,0,0],"gold":193,"neow_bonus":"THREE_ENEMY_KILL","is_daily":false,"chose_seed":false,"campfire_upgraded":0,"win_rate":0.0,"timestamp":1607741707,"path_taken":["M","?","M","?","?","E","R","E"],"items_purchased_type":[],"build_version":"2020-11-29","purchased_purges":0,"victory":false,"max_hp_per_floor":[66,66,66,66,66,66,66,66,66],"card_choices":[{"not_picked":["animator:Shinoa","animator:Tet"],"picked":"animator:Viivi","floor":1},{"not_picked":["animator:RinTohsaka","animator:Gillette"],"picked":"animator:Verdia","floor":3},{"not_picked":["animator:Sebas","animator:NarberalGamma"],"picked":"animator:WinryRockbell","floor":6}],"player_experience":7684,"relics_obtained":[{"floor":6,"key":"Anchor"}],"event_choices":[{"cards_removed":["animator:Strike"],"damage_healed":0,"gold_gain":0,"player_choice":"Forget","damage_taken":0,"max_hp_gain":0,"max_hp_loss":0,"event_name":"Living Wall","floor":2,"gold_loss":0},{"cards_removed":["animator:Defend"],"damage_healed":0,"gold_gain":0,"player_choice":"Offered Basic","damage_taken":0,"max_hp_gain":0,"max_hp_loss":0,"event_name":"Bonfire Elementals","floor":5,"gold_loss":0}],"is_beta":false,"boss_relics":[],"items_purged_floors":[],"is_endless":false,"potions_floor_spawned":[6],"killed_by":"Gremlin Nob","ascension_level":0}}