{"host":"59ckh7bj2z84pzgo","time":1607768796,"event":{"mods":["BaseMod","Better Vampires","Marked Mod","Minty Spire (QoL Compilation)","Replay The Spire","Spicy Shops","StSLib","TestMod","¡¾ÒÅÎï¿¨ÅÆ¡¿REMEMod"],"gold_per_floor":[113,125,144,154,154,180,197,227,254,254,94,94,164,197,197,312,312,354,416,466,514,546,625,625,678,678,719,771,771,820,866,866,978,978,1002,1050,1102,367,367,367,408,505,505,557,557,627,697,492,492,554,576,576],"floor_reached":51,"playtime":4116,"items_purged":["Wild Strike","Bash","Armaments"],"score":1536,"play_id":"a26e9618-413e-449a-ac12-0b2d5eee1c11","local_time":"20201212182636","is_ascension_mode":true,"campfire_choices":[{"data":"Reaper","floor":10.0,"key":"SMITH"},{"data":"Strike_R","floor":15,"key":"PURGE"},{"data":"Inflame","floor":24,"key":"SMITH"},{"data":"Whirlwind","floor":29,"key":"SMITH"},{"data":"Seeing Red","floor":32,"key":"SMITH"},{"data":"REME_ACTH","floor":40,"key":"SMITH"},{"floor":49,"key":"RECALL"}],"circlet_count":0,"master_deck":["AscendersBane","Exhume","Flame Barrier","Pommel Strike","ReplayTheSpireMod:Strike From Hell","Havoc+1","Infernal Blade","Sword Boomerang","Reaper+1","Whirlwind+1","Seeing Red+1","Reaper","Offering","Thunderclap","Headbutt","Double Tap","Thunderclap","ReplayTheSpireMod:Limb From Limb","Dark Embrace+1","Pummel","Battle Trance","Shrug It Off+1","Inflame+1","Offering","REME_ACTH+1","Seeing Red+1","Double Tap","Shockwave","Second Wind","Pot Of Greed","Pot Of Greed","Pot Of Greed","REME_ACTH"],"relics":["Burning Blood","REME_ComplimentaryCards","testmod-TestBox","testmod-EnergyCheck","testmod-Antiphasic","Magic Flower","Replay:Bandana","Orrery","testmod-TurbochargingSystem","Replay:Grab Bag","SlaversCollar","Philosopher\u0027s Stone","Pandora\u0027s Box","Mark of Pain","Red Mask","Gremlin Food","Anchor","testmod-Prudence","Pear","Peace Pipe","Torii","Kunai","Grinning Jar","PrismaticShard"],"acts_visited":["Exordium","TheCity","TheBeyond"],"potions_floor_usage":[25,51,51],"damage_taken":[{"damage":2.0,"enemies":"Jaw Worm","floor":1.0,"turns":4.0},{"damage":2.0,"enemies":"2 Louse","floor":2.0,"turns":4.0},{"damage":4.0,"enemies":"Small Slimes","floor":3.0,"turns":5.0},{"damage":3.0,"enemies":"Gremlin Gang","floor":4.0,"turns":5.0},{"damage":16.0,"enemies":"Lagavulin","floor":6.0,"turns":5.0},{"damage":20.0,"enemies":"3 Louse","floor":7.0,"turns":4.0},{"damage":24.0,"enemies":"Gremlin Nob","floor":8.0,"turns":4.0},{"damage":48.0,"enemies":"3 Sentries","floor":13.0,"turns":9.0},{"damage":0.0,"enemies":"2 Fungi Beasts","floor":14.0,"turns":3.0},{"damage":87,"enemies":"Fading Forest","floor":16,"turns":13},{"damage":12,"enemies":"Spheric Guardian","floor":18,"turns":3},{"damage":0,"enemies":"Masked Bandits","floor":19,"turns":2},{"damage":22,"enemies":"Shell Parasite","floor":20,"turns":2},{"damage":27,"enemies":"Centurion and Healer","floor":21,"turns":3},{"damage":37,"enemies":"Snake Plant","floor":22,"turns":4},{"damage":7,"enemies":"Gremlin Leader","floor":23,"turns":3},{"damage":24,"enemies":"REME_1_Revenger","floor":25,"turns":3},{"damage":6,"enemies":"Snecko","floor":27,"turns":2},{"damage":21,"enemies":"3 Cultists","floor":28,"turns":4},{"damage":12,"enemies":"Centurion and Healer","floor":30,"turns":2},{"damage":18,"enemies":"Sentry and Sphere","floor":31,"turns":3},{"damage":27,"enemies":"Champ","floor":33,"turns":5},{"damage":0,"enemies":"Orb Walker","floor":35,"turns":1},{"damage":1,"enemies":"3 Shapes","floor":36,"turns":3},{"damage":19,"enemies":"Jaw Worm Horde","floor":37,"turns":3},{"damage":12,"enemies":"Mind Bloom Boss Battle","floor":41,"turns":1},{"damage":33,"enemies":"2 Orb Walkers","floor":42,"turns":3},{"damage":7,"enemies":"Sphere and 2 Shapes","floor":44,"turns":3},{"damage":6,"enemies":"Reptomancer","floor":46,"turns":2},{"damage":6,"enemies":"3 Darklings","floor":47,"turns":2},{"damage":30,"enemies":"Donu and Deca","floor":50,"turns":4},{"damage":139,"enemies":"Time Eater","floor":51,"turns":9}],"seed_played":"2446881031691021435","potions_obtained":[{"floor":1.0,"key":"FearPotion"},{"floor":2.0,"key":"SkillPotion"},{"floor":6.0,"key":"DuplicationPotion"},{"floor":14.0,"key":"BloodPotion"},{"floor":22,"key":"LifebloodPotion"},{"floor":23,"key":"LiquidMemories"},{"floor":25,"key":"BlessingOfTheForge"},{"floor":31,"key":"GamblersBrew"}],"is_trial":false,"path_per_floor":["M","M","M","M","?","E","M","E","T","R","$","?","E","M","R","B",null,"M","?","M","M","M","E","R","E","T","M","M","R","M","M","R","B",null,"M","M","M","$","?","R","?","?","T","M","?","E","M","$","R","B","B"],"character_chosen":"IRONCLAD","items_purchased":["Orrery","Double Tap","Pear","PrismaticShard"],"campfire_rested":0,"item_purchase_floors":[11,38,38,48],"current_hp_per_floor":[79,82,82,82,82,72,58,40,40,40,40,33,40,61,61,30,69,66,82,82,81,59,82,82,82,82,82,82,82,79,73,73,64,78,82,82,78,88,88,88,92,68,68,92,92,92,92,92,92,92,45,45],"gold":576,"neow_bonus":"TEN_PERCENT_HP_BONUS","is_daily":false,"chose_seed":false,"campfire_upgraded":5,"win_rate":0.0,"timestamp":1607768796,"path_taken":["M","M","M","M","?","E","M","E","T","R","$","?","E","M","R","BOSS","M","?","M","M","M","E","R","E","T","M","M","R","M","M","R","BOSS","M","M","M","$","?","R","?","?","T","M","?","E","M","$","R","BOSS","BOSS"],"items_purchased_type":["Relic","Card","Relic","Relic"],"build_version":"2020-11-30","purchased_purges":3,"victory":false,"max_hp_per_floor":[82,82,82,82,82,82,82,82,82,82,82,82,82,82,82,82,82,82,82,82,82,82,82,82,82,82,82,82,82,82,82,82,82,82,82,82,82,92,92,92,92,92,92,92,92,92,92,92,92,92,97,97],"card_choices":[{"not_picked":["Perfected Strike","Headbutt"],"picked":"Flame Barrier","floor":1.0},{"not_picked":["Wild Strike","Thunderclap"],"picked":"Armaments","floor":2.0},{"not_picked":["Twin Strike","Heavy Blade"],"picked":"Pommel Strike","floor":3.0},{"not_picked":["Sword Boomerang","Body Slam"],"picked":"ReplayTheSpireMod:Strike From Hell","floor":4.0},{"not_picked":["Clash","Wild Strike"],"picked":"Infernal Blade","floor":6.0},{"not_picked":["Metallicize","Iron Wave"],"picked":"Sword Boomerang","floor":7.0},{"not_picked":["Pommel Strike","Cleave"],"picked":"Reaper","floor":8.0},{"not_picked":["Cleave","Sword Boomerang"],"picked":"Whirlwind","floor":11.0},{"not_picked":["Flame Barrier","Headbutt"],"picked":"Seeing Red","floor":11.0},{"not_picked":["Shrug It Off","ReplayTheSpireMod:Corrosion Curse"],"picked":"Reaper","floor":11.0},{"not_picked":["Iron Wave","Uppercut"],"picked":"Offering","floor":11.0},{"not_picked":["Warcry","Infernal Blade"],"picked":"Thunderclap","floor":11.0},{"not_picked":["Shrug It Off","Thunderclap"],"picked":"Headbutt","floor":13.0},{"not_picked":["Flame Barrier","ReplayReversal","Evolve"],"picked":"SKIP","floor":14.0},{"not_picked":["Hemogenesis","Juggernaut"],"picked":"Double Tap","floor":16},{"not_picked":["Perfected Strike","Wild Strike","Headbutt"],"picked":"SKIP","floor":18},{"not_picked":["Sever Soul","Clothesline"],"picked":"Battle Trance","floor":19},{"not_picked":["Pummel","Sentinel","Havoc"],"picked":"SKIP","floor":20},{"not_picked":["True Grit","REME_Cut"],"picked":"Shrug It Off+1","floor":21},{"not_picked":["Reckless Charge","Havoc"],"picked":"Inflame","floor":22},{"not_picked":["Havoc","True Grit","Bloodletting"],"picked":"SKIP","floor":23},{"not_picked":["Ghostly Armor","Clash"],"picked":"Offering","floor":25},{"not_picked":["Body Slam","Headbutt","Heavy Blade+1"],"picked":"SKIP","floor":27},{"not_picked":["Armaments","ReplayTheSpireMod:Limb From Limb","Pommel Strike"],"picked":"SKIP","floor":28},{"not_picked":["ReplayTheSpireMod:Muscle Training","Warcry","Wild Strike"],"picked":"SKIP","floor":30},{"not_picked":["Wild Strike","Power Through","Flex"],"picked":"SKIP","floor":31},{"not_picked":["Reaper","Fiend Fire"],"picked":"REME_ACTH","floor":33},{"not_picked":["REME_Cut+1","Clothesline+1"],"picked":"Seeing Red+1","floor":35},{"not_picked":["Warcry","ReplayTheSpireMod:Strike From Hell+1","ReplayReversal+1"],"picked":"SKIP","floor":36},{"not_picked":["Heavy Blade","Body Slam","Evolve"],"picked":"SKIP","floor":37},{"not_picked":["Warcry","Wild Strike+1"],"picked":"Shockwave","floor":41},{"not_picked":["Battle Trance+1","Flame Barrier"],"picked":"Second Wind","floor":44},{"not_picked":["Sword Boomerang","Pommel Strike"],"picked":"REME_ACTH","floor":46},{"not_picked":["Blood for Blood","Run Through","Bloodletting"],"picked":"SKIP","floor":47}],"player_experience":122691,"relics_obtained":[{"floor":6.0,"key":"testmod-Antiphasic"},{"floor":8.0,"key":"Magic Flower"},{"floor":9.0,"key":"Replay:Bandana"},{"floor":13.0,"key":"testmod-TurbochargingSystem"},{"floor":19,"key":"Red Mask"},{"floor":23,"key":"Gremlin Food"},{"floor":25,"key":"Anchor"},{"floor":41,"key":"Peace Pipe"},{"floor":42,"key":"Torii"},{"floor":43,"key":"Kunai"},{"floor":46,"key":"Grinning Jar"}],"event_choices":[{"cards_removed":["Strike_R"],"damage_healed":0.0,"max_hp_gain":0.0,"max_hp_loss":0.0,"gold_gain":0.0,"event_name":"Golden Wing","player_choice":"Card Removal","floor":12.0,"gold_loss":0.0,"damage_taken":7.0},{"damage_healed":0,"gold_gain":0,"player_choice":"Fought Bandits","damage_taken":0,"max_hp_gain":0,"max_hp_loss":0,"event_name":"Masked Bandits","floor":19,"gold_loss":0},{"cards_removed":["Sword Boomerang"],"damage_healed":0,"gold_gain":0,"player_choice":"Removed Attack","damage_taken":0,"max_hp_gain":0,"max_hp_loss":0,"event_name":"Falling","floor":39,"gold_loss":0},{"damage_healed":0,"gold_gain":0,"player_choice":"Fight","damage_taken":0,"max_hp_gain":0,"max_hp_loss":0,"event_name":"MindBloom","floor":41,"gold_loss":0},{"damage_healed":0,"gold_gain":0,"player_choice":"Fight","damage_taken":0,"max_hp_gain":0,"max_hp_loss":0,"event_name":"Mysterious Sphere","floor":42,"gold_loss":0},{"damage_healed":0,"gold_gain":0,"player_choice":"Upgraded","damage_taken":0,"max_hp_gain":0,"max_hp_loss":0,"event_name":"Upgrade Shrine","floor":45,"gold_loss":0,"cards_upgraded":["Dark Embrace"]}],"is_beta":false,"boss_relics":[{"not_picked":["Coffee Dripper","Replay:Bronze Core"],"picked":"Replay:Grab Bag"},{"not_picked":["Velvet Choker","Sozu"],"picked":"SlaversCollar"},{"not_picked":["Cursed Key","Busted Crown"],"picked":"Philosopher\u0027s Stone"},{"not_picked":["Kintsugi","Black Blood"],"picked":"Pandora\u0027s Box"},{"not_picked":["Tiny House","Runic Cube"],"picked":"Mark of Pain"},{"not_picked":["testmod-TimeTraveler","testmod-D_4"],"picked":"testmod-Prudence"}],"items_purged_floors":[38,38,48],"is_endless":false,"potions_floor_spawned":[1,2,6,14,22,23,25,31,36,41,42,47],"killed_by":"Time Eater","ascension_level":20}}