{"host":"jmj81tjjbuqnwhnf","time":1607804072,"event":{"mods":["BaseMod","Colored Map","Colored Powertips","Highlight Path","Minty Spire (QoL Compilation)","Relic Stats"],"gold_per_floor":[119,119,17,17,36,71,85,85,85,112,132,161,179,213,213,310,310,320,340,350,366,59,86,106,121,121,121,152,152,8,38,38,136,136,153,166,16,34,44,72,72,91,91,106,136,11,42,0,0,0],"floor_reached":51,"playtime":3321,"items_purged":["Go for the Eyes","Compile Driver","Compile Driver"],"score":1077,"play_id":"7b45dd6e-991d-4c38-aba9-bbf6c203089b","local_time":"20201212211432","is_ascension_mode":true,"campfire_choices":[{"data":"Zap","floor":8,"key":"SMITH"},{"floor":15,"key":"REST"},{"data":"Capacitor","floor":29,"key":"SMITH"},{"data":"Multi-Cast","floor":32,"key":"SMITH"},{"data":"Barrage","floor":49,"key":"SMITH"}],"circlet_count":0,"master_deck":["Zap+1","Dualcast+1","Conserve Battery+1","Conserve Battery","Coolheaded","FTL","Buffer","Chill","Genetic Algorithm","Chill+1","Creative AI","White Noise","Multi-Cast+1","Loop","Loop","Glacier+1","Conserve Battery","Ball Lightning","Capacitor+1","Conserve Battery","Coolheaded","Aggregate","Darkness+1","Barrage+1","Fission+1","Self Repair+1","Conserve Battery+1","Barrage+1","Tempest+1","Melter+1","Redo+1","Coolheaded+1"],"relics":["Cracked Core","Letter Opener","Ancient Tea Set","Potion Belt","Thread and Needle","Mercury Hourglass","Pandora\u0027s Box","PreservedInsect","War Paint","Toxic Egg 2","Centennial Puzzle","Lee\u0027s Waffle","HornCleat","Black Star","Bag of Preparation","Anchor","Torii","Unceasing Top","Kunai","Mango","Gremlin Horn","Red Mask"],"acts_visited":["Exordium","TheCity","TheBeyond"],"potions_floor_usage":[10,14,14,14,23,28,33,39,40,40,50,50,50],"damage_taken":[{"damage":0,"enemies":"2 Louse","floor":1,"turns":1},{"damage":0,"enemies":"Jaw Worm","floor":5,"turns":3},{"damage":2,"enemies":"Lagavulin","floor":6,"turns":8},{"damage":1,"enemies":"Cultist","floor":7,"turns":3},{"damage":4,"enemies":"Gremlin Nob","floor":10,"turns":4},{"damage":1,"enemies":"3 Louse","floor":11,"turns":3},{"damage":8,"enemies":"Lagavulin","floor":12,"turns":6},{"damage":0,"enemies":"Exordium Thugs","floor":13,"turns":4},{"damage":0,"enemies":"Gremlin Nob","floor":14,"turns":3},{"damage":32,"enemies":"Hexaghost","floor":16,"turns":11},{"damage":7,"enemies":"2 Thieves","floor":18,"turns":3},{"damage":0,"enemies":"Shell Parasite","floor":19,"turns":6},{"damage":0,"enemies":"Centurion and Healer","floor":20,"turns":8},{"damage":0,"enemies":"Snake Plant","floor":21,"turns":5},{"damage":0,"enemies":"Slavers","floor":23,"turns":4},{"damage":0,"enemies":"3 Cultists","floor":24,"turns":5},{"damage":0,"enemies":"Sentry and Sphere","floor":25,"turns":5},{"damage":0,"enemies":"Book of Stabbing","floor":28,"turns":6},{"damage":0,"enemies":"Gremlin Leader","floor":31,"turns":5},{"damage":0,"enemies":"Automaton","floor":33,"turns":8},{"damage":0,"enemies":"Orb Walker","floor":35,"turns":5},{"damage":5,"enemies":"3 Shapes","floor":36,"turns":4},{"damage":8,"enemies":"Jaw Worm Horde","floor":38,"turns":6},{"damage":2,"enemies":"Writhing Mass","floor":39,"turns":5},{"damage":22,"enemies":"Reptomancer","floor":40,"turns":5},{"damage":17,"enemies":"Sphere and 2 Shapes","floor":42,"turns":3},{"damage":0,"enemies":"3 Darklings","floor":44,"turns":5},{"damage":23,"enemies":"Nemesis","floor":45,"turns":5},{"damage":0,"enemies":"Reptomancer","floor":47,"turns":7},{"damage":56,"enemies":"Time Eater","floor":50,"turns":9}],"seed_played":"-4006554445949564577","potions_obtained":[{"floor":6,"key":"FearPotion"},{"floor":7,"key":"Energy Potion"},{"floor":12,"key":"Strength Potion"},{"floor":13,"key":"Swift Potion"},{"floor":20,"key":"CultistPotion"},{"floor":21,"key":"FocusPotion"},{"floor":23,"key":"BlessingOfTheForge"},{"floor":24,"key":"Energy Potion"},{"floor":27,"key":"SteroidPotion"},{"floor":27,"key":"Block Potion"},{"floor":28,"key":"Energy Potion"},{"floor":36,"key":"BlessingOfTheForge"},{"floor":39,"key":"Fire Potion"},{"floor":45,"key":"Block Potion"}],"is_trial":false,"path_per_floor":["M","?","$","?","M","E","M","R","T","E","M","E","M","E","R","B",null,"M","M","M","M","$","E","M","M","T","?","E","R","$","E","R","B",null,"M","M","$","M","M","E","?","M","T","M","E","$","E","?","R","B",null],"character_chosen":"DEFECT","items_purchased":["Coolheaded","FTL","Capacitor","Conserve Battery","PreservedInsect","Lee\u0027s Waffle","Barrage"],"campfire_rested":1,"item_purchase_floors":[3,3,22,22,22,30,37],"current_hp_per_floor":[75,68,68,68,68,66,65,65,65,61,60,52,52,52,74,42,75,68,68,68,68,68,68,68,68,68,68,68,68,82,82,82,82,82,82,82,82,82,82,70,70,63,63,73,60,60,84,84,84,38],"gold":0,"neow_bonus":"THREE_CARDS","is_daily":false,"chose_seed":false,"campfire_upgraded":4,"win_rate":0.0,"timestamp":1607804072,"path_taken":["M","?","$","?","M","E","?","R","T","E","M","E","M","E","R","BOSS","M","M","M","M","$","E","M","M","T","?","E","R","$","E","R","BOSS","M","M","$","M","M","E","?","M","T","M","E","$","E","?","R","BOSS"],"items_purchased_type":["Card","Card","Card","Card","Relic","Relic","Card"],"build_version":"2020-11-30","purchased_purges":3,"victory":true,"max_hp_per_floor":[75,75,75,75,75,75,75,75,75,75,75,75,75,75,75,75,75,75,75,75,75,75,75,75,75,75,75,75,75,82,82,82,82,82,82,82,82,82,82,82,82,82,82,82,82,82,96,96,96,96],"relic_stats":{"Lee\u0027s Waffle":14,"Torii":12,"Gremlin Horn":[0,0],"counters":[30,152],"PreservedInsect":292,"Bag of Preparation":[10],"Letter Opener":[616],"War Paint":["Conserve Battery","Chill"],"Mercury Hourglass":[467],"Centennial Puzzle":[21],"Pandora\u0027s Box":["Compile Driver","White Noise","Multi-Cast","Go for the Eyes","Compile Driver","Loop","Loop"],"Black Star":3,"Kunai":[0],"obtain_stats":[{"Potion Belt":10,"Lee\u0027s Waffle":30,"Torii":43,"Gremlin Horn":47,"Thread and Needle":12,"Mango":47,"PreservedInsect":22,"Bag of Preparation":40,"Letter Opener":6,"War Paint":23,"Ancient Tea Set":9,"Mercury Hourglass":14,"Centennial Puzzle":28,"Anchor":40,"HornCleat":31,"Pandora\u0027s Box":17,"Black Star":34,"Red Mask":48,"Kunai":45,"Toxic Egg 2":26,"Cracked Core":0,"Unceasing Top":45},{"Potion Belt":5,"Lee\u0027s Waffle":18,"Torii":26,"Gremlin Horn":29,"Thread and Needle":7,"Mango":29,"PreservedInsect":14,"Bag of Preparation":25,"Letter Opener":3,"War Paint":15,"Ancient Tea Set":4,"Mercury Hourglass":9,"Centennial Puzzle":18,"Anchor":25,"HornCleat":19,"Pandora\u0027s Box":10,"Black Star":20,"Red Mask":29,"Kunai":28,"Toxic Egg 2":17,"Cracked Core":0,"Unceasing Top":28},{"Potion Belt":19,"Lee\u0027s Waffle":86,"Torii":127,"Gremlin Horn":143,"Thread and Needle":28,"Mango":143,"PreservedInsect":67,"Bag of Preparation":124,"Letter Opener":12,"War Paint":71,"Ancient Tea Set":15,"Mercury Hourglass":35,"Centennial Puzzle":86,"Anchor":124,"HornCleat":91,"Pandora\u0027s Box":46,"Black Star":99,"Red Mask":143,"Kunai":137,"Toxic Egg 2":80,"Cracked Core":0,"Unceasing Top":137}],"Unceasing Top":[1]},"card_choices":[{"not_picked":["Go for the Eyes","Redo"],"picked":"Conserve Battery","floor":0},{"not_picked":["FTL","White Noise"],"picked":"Conserve Battery","floor":1},{"not_picked":["Force Field","Barrage","Rip and Tear"],"picked":"SKIP","floor":5},{"not_picked":["Compile Driver","Chaos"],"picked":"Buffer","floor":6},{"not_picked":["Barrage","BootSequence"],"picked":"FTL","floor":7},{"not_picked":["FTL","Turbo"],"picked":"Chill","floor":10},{"not_picked":["Doom and Gloom","Streamline"],"picked":"Genetic Algorithm","floor":11},{"not_picked":["Compile Driver","Recycle","Chaos"],"picked":"SKIP","floor":12},{"not_picked":["Chaos","Go for the Eyes","Barrage"],"picked":"SKIP","floor":13},{"not_picked":["Steam","Loop"],"picked":"Chill","floor":14},{"not_picked":["Core Surge","Multi-Cast"],"picked":"Creative AI","floor":16},{"not_picked":["Storm","Coolheaded"],"picked":"Glacier+1","floor":18},{"not_picked":["Go for the Eyes+1","Ball Lightning"],"picked":"Conserve Battery","floor":19},{"not_picked":["Hello World","Go for the Eyes","Reprogram"],"picked":"SKIP","floor":20},{"not_picked":["Streamline+1","Chill"],"picked":"Ball Lightning","floor":21},{"not_picked":["Turbo","All For One"],"picked":"Coolheaded","floor":23},{"not_picked":["Go for the Eyes","Hologram","Streamline"],"picked":"SKIP","floor":24},{"not_picked":["Stack+1","Scrape"],"picked":"Aggregate","floor":25},{"not_picked":["Ball Lightning","Consume+1"],"picked":"Darkness+1","floor":28},{"not_picked":["Self Repair","Gash"],"picked":"Barrage+1","floor":31},{"not_picked":["Reboot+1","Amplify+1"],"picked":"Fission+1","floor":33},{"not_picked":["Beam Cell","Compile Driver+1"],"picked":"Self Repair+1","floor":35},{"not_picked":["Compile Driver","Sunder+1"],"picked":"Conserve Battery+1","floor":36},{"not_picked":["Recycle+1","Beam Cell"],"picked":"Tempest+1","floor":38},{"not_picked":["Leap+1","Rebound"],"picked":"Melter+1","floor":39},{"not_picked":["Gash+1","Rainbow+1"],"picked":"Redo+1","floor":40},{"not_picked":["Hologram+1","Recycle+1","Stack+1"],"picked":"SKIP","floor":42},{"not_picked":["Recycle+1","Undo+1","Ball Lightning+1"],"picked":"SKIP","floor":44},{"not_picked":["Heatsinks+1","Chaos+1","Sunder"],"picked":"SKIP","floor":45},{"not_picked":["Turbo+1","Gash"],"picked":"Coolheaded+1","floor":47}],"player_experience":48543,"relics_obtained":[{"floor":6,"key":"Letter Opener"},{"floor":9,"key":"Ancient Tea Set"},{"floor":10,"key":"Potion Belt"},{"floor":12,"key":"Thread and Needle"},{"floor":14,"key":"Mercury Hourglass"},{"floor":23,"key":"War Paint"},{"floor":26,"key":"Toxic Egg 2"},{"floor":28,"key":"Centennial Puzzle"},{"floor":31,"key":"HornCleat"},{"floor":40,"key":"Bag of Preparation"},{"floor":40,"key":"Anchor"},{"floor":43,"key":"Torii"},{"floor":45,"key":"Unceasing Top"},{"floor":45,"key":"Kunai"},{"floor":47,"key":"Mango"},{"floor":47,"key":"Gremlin Horn"}],"event_choices":[{"cards_removed":["Strike_B"],"damage_healed":0,"gold_gain":0,"player_choice":"Card Removal","damage_taken":7,"max_hp_gain":0,"max_hp_loss":0,"event_name":"Golden Wing","floor":2,"gold_loss":0},{"damage_healed":0,"gold_gain":0,"player_choice":"Upgraded","damage_taken":0,"max_hp_gain":0,"max_hp_loss":0,"event_name":"Upgrade Shrine","floor":4,"gold_loss":0,"cards_upgraded":["Dualcast"]},{"damage_healed":0,"gold_gain":0,"player_choice":"Got Potions","damage_taken":0,"max_hp_gain":0,"max_hp_loss":0,"event_name":"Lab","floor":27,"gold_loss":0},{"cards_removed":["FTL"],"damage_healed":0,"gold_gain":0,"player_choice":"Removed Attack","damage_taken":0,"max_hp_gain":0,"max_hp_loss":0,"event_name":"Falling","floor":41,"gold_loss":0},{"damage_healed":0,"gold_gain":0,"player_choice":"Paid","damage_taken":0,"relics_obtained":["Red Mask"],"max_hp_gain":0,"max_hp_loss":0,"event_name":"Tomb of Lord Red Mask","floor":48,"gold_loss":42}],"is_beta":false,"boss_relics":[{"not_picked":["Calling Bell","Empty Cage"],"picked":"Pandora\u0027s Box"},{"not_picked":["Nuclear Battery","Runic Dome"],"picked":"Black Star"}],"items_purged_floors":[22,37,46],"is_endless":false,"potions_floor_spawned":[6,7,12,13,20,21,23,24,28,36,39,45],"ascension_level":1}}