{"host":"tpad8qsc9e0g0pa5","time":1607770952,"event":{"mods":["BaseMod","Downfall","Minty Spire (QoL Compilation)","Quick Restart","StSLib"],"gold_per_floor":[113,63,81,6,16,16,41,41,91,91,116,129,149,166,166,262,262,279,279,179,189,189,218,230,242,242,277,312,187,187,215,215,318,318,333,348,2,2,2],"floor_reached":38,"playtime":2113,"items_purged":["Strike_P","Defend_P","Writhe","sneckomod:Bewildered"],"score":807,"play_id":"63360a9c-05d6-4ec7-a00d-9165e93845d6","local_time":"20201212190232","is_ascension_mode":true,"campfire_choices":[{"data":"WheelKick","floor":6.0,"key":"SMITH"},{"floor":8.0,"key":"REST"},{"data":"CrushJoints","floor":15.0,"key":"SMITH"},{"data":"Ragnarok","floor":32,"key":"SMITH"}],"circlet_count":0,"master_deck":["Strike_P","Strike_P","Defend_P+1","Defend_P+1","Eruption","Vigilance","WheelKick+1","CrushJoints+1","Vault","Ragnarok+1","Scrawl","CurseOfTheBell","expansioncontent:QuickStudy"],"relics":["Snecko Eye","Damaru","Toy Ornithopter","Bottled Flame","Black Star","sneckomod:BabySnecko","Gremlin Horn","Pocketwatch","War Paint","Shuriken","Incense Burner","Red Mask","MutagenicStrength","Oddly Smooth Stone","Anchor","Calling Bell","Omamori","Eternal Feather","Thread and Needle"],"acts_visited":["TheCity","TheBeyond"],"potions_floor_usage":[23,23,33,33,38,38],"damage_taken":[{"damage":0.0,"enemies":"2 Louse","floor":1.0,"turns":2.0},{"damage":5.0,"enemies":"Small Slimes","floor":3.0,"turns":4.0},{"damage":0.0,"enemies":"Jaw Worm","floor":5.0,"turns":3.0},{"damage":18.0,"enemies":"Lagavulin","floor":7.0,"turns":4.0},{"damage":0.0,"enemies":"Gremlin Nob","floor":11.0,"turns":1.0},{"damage":0.0,"enemies":"Exordium Thugs","floor":12.0,"turns":2.0},{"damage":1.0,"enemies":"Exordium Wildlife","floor":13.0,"turns":2.0},{"damage":0.0,"enemies":"Looter","floor":14.0,"turns":2.0},{"damage":0.0,"enemies":"Slime Boss","floor":16.0,"turns":3.0},{"damage":0,"enemies":"Spheric Guardian","floor":18,"turns":3},{"damage":0,"enemies":"2 Thieves","floor":21,"turns":2},{"damage":5,"enemies":"Gremlin Leader","floor":23,"turns":4},{"damage":0,"enemies":"Chosen and Byrds","floor":24,"turns":2},{"damage":0,"enemies":"Sentry and Sphere","floor":25,"turns":1},{"damage":0,"enemies":"Book of Stabbing","floor":27,"turns":2},{"damage":0,"enemies":"Masked Bandits","floor":28,"turns":2},{"damage":0,"enemies":"Gremlin Leader","floor":31,"turns":2},{"damage":0,"enemies":"Champ","floor":33,"turns":3},{"damage":11,"enemies":"3 Shapes","floor":35,"turns":2},{"damage":0,"enemies":"3 Darklings","floor":36,"turns":2},{"damage":0,"enemies":"Mind Bloom Boss Battle","floor":38,"turns":2}],"seed_played":"-3383907843808037498","potions_obtained":[{"floor":5.0,"key":"Swift Potion"},{"floor":11.0,"key":"EssenceOfSteel"},{"floor":12.0,"key":"AttackPotion"},{"floor":14.0,"key":"SkillPotion"},{"floor":16.0,"key":"hexamod:EctoCoolerPotion"},{"floor":18,"key":"FairyPotion"},{"floor":24,"key":"BottledMiracle"},{"floor":25,"key":"Ancient Potion"},{"floor":31,"key":"DistilledChaos"},{"floor":35,"key":"ColorlessPotion"},{"floor":36,"key":"ColorlessPotion"}],"is_trial":false,"path_per_floor":["M","?","M","$","M","R","E","R","T","?","E","M","M","M","R","B",null,"M","?","$","M","?","E","M","M","T","E","?","$","?","E","R","B",null,"M","M","$","?"],"character_chosen":"WATCHER","items_purchased":["expansioncontent:QuickStudy"],"campfire_rested":1,"item_purchase_floors":[37],"current_hp_per_floor":[72,72,67,67,67,67,49,70,70,70,70,70,69,69,69,69,72,72,72,72,72,72,72,72,72,72,72,72,72,72,72,72,72,72,61,61,61,71,71],"gold":2,"neow_bonus":"BOSS_RELIC","is_daily":false,"chose_seed":false,"campfire_upgraded":3,"win_rate":0.0,"timestamp":1607770952,"path_taken":["M","?","M","$","M","R","E","R","T","?","E","M","M","M","R","BOSS","M","?","?","?","?","E","M","M","T","E","?","?","?","E","R","BOSS","M","M","$","?"],"items_purchased_type":["Card"],"build_version":"2020-11-30","purchased_purges":4,"victory":false,"max_hp_per_floor":[72,72,72,72,72,72,72,72,72,72,72,72,72,72,72,72,72,72,72,72,72,72,72,72,72,72,72,72,72,72,72,72,72,72,72,72,72,72,72],"card_choices":[{"not_picked":["FollowUp","EmptyFist","FlurryOfBlows"],"picked":"SKIP","floor":1.0},{"not_picked":["BowlingBash","Crescendo","EmptyBody"],"picked":"SKIP","floor":3.0},{"not_picked":["Nirvana","JustLucky"],"picked":"WheelKick","floor":5.0},{"not_picked":["Establishment","WreathOfFlame","CutThroughFate"],"picked":"SKIP","floor":7.0},{"not_picked":["EmptyFist","Collect","BowlingBash"],"picked":"SKIP","floor":11.0},{"not_picked":["Halt","FlyingSleeves","MentalFortress"],"picked":"SKIP","floor":12.0},{"not_picked":["BowlingBash","WreathOfFlame"],"picked":"Vault","floor":13.0},{"not_picked":["ThirdEye","Crescendo","Halt"],"picked":"SKIP","floor":14.0},{"not_picked":["Scrawl","Blasphemy"],"picked":"Ragnarok","floor":16.0},{"not_picked":["Meditate","EmptyFist","PathToVictory"],"picked":"SKIP","floor":18},{"not_picked":["CutThroughFate+1","Crescendo","PathToVictory"],"picked":"SKIP","floor":21},{"not_picked":["Conclude","JustLucky","CrushJoints"],"picked":"SKIP","floor":23},{"not_picked":["ForeignInfluence+1","SashWhip","BattleHymn"],"picked":"SKIP","floor":24},{"not_picked":["Crescendo","ClearTheMind","Halt"],"picked":"SKIP","floor":25},{"not_picked":["MentalFortress","Conclude+1","FlyingSleeves"],"picked":"SKIP","floor":27},{"not_picked":["EmptyMind","LikeWater+1","SashWhip"],"picked":"SKIP","floor":31},{"not_picked":["Judgement","MasterReality"],"picked":"Scrawl","floor":33},{"not_picked":["EmptyFist+1","Protect","Study+1"],"picked":"SKIP","floor":35},{"not_picked":["EmptyFist+1","CutThroughFate","FearNoEvil"],"picked":"SKIP","floor":36}],"player_experience":223654,"relics_obtained":[{"floor":7.0,"key":"Damaru"},{"floor":9.0,"key":"Toy Ornithopter"},{"floor":11.0,"key":"Bottled Flame"},{"floor":23,"key":"Pocketwatch"},{"floor":23,"key":"War Paint"},{"floor":27,"key":"Shuriken"},{"floor":27,"key":"Incense Burner"},{"floor":28,"key":"Red Mask"},{"floor":31,"key":"Oddly Smooth Stone"},{"floor":31,"key":"Anchor"},{"floor":34,"key":"Omamori"},{"floor":34,"key":"Eternal Feather"},{"floor":34,"key":"Thread and Needle"}],"event_choices":[{"cards_removed":["Defend_P"],"damage_healed":0.0,"max_hp_gain":0.0,"max_hp_loss":0.0,"gold_gain":0.0,"event_name":"The Cleric","player_choice":"Card Removal","floor":2.0,"gold_loss":50.0,"damage_taken":0.0},{"damage_healed":0.0,"max_hp_gain":0.0,"max_hp_loss":0.0,"gold_gain":0.0,"cards_transformed":["Strike_P"],"event_name":"Living Wall","player_choice":"Change","floor":10.0,"gold_loss":0.0,"damage_taken":0.0,"cards_obtained":["CrushJoints"]},{"damage_healed":0,"gold_gain":0,"player_choice":"Opened","damage_taken":0,"relics_obtained":["Gremlin Horn"],"max_hp_gain":0,"max_hp_loss":0,"event_name":"The Mausoleum","floor":22,"gold_loss":0,"cards_obtained":["Writhe"]},{"damage_healed":0,"gold_gain":0,"player_choice":"Fought Bandits","damage_taken":0,"max_hp_gain":0,"max_hp_loss":0,"event_name":"Masked Bandits","floor":28,"gold_loss":0},{"damage_healed":0,"gold_gain":0,"player_choice":"Inject Mutagens","damage_taken":0,"relics_obtained":["MutagenicStrength"],"max_hp_gain":0,"max_hp_loss":0,"event_name":"Drug Dealer","floor":30,"gold_loss":0},{"damage_healed":0,"gold_gain":0,"player_choice":"Fight","damage_taken":0,"max_hp_gain":0,"max_hp_loss":0,"event_name":"MindBloom","floor":38,"gold_loss":0}],"is_beta":false,"boss_relics":[{"not_picked":["Astrolabe","Runic Dome"],"picked":"Black Star"},{"not_picked":["Coffee Dripper","Busted Crown"],"picked":"Calling Bell"}],"items_purged_floors":[4,20,29,37],"is_endless":false,"potions_floor_spawned":[5,11,12,14,16,18,24,25,28,31,35,36],"killed_by":"Mind Bloom Boss Battle","ascension_level":1}}