{"host":"tmiksjdllv4oe9un","time":1607811384,"event":{"mods":["Act Like it!","BaseMod","BetterRewards","Card Forge","Googly Eyes","Hallownest","Minty Spire (QoL Compilation)","Quick Restart","StSLib"],"gold_per_floor":[109,109,128,128,139,172,172,198,221,231,264,277,277,417,417,514,514,528,378,288,299,316,347,347,372,372,429,895,913,944,694,694,791,791,805,805,29,29,41,41,41,41],"floor_reached":41,"playtime":2044,"items_purged":["Defend_G","Strike_G"],"score":644,"play_id":"6889c5c6-0526-4c25-8479-1f148a4ed031","local_time":"20201212171624","is_ascension_mode":false,"campfire_choices":[{"floor":7.0,"key":"REST"},{"floor":13.0,"key":"REST"},{"floor":15.0,"key":"REST"},{"floor":24.0,"key":"REST"},{"floor":32.0,"key":"REST"},{"data":"1","floor":40,"key":"LIFT"}],"circlet_count":0,"master_deck":["Strike_G","Strike_G","Strike_G","Defend_G","Defend_G","Defend_G","Survivor","Neutralize","Noxious Fumes","Wraith Form v2","Backflip+1","Crippling Poison","Escape Plan+1","Phantasmal Killer","Deadly Poison+1","Outmaneuver+1","Heel Hook+1","Envenom","Poisoned Stab+1","Footwork","Bouncing Flask+1"],"relics":["Ring of the Serpent","Hammer of Thor","Seething Fire","Anvil of the Gods","Nunchaku","Lizard Tail","Hallownest:DreamNailRelic","Bronze Scales","Centennial Puzzle","Potion Belt","HoveringKite","PreservedInsect","Hallownest:StagBellRelic1","Sundial","Darkstone Periapt","Toxic Egg 2","Dream Catcher","Hallownest:UnbreakableCardRelic","Hallownest:KingsIdolRelic","Lee\u0027s Waffle","Girya","Blood Vial"],"acts_visited":["Hallownest:Greenpath","Hallownest:CityofTears","Hallownest:KingdomsEdge"],"potions_floor_usage":[41,41,41,41,41],"damage_taken":[{"damage":1.0,"enemies":"Hallownest:monsterHuskWarrior","floor":1.0,"turns":3.0},{"damage":2.0,"enemies":"Hallownest:2_Baldur","floor":3.0,"turns":3.0},{"damage":2.0,"enemies":"Hallownest:2_MossCreeps","floor":5.0,"turns":6.0},{"damage":28.0,"enemies":"Hallownest:eliteCrystalGuardian","floor":6.0,"turns":6.0},{"damage":6.0,"enemies":"Hallownest:eliteMossKnight","floor":8.0,"turns":11.0},{"damage":15.0,"enemies":"Hallownest:Guard_and_Warrior","floor":10.0,"turns":6.0},{"damage":7.0,"enemies":"Hallownest:eliteMossKnight","floor":11.0,"turns":13.0},{"damage":7.0,"enemies":"Hallownest:MossCreep_and_Mosskin","floor":12.0,"turns":8.0},{"damage":14.0,"enemies":"Hallownest:BossFalseKnight","floor":16.0,"turns":7.0},{"damage":33.0,"enemies":"Hallownest:Guard_and_Sentry","floor":18.0,"turns":8.0},{"damage":0.0,"enemies":"Hallownest:3_Youths","floor":21.0,"turns":8.0},{"damage":6.0,"enemies":"Hallownest:2_Husk_Sentries","floor":22.0,"turns":5.0},{"damage":7.0,"enemies":"Hallownest:Nosk","floor":23.0,"turns":9.0},{"damage":39.0,"enemies":"Hallownest:eliteWatcherKnight","floor":25.0,"turns":16.0},{"damage":7.0,"enemies":"Hallownest:Glutton_and_Coward","floor":27.0,"turns":5.0},{"damage":6.0,"enemies":"Hallownest:Warrior_and_Youth","floor":29.0,"turns":5.0},{"damage":14.0,"enemies":"Hallownest:Nosk","floor":30.0,"turns":8.0},{"damage":26.0,"enemies":"Hallownest:BossGrimm","floor":33.0,"turns":8.0},{"damage":58.0,"enemies":"Hallownest:Shield_Heavy","floor":35.0,"turns":7.0},{"damage":47,"enemies":"Hallownest:3_Siblings","floor":39,"turns":10},{"damage":35,"enemies":"Hallownest:eliteCollector","floor":41,"turns":6}],"seed_played":"-614388225654646585","potions_obtained":[{"floor":5.0,"key":"Fire Potion"},{"floor":6.0,"key":"Poison Potion"},{"floor":11.0,"key":"EntropicBrew"},{"floor":12.0,"key":"EntropicBrew"},{"floor":16.0,"key":"EntropicBrew"},{"floor":21.0,"key":"Fire Potion"},{"floor":22.0,"key":"Poison Potion"},{"floor":23.0,"key":"Energy Potion"},{"floor":25.0,"key":"Block Potion"},{"floor":30.0,"key":"AttackPotion"},{"floor":39,"key":"LiquidMemories"}],"is_trial":false,"path_per_floor":["M","?","M","?","M","E","R","?","T","M","E","M","R","?","R","B",null,"M","$","?","M","M","E","R","E","T","M","?","M","E","?","R","B",null,"M","?","$","?","M","R","E"],"character_chosen":"THE_SILENT","items_purchased":["Nunchaku","PreservedInsect","Lee\u0027s Waffle","Girya","Blood Vial","Footwork"],"campfire_rested":5,"item_purchase_floors":[0,19,37,37,37,37],"current_hp_per_floor":[51,51,49,49,47,19,40,34,34,19,12,5,26,26,47,33,70,37,37,37,37,31,24,45,6,6,35,35,29,15,15,36,10,70,12,12,77,77,30,30,0,0],"gold":41,"neow_bonus":"","is_daily":false,"chose_seed":false,"campfire_upgraded":0,"win_rate":0.0,"timestamp":1607811384,"path_taken":["M","?","?","?","M","E","R","?","T","M","E","?","R","?","R","BOSS","M","$","?","M","M","E","R","E","T","?","?","?","E","?","R","BOSS","M","?","$","?","M","R","E"],"items_purchased_type":["Relic","Relic","Relic","Relic","Relic","Card"],"build_version":"2020-11-30","purchased_purges":2,"victory":false,"max_hp_per_floor":[70,70,70,70,70,70,70,70,70,70,70,70,70,70,70,70,70,70,70,70,70,70,70,70,70,70,70,70,70,70,70,70,70,70,70,70,77,77,77,77,77,77],"card_choices":[{"not_picked":["Acrobatics","Dagger Spray","Dagger Throw"],"picked":"SKIP","floor":1.0},{"not_picked":["Prepared","Flechettes","Choke"],"picked":"SKIP","floor":3.0},{"not_picked":["Underhanded Strike","Dagger Spray","Prepared"],"picked":"SKIP","floor":5.0},{"not_picked":["Dodge and Roll","Endless Agony"],"picked":"Noxious Fumes","floor":6.0},{"not_picked":["Noxious Fumes","Slice"],"picked":"Malaise","floor":8.0},{"not_picked":["Sucker Punch","Acrobatics","Dodge and Roll"],"picked":"SKIP","floor":10.0},{"not_picked":["Blade Dance","Acrobatics","All Out Attack"],"picked":"SKIP","floor":11.0},{"not_picked":["Deflect","Well Laid Plans","Outmaneuver"],"picked":"SKIP","floor":12.0},{"not_picked":["Unload","Night Terror"],"picked":"Wraith Form v2","floor":16.0},{"not_picked":["Caltrops","Quick Slash+1"],"picked":"Backflip+1","floor":18.0},{"not_picked":["Dagger Spray+1","Catalyst"],"picked":"Crippling Poison","floor":21.0},{"not_picked":["All Out Attack","Masterful Stab+1"],"picked":"Escape Plan+1","floor":22.0},{"not_picked":["Quick Slash","Backflip","Dagger Spray"],"picked":"SKIP","floor":23.0},{"not_picked":["Deadly Poison","Distraction"],"picked":"Phantasmal Killer","floor":25.0},{"not_picked":["Slice","Deflect+1"],"picked":"Deadly Poison+1","floor":27.0},{"not_picked":["Predator","Prepared+1","Eviscerate"],"picked":"SKIP","floor":29.0},{"not_picked":["Acrobatics+1","Slice"],"picked":"Outmaneuver+1","floor":30.0},{"not_picked":["Dagger Throw","Leg Sweep+1"],"picked":"Heel Hook+1","floor":32.0},{"not_picked":["Corpse Explosion+1","Malaise+1"],"picked":"Envenom","floor":33.0},{"not_picked":["Dagger Spray","All Out Attack"],"picked":"Poisoned Stab+1","floor":35.0},{"not_picked":["Caltrops","Endless Agony"],"picked":"Bouncing Flask+1","floor":39}],"player_experience":6997,"relics_obtained":[{"floor":6.0,"key":"Bronze Scales"},{"floor":8.0,"key":"Centennial Puzzle"},{"floor":9.0,"key":"Potion Belt"},{"floor":11.0,"key":"Tingsha"},{"floor":23.0,"key":"Sundial"},{"floor":25.0,"key":"Darkstone Periapt"},{"floor":26.0,"key":"Toxic Egg 2"},{"floor":30.0,"key":"Dream Catcher"}],"event_choices":[],"is_beta":false,"boss_relics":[{"not_picked":["Astrolabe","Coffee Dripper"],"picked":"HoveringKite"},{"not_picked":["Cursed Key","Busted Crown"],"picked":"Ring of the Serpent"}],"items_purged_floors":[0,37],"is_endless":false,"potions_floor_spawned":[5,6,11,12,16,21,22,23,25,30,39],"killed_by":"Hallownest:eliteCollector","ascension_level":0}}