{"host":"a1entr2f04zjuino","time":1607811694,"event":{"mods":["Act Like it!","BaseMod","BetterRewards","Conspire","Hero for Fun","Hubris","Mimic Mod","Minty Spire (QoL Compilation)","Pale of the Ancients","StSLib","The Factory","The Judge","The Servant 0.9.4","Treasure Hunter"],"gold_per_floor":[119,130,230,243,243,243,262,262,262,162,162,222,236,295,295,415,415,399,399,498,509,509,509,509],"floor_reached":23,"playtime":1753,"items_purged":[],"score":191,"play_id":"75fd361c-4ee0-466f-a345-1c4cee0d721a","local_time":"20201212232134","is_ascension_mode":false,"campfire_choices":[{"data":"Ricochet","floor":6.0,"key":"SMITH"},{"data":"Rearm","floor":8.0,"key":"SMITH"},{"floor":15.0,"key":"REST"}],"circlet_count":0,"master_deck":["Strike_S","Strike_S","Strike_S","Strike_S","Defend_S","Defend_S","Defend_S","Defend_S","KidneyShot","Exchange","ShatteredReality","Ricochet+1","GearUp+1","Rearm+1","TH:ArmorSpikes","conspire:SpireCoStock","conspire:SpireCoStock","TH:PixieDust","ShiftingGears","Contraction","Luminosity","TH:DeckOfManyThings","SoulSculpture","Desolation+1","Starlight"],"relics":["Uniform","NeowsBlessing","hubris:DeckOfHolding","Sundial","Bottled Flame","hubris:HollowSoul","hubris:Towel"],"acts_visited":[],"potions_floor_usage":[],"damage_taken":[{"damage":0.0,"enemies":"2 Louse","floor":1.0,"turns":1.0},{"damage":0.0,"enemies":"Cultist","floor":2.0,"turns":1.0},{"damage":0.0,"enemies":"Jaw Worm","floor":4.0,"turns":1.0},{"damage":0.0,"enemies":"Exordium Thugs","floor":7.0,"turns":5.0},{"damage":36.0,"enemies":"3 Sentries","floor":12.0,"turns":9.0},{"damage":0.0,"enemies":"2 Fungi Beasts","floor":13.0,"turns":2.0},{"damage":9.0,"enemies":"Blue Slaver","floor":14.0,"turns":6.0},{"damage":25.0,"enemies":"Slime Boss","floor":16.0,"turns":16.0},{"damage":22.0,"enemies":"2 Thieves","floor":18.0,"turns":5.0},{"damage":27.0,"enemies":"Chosen","floor":21.0,"turns":9.0},{"damage":0,"enemies":"conspire:SneckoGhost","floor":23,"turns":1}],"seed_played":"5731903227293013583","potions_obtained":[{"floor":2.0,"key":"SteroidPotion"},{"floor":14.0,"key":"LiquidMemories"},{"floor":16.0,"key":"AttackPotion"},{"floor":21.0,"key":"SmokeBomb"}],"is_trial":false,"path_per_floor":["M","M","?","M","?","R","M","R","T","?","T","E","M","M","R","B",null,"M","?","?","M","?","E"],"character_chosen":"THE_SERVANT","items_purchased":[],"campfire_rested":1,"item_purchase_floors":[],"current_hp_per_floor":[65,65,65,65,65,65,65,65,65,65,65,29,29,20,39,14,65,43,32,32,5,5,5,5],"gold":509,"neow_bonus":"THREE_ENEMY_KILL","is_daily":false,"chose_seed":false,"campfire_upgraded":2,"win_rate":0.0,"timestamp":1607811694,"path_taken":["M","M","?","?","?","R","?","R","T","?","?","E","M","M","R","BOSS","M","?","?","M","?","E"],"items_purchased_type":[],"build_version":"2020-11-30","purchased_purges":0,"victory":false,"max_hp_per_floor":[65,65,65,65,65,65,65,65,65,65,65,65,65,65,65,65,65,65,70,70,70,70,70,70],"card_choices":[{"not_picked":["Replace","Rewind"],"picked":"ShatteredReality","floor":1.0},{"not_picked":["DoubleEdge","ShatteredReality"],"picked":"Ricochet","floor":2.0},{"not_picked":["DoubleEdge","Defy"],"picked":"GearUp","floor":4.0},{"not_picked":["Replace","Revamp"],"picked":"Rearm","floor":7.0},{"not_picked":["TH:TreasureMap"],"picked":"TH:ArmorSpikes","floor":9.0},{"not_picked":["TH:BikiniMail"],"picked":"TH:PixieDust","floor":11.0},{"not_picked":["Rearm","WasteNot"],"picked":"ShiftingGears","floor":12.0},{"not_picked":["TH:TreasureMap","TH:EnergyPotion"],"picked":"SKIP","floor":12.0},{"not_picked":["Reset","DoubleEdge"],"picked":"Contraction","floor":13.0},{"not_picked":["Starlight","Replace"],"picked":"Luminosity","floor":14.0},{"not_picked":["TH:Mimic"],"picked":"TH:DeckOfManyThings","floor":16.0},{"not_picked":["Duplication","PendulumOfEternity"],"picked":"SoulSculpture","floor":16.0},{"not_picked":["Alleviate","ShatteredReality"],"picked":"Desolation+1","floor":18.0},{"not_picked":["BestPractice","WasteNot"],"picked":"Starlight","floor":21.0}],"player_experience":255681,"relics_obtained":[{"floor":9.0,"key":"hubris:DeckOfHolding"},{"floor":11.0,"key":"Sundial"},{"floor":12.0,"key":"Bottled Flame"}],"event_choices":[{"damage_healed":0.0,"max_hp_gain":0.0,"max_hp_loss":0.0,"gold_gain":100.0,"event_name":"Golden Shrine","player_choice":"Pray","floor":3.0,"gold_loss":0.0,"damage_taken":0.0},{"damage_healed":0.0,"max_hp_gain":0.0,"max_hp_loss":0.0,"gold_gain":0.0,"event_name":"Upgrade Shrine","player_choice":"Upgraded","floor":5.0,"gold_loss":0.0,"damage_taken":0.0,"cards_upgraded":["GearUp"]},{"damage_healed":0.0,"max_hp_gain":0.0,"max_hp_loss":0.0,"gold_gain":0.0,"event_name":"conspire:Investor","player_choice":"Invest 2","floor":10.0,"gold_loss":0.0,"damage_taken":0.0},{"damage_healed":0.0,"max_hp_gain":5.0,"max_hp_loss":0.0,"gold_gain":0.0,"event_name":"Forgotten Altar","player_choice":"Shed Blood","floor":19.0,"gold_loss":0.0,"damage_taken":16.0},{"damage_healed":0.0,"max_hp_gain":0.0,"max_hp_loss":0.0,"gold_gain":99.0,"event_name":"Nest","player_choice":"Stole From Cult","floor":20.0,"gold_loss":0.0,"damage_taken":0.0}],"is_beta":false,"boss_relics":[{"not_picked":["hubris:CrackedHourglass","conspire:RunicOctahedron"],"picked":"hubris:HollowSoul"}],"items_purged_floors":[],"is_endless":false,"potions_floor_spawned":[2,14,16,21],"killed_by":"conspire:SneckoGhost","ascension_level":0}}