{"host":"4amcrcg6ktw8dbzk","time":1607756105,"event":{"mods":["BaseMod","Dota2Spire","Minty Spire (QoL Compilation)","MostiFishMod","Robot Space Explorer","Spicy Shops","StSLib","Waifu the Spire"],"gold_per_floor":[114,129,145,70,85,85,116,116,198,225,240,240,250,261,261,363,363,374,71,71,86,99,99,134,174,174,174,202,216,274,274,274,404,404,420,320,320,320,25,51,63,122,122,122,137,153,203,213,213,243,243,243,117,181,211],"floor_reached":56,"playtime":1661,"items_purged":["Strike_B","Clumsy","Zap","Strike_B","Strike_B"],"score":2452,"play_id":"c9fdc24e-4f40-4d9c-b571-00eff5ae0fe5","local_time":"20201212145505","is_ascension_mode":true,"campfire_choices":[{"data":"Dualcast","floor":6.0,"key":"SMITH"},{"data":"Sweeping Beam","floor":8.0,"key":"SMITH"},{"data":"Blizzard","floor":15.0,"key":"SMITH"},{"data":"Chill","floor":27.0,"key":"SMITH"},{"data":"MostiFishMod:Distribution","floor":32.0,"key":"SMITH"},{"data":"Coolheaded","floor":44.0,"key":"SMITH"},{"floor":49.0,"key":"RECALL"},{"data":"Capacitor","floor":52.0,"key":"SMITH"}],"circlet_count":0,"master_deck":["Defend_B+1","Defend_B","Defend_B","Dualcast+1","MostiFishMod:IceShield","Cold Snap","Heatsinks","Cold Snap","Sweeping Beam+1","Ball Lightning","Cold Snap","Cold Snap","Chill+1","Blizzard+1","MostiFishMod:Overload","Loop","Cold Snap","Capacitor+1","Conserve Battery","Coolheaded+1","Turbo+1","Tempest+1","Skim+1","Coolheaded+1","Coolheaded+1","Loop+1","MostiFishMod:Distribution+1","Multi-Cast","Chaos+1","Panacea","Core Surge","Coolheaded+1","White Noise","Chaos+1","Capacitor","MostiFishMod:SeaWaves","Glacier","Chaos+1","Tempest"],"relics":["Cracked Core","DaveBox","Civilization","Question Card","Prayer Wheel","Toy Ornithopter","ImportantClient","RhineSuit","Ice Cream","Dota2Spire:HandOfMidas","Dota2Spire:MantaStyle","Dota2Spire:Vanguard","Nunchaku","Philosopher\u0027s Stone","PreservedInsect","Ornamental Fan","CaptainsWheel","Bag of Preparation","War Paint"],"acts_visited":["Exordium","TheCity","TheBeyond","TheEnding"],"potions_floor_usage":[55,55],"damage_taken":[{"damage":1.0,"enemies":"Cultist","floor":1.0,"turns":4.0},{"damage":6.0,"enemies":"Small Slimes","floor":2.0,"turns":3.0},{"damage":0.0,"enemies":"Jaw Worm","floor":3.0,"turns":3.0},{"damage":0.0,"enemies":"2 Fungi Beasts","floor":5.0,"turns":2.0},{"damage":0.0,"enemies":"Lagavulin","floor":7.0,"turns":5.0},{"damage":0.0,"enemies":"Gremlin Nob","floor":10.0,"turns":3.0},{"damage":0.0,"enemies":"Blue Slaver","floor":11.0,"turns":1.0},{"damage":0.0,"enemies":"Red Slaver","floor":13.0,"turns":1.0},{"damage":0.0,"enemies":"Lots of Slimes","floor":14.0,"turns":2.0},{"damage":0.0,"enemies":"The Guardian","floor":16.0,"turns":5.0},{"damage":0.0,"enemies":"Chosen","floor":18.0,"turns":1.0},{"damage":0.0,"enemies":"Spheric Guardian","floor":21.0,"turns":1.0},{"damage":0.0,"enemies":"Snecko","floor":22.0,"turns":2.0},{"damage":0.0,"enemies":"Slavers","floor":24.0,"turns":2.0},{"damage":0.0,"enemies":"Sentry and Sphere","floor":25.0,"turns":2.0},{"damage":0.0,"enemies":"Book of Stabbing","floor":28.0,"turns":2.0},{"damage":0.0,"enemies":"Snake Plant","floor":29.0,"turns":1.0},{"damage":0.0,"enemies":"Gremlin Leader","floor":30.0,"turns":1.0},{"damage":0.0,"enemies":"Champ","floor":33.0,"turns":5.0},{"damage":0.0,"enemies":"Orb Walker","floor":35.0,"turns":1.0},{"damage":0.0,"enemies":"Nemesis","floor":40.0,"turns":1.0},{"damage":0.0,"enemies":"3 Shapes","floor":41.0,"turns":2.0},{"damage":0.0,"enemies":"Reptomancer","floor":42.0,"turns":2.0},{"damage":0.0,"enemies":"Maw","floor":45.0,"turns":2.0},{"damage":0.0,"enemies":"4 Shapes","floor":46.0,"turns":2.0},{"damage":0.0,"enemies":"Jaw Worm Horde","floor":47.0,"turns":1.0},{"damage":0.0,"enemies":"Maw","floor":48.0,"turns":2.0},{"damage":0.0,"enemies":"Donu and Deca","floor":50.0,"turns":7.0},{"damage":0,"enemies":"Shield and Spear","floor":54,"turns":7},{"damage":1,"enemies":"The Heart","floor":55,"turns":6}],"seed_played":"-8343356719430209699","potions_obtained":[{"floor":7.0,"key":"GamblersBrew"},{"floor":10.0,"key":"Weak Potion"},{"floor":14.0,"key":"Energy Potion"}],"is_trial":false,"path_per_floor":["M","M","M","$","M","R","E","R","T","E","M","?","M","M","R","B",null,"M","$","?","M","M","?","E","M","T","R","E","M","E","?","R","B",null,"M","$","?","?","$","E","M","E","T","R","M","M","M","M","R","B",null,"R","$","E","B",null],"character_chosen":"DEFECT","items_purchased":["Ice Cream","Cold Snap","Capacitor","Conserve Battery","Bag of Preparation"],"campfire_rested":0,"item_purchase_floors":[19,19,19,19,53],"current_hp_per_floor":[68,65,69,69,75,75,82,82,82,90,99,99,109,124,124,140,151,168,168,168,186,205,205,227,251,251,251,276,302,331,331,331,361,363,394,394,394,394,394,426,461,500,500,500,540,584,631,679,679,729,730,730,730,782,834],"gold":211,"neow_bonus":"TRANSFORM_CARD","is_daily":false,"chose_seed":false,"campfire_upgraded":7,"win_rate":0.0,"timestamp":1607756105,"path_taken":["M","M","?","?","M","R","E","R","T","E","M","?","M","M","R","BOSS","M","$","?","M","M","?","E","M","T","R","E","M","E","?","R","BOSS","M","$","?","?","$","E","?","E","T","R","M","M","M","M","R","BOSS","R","$","E","BOSS"],"items_purchased_type":["Relic","Card","Card","Card","Relic"],"build_version":"2020-11-30","purchased_purges":5,"victory":true,"max_hp_per_floor":[76,79,83,83,89,89,96,96,96,104,113,113,123,138,138,154,154,171,171,171,189,208,208,230,254,254,254,279,305,334,334,334,364,364,395,395,395,395,395,427,462,501,501,501,541,585,632,680,680,730,730,730,730,782,835],"card_choices":[{"not_picked":["Conserve Battery","Sweeping Beam"],"picked":"Cold Snap","floor":1.0},{"not_picked":["Hello World","Beam Cell","Leap"],"picked":"Heatsinks","floor":2.0},{"not_picked":["Steam","Force Field","Rebound"],"picked":"Cold Snap","floor":3.0},{"not_picked":["MostiFishMod:GoodWordForIt","Sweeping Beam","Rebound","Turbo"],"picked":"SKIP","floor":5.0},{"not_picked":["Ball Lightning","Heatsinks","Hologram"],"picked":"Sweeping Beam","floor":7.0},{"not_picked":["Leap","Sweeping Beam","Go for the Eyes"],"picked":"Ball Lightning","floor":10.0},{"not_picked":["Auto Shields","Storm","Barrage"],"picked":"Cold Snap","floor":11.0},{"not_picked":["Hologram","Darkness","Steam Power","Aggregate"],"picked":"SKIP","floor":11.0},{"not_picked":["MostiFishMod:ReprogramOld","Melter","BootSequence"],"picked":"Cold Snap","floor":13.0},{"not_picked":["Gash","Hologram","Heatsinks"],"picked":"Chill","floor":13.0},{"not_picked":["Defragment","Go for the Eyes","Sweeping Beam"],"picked":"Blizzard","floor":14.0},{"not_picked":["Beam Cell","Go for the Eyes","Hologram","MostiFishMod:FourSeasons"],"picked":"SKIP","floor":14.0},{"not_picked":["MostiFishMod:TalkingToTheRain","MostiFishMod:ATRI","MostiFishMod:FourSeasons"],"picked":"MostiFishMod:Overload","floor":16.0},{"not_picked":["Stack+1","Storm","Scrape"],"picked":"Loop","floor":18.0},{"not_picked":["Melter","Redo","Beam Cell","Doom and Gloom+1"],"picked":"SKIP","floor":18.0},{"not_picked":["Redo","Steam+1","Glacier"],"picked":"Coolheaded+1","floor":21.0},{"not_picked":["Leap","Doom and Gloom+1","Hello World","Beam Cell+1"],"picked":"SKIP","floor":21.0},{"not_picked":["Reprogram+1","Undo","Double Energy+1"],"picked":"Turbo","floor":22.0},{"not_picked":["Cold Snap+1","Steam","Heatsinks"],"picked":"Tempest+1","floor":22.0},{"not_picked":["Barrage","MostiFishMod:FourSeasons","Static Discharge","Conserve Battery+1"],"picked":"SKIP","floor":24.0},{"not_picked":["Rebound","Darkness","Reprogram"],"picked":"Skim+1","floor":25.0},{"not_picked":["Compile Driver","Leap","Aggregate+1"],"picked":"Coolheaded","floor":25.0},{"not_picked":["Blizzard","Leap","FTL"],"picked":"Coolheaded+1","floor":28.0},{"not_picked":["Conserve Battery","Leap","Aggregate","Coolheaded"],"picked":"SKIP","floor":29.0},{"not_picked":["Turbo","Compile Driver+1","Streamline+1","Ball Lightning"],"picked":"SKIP","floor":29.0},{"not_picked":["Gash","Darkness+1","Stack"],"picked":"Loop+1","floor":30.0},{"not_picked":["MostiFishMod:InterfaceCompatibility","MostiFishMod:Culaccino","MostiFishMod:LinkProtocol"],"picked":"Multi-Cast","floor":33.0},{"not_picked":["Steam+1","Genetic Algorithm+1","BootSequence"],"picked":"Chaos","floor":35.0},{"not_picked":["Hello World+1","Stack","Melter","Barrage+1"],"picked":"SKIP","floor":35.0},{"not_picked":["Jack Of All Trades","Impatience","MostiFishMod:FantasySummer"],"picked":"Panacea","floor":37.0},{"not_picked":["Amplify","Doom and Gloom","Hologram"],"picked":"Core Surge","floor":40.0},{"not_picked":["Heatsinks+1","Sweeping Beam","Beam Cell+1"],"picked":"Coolheaded+1","floor":41.0},{"not_picked":["Beam Cell","Conserve Battery","Static Discharge+1"],"picked":"White Noise","floor":41.0},{"not_picked":["Lockon","Ball Lightning","Hello World"],"picked":"Chaos+1","floor":42.0},{"not_picked":["Chaos+1","Hello World+1","Doom and Gloom"],"picked":"Capacitor","floor":45.0},{"not_picked":["Darkness","Streamline+1","Redo+1"],"picked":"MostiFishMod:SeaWaves","floor":45.0},{"not_picked":["Stack+1","Doom and Gloom","Hologram","Cold Snap+1"],"picked":"SKIP","floor":46.0},{"not_picked":["Melter+1","Beam Cell","Stack","Streamline+1"],"picked":"SKIP","floor":46.0},{"not_picked":["Steam","Gash+1","Steam Power"],"picked":"Glacier","floor":47.0},{"not_picked":["BootSequence","MostiFishMod:ReprogramOld","Ball Lightning+1","Capacitor+1"],"picked":"SKIP","floor":47.0},{"not_picked":["MostiFishMod:GoodWordForIt","Turbo","Compile Driver"],"picked":"Chaos+1","floor":48.0},{"not_picked":["Barrage","Redo+1","Turbo","Leap+1"],"picked":"SKIP","floor":48.0},{"not_picked":["Darkness","Rebound+1","Melter"],"picked":"Tempest","floor":54}],"player_experience":235935,"relics_obtained":[{"floor":1.0,"key":"Question Card"},{"floor":7.0,"key":"Prayer Wheel"},{"floor":10.0,"key":"Toy Ornithopter"},{"floor":16.0,"key":"ImportantClient"},{"floor":24.0,"key":"Dota2Spire:HandOfMidas"},{"floor":26.0,"key":"Dota2Spire:MantaStyle"},{"floor":28.0,"key":"Dota2Spire:Vanguard"},{"floor":30.0,"key":"Nunchaku"},{"floor":40.0,"key":"PreservedInsect"},{"floor":42.0,"key":"Ornamental Fan"},{"floor":43.0,"key":"CaptainsWheel"},{"floor":54,"key":"War Paint"}],"event_choices":[{"damage_healed":0.0,"max_hp_gain":0.0,"max_hp_loss":0.0,"gold_gain":0.0,"event_name":"Liars Game","player_choice":"Ignored","floor":12.0,"gold_loss":0.0,"damage_taken":0.0},{"cards_removed":["Defend_B"],"damage_healed":0.0,"max_hp_gain":0.0,"max_hp_loss":0.0,"gold_gain":0.0,"event_name":"Back to Basics","player_choice":"Elegance","floor":23.0,"gold_loss":0.0,"damage_taken":0.0},{"damage_healed":0.0,"max_hp_gain":0.0,"max_hp_loss":0.0,"gold_gain":0.0,"event_name":"The Library","player_choice":"Read","floor":31.0,"gold_loss":0.0,"damage_taken":0.0,"cards_obtained":["MostiFishMod:Distribution"]},{"damage_healed":0.0,"max_hp_gain":0.0,"max_hp_loss":0.0,"gold_gain":0.0,"event_name":"SensoryStone","player_choice":"Memory 1","floor":37.0,"gold_loss":0.0,"damage_taken":0.0},{"damage_healed":0.0,"max_hp_gain":0.0,"max_hp_loss":0.0,"gold_gain":0.0,"event_name":"Accursed Blacksmith","player_choice":"Forge","floor":38.0,"gold_loss":0.0,"damage_taken":0.0,"cards_upgraded":["Chaos"]}],"is_beta":false,"boss_relics":[{"not_picked":["Sozu","Ectoplasm"],"picked":"RhineSuit"},{"not_picked":["Nuclear Battery","HaiYi:Twilight"],"picked":"Philosopher\u0027s Stone"}],"items_purged_floors":[4,19,36,39,39],"is_endless":false,"potions_floor_spawned":[7,10,14,16,22,24,25,40,41,42,46,54],"ascension_level":9}}