{"host":"qyjrmrr57odine7m","time":1607808601,"event":{"mods":["AchievementEnabler","BaseMod","Bestiary","Block Reminder","Card Forge","Highlight Path","Minty Spire (QoL Compilation)","StSLib"],"gold_per_floor":[114,131,147,147,167,192,45,55,55,70,70,104,118,135,135,231,231,243,243,243,342,342,342,359,359,359,373,389,415,415,443,443,544,544,560,560,560,576,473,473,506,520,520,530,530,530,197,197,197,197],"floor_reached":51,"playtime":1459,"items_purged":[],"score":902,"play_id":"54b85e3f-a3dd-48dc-954b-595aebd2a23e","local_time":"20201212213001","is_ascension_mode":false,"campfire_choices":[{"floor":15,"key":"RECALL"},{"floor":23,"key":"REST"},{"floor":25,"key":"REST"},{"floor":32,"key":"DIG"},{"floor":40,"key":"DIG"},{"floor":45,"key":"DIG"},{"floor":49,"key":"DIG"}],"circlet_count":0,"master_deck":["Bash+1","Fire Breathing+1","Rampage+1","Reckless Charge+1","Power Through+1","Shrug It Off+1","Wild Strike+1","Evolve+1","Sword Boomerang+1","Power Through+1","Wild Strike+1","Fire Breathing+1","Feel No Pain+1","Shrug It Off+1"],"relics":["Burning Blood","Hammer of Thor","Seething Fire","Anvil of the Gods","Vajra","Juzu Bracelet","Oddly Smooth Stone","Incense Burner","Mercury Hourglass","Ice Cream","Black Star","Darkstone Periapt","Shovel","Bottled Flame","War Paint","Paper Frog","Pear","Red Skull","Du-Vu Doll","Coffee Dripper","HornCleat","Centennial Puzzle","MealTicket","Meat on the Bone","Blue Candle","Bottled Lightning","Nunchaku"],"acts_visited":["Exordium","TheCity","TheBeyond"],"potions_floor_usage":[1,5,16,16,27,31,41,50],"damage_taken":[{"damage":2,"enemies":"Small Slimes","floor":1,"turns":2},{"damage":0,"enemies":"Cultist","floor":2,"turns":3},{"damage":0,"enemies":"2 Louse","floor":3,"turns":3},{"damage":0,"enemies":"Exordium Wildlife","floor":5,"turns":2},{"damage":9,"enemies":"3 Sentries","floor":6,"turns":4},{"damage":0,"enemies":"3 Louse","floor":8,"turns":3},{"damage":0,"enemies":"2 Fungi Beasts","floor":10,"turns":3},{"damage":6,"enemies":"Gremlin Nob","floor":12,"turns":3},{"damage":12,"enemies":"Blue Slaver","floor":13,"turns":3},{"damage":39,"enemies":"Gremlin Gang","floor":14,"turns":5},{"damage":6,"enemies":"Hexaghost","floor":16,"turns":6},{"damage":0,"enemies":"Chosen","floor":18,"turns":3},{"damage":0,"enemies":"Shell Parasite","floor":24,"turns":4},{"damage":0,"enemies":"Snecko","floor":27,"turns":5},{"damage":21,"enemies":"Snake Plant","floor":28,"turns":4},{"damage":9,"enemies":"Book of Stabbing","floor":29,"turns":4},{"damage":0,"enemies":"Slavers","floor":31,"turns":4},{"damage":2,"enemies":"Collector","floor":33,"turns":5},{"damage":0,"enemies":"3 Shapes","floor":35,"turns":3},{"damage":6,"enemies":"3 Darklings","floor":38,"turns":3},{"damage":0,"enemies":"Reptomancer","floor":41,"turns":3},{"damage":12,"enemies":"Writhing Mass","floor":42,"turns":3},{"damage":17,"enemies":"Spire Growth","floor":44,"turns":4},{"damage":17,"enemies":"Time Eater","floor":50,"turns":6}],"seed_played":"7518467766405911709","potions_obtained":[{"floor":1,"key":"Fruit Juice"},{"floor":3,"key":"FearPotion"},{"floor":4,"key":"Energy Potion"},{"floor":4,"key":"Swift Potion"},{"floor":12,"key":"ColorlessPotion"},{"floor":16,"key":"LiquidMemories"},{"floor":18,"key":"AttackPotion"},{"floor":28,"key":"Weak Potion"},{"floor":35,"key":"SpeedPotion"},{"floor":38,"key":"Swift Potion"}],"is_trial":false,"path_per_floor":["M","M","M","?","M","E","$","M","T","M","?","E","M","M","R","B",null,"M","?","?","?","?","R","M","R","T","M","M","E","?","E","R","B",null,"M","?","?","M","$","R","E","M","T","M","R","?","$","?","R","B",null],"character_chosen":"IRONCLAD","items_purchased":["Oddly Smooth Stone","HeartOfIron","Bottled Lightning","Feel No Pain","Shrug It Off"],"campfire_rested":2,"item_purchase_floors":[7,39,47,47,47],"current_hp_per_floor":[85,85,85,85,85,82,82,85,85,85,85,85,79,46,46,46,85,85,85,91,91,91,91,91,91,91,91,76,73,73,89,89,93,101,101,101,101,101,101,101,101,95,95,84,84,84,99,99,99,88],"gold":197,"neow_bonus":"RANDOM_COMMON_RELIC","is_daily":false,"chose_seed":false,"campfire_upgraded":0,"win_rate":0.0,"timestamp":1607808601,"path_taken":["M","M","M","?","?","E","$","M","T","M","?","E","M","M","R","BOSS","M","?","?","?","?","R","M","R","T","M","M","E","?","E","R","BOSS","M","?","?","M","$","R","E","M","T","M","R","?","$","?","R","BOSS"],"items_purchased_type":["Relic","Potion","Relic","Card","Card"],"build_version":"2020-11-30","purchased_purges":0,"victory":true,"max_hp_per_floor":[85,85,85,85,85,85,85,85,85,85,85,85,85,85,85,85,85,85,85,91,91,91,91,91,91,91,91,91,91,91,101,101,101,101,101,101,101,101,101,101,101,101,101,101,101,101,101,101,101,101],"card_choices":[{"not_picked":["Perfected Strike","Entrench"],"picked":"Fire Breathing","floor":1},{"not_picked":["Anger","Perfected Strike","Battle Trance"],"picked":"SKIP","floor":2},{"not_picked":["Shrug It Off","Flex"],"picked":"Rampage","floor":3},{"not_picked":["Thunderclap","Sword Boomerang"],"picked":"Reckless Charge","floor":5},{"not_picked":["Havoc","Blood for Blood"],"picked":"Power Through","floor":6},{"not_picked":["Twin Strike","Warcry","Double Tap"],"picked":"SKIP","floor":8},{"not_picked":["Clash","Searing Blow","Infernal Blade"],"picked":"SKIP","floor":10},{"not_picked":["Sever Soul","Iron Wave"],"picked":"Shrug It Off","floor":12},{"not_picked":["Dual Wield","Warcry","Iron Wave"],"picked":"SKIP","floor":13},{"not_picked":["Pommel Strike","Headbutt"],"picked":"Wild Strike","floor":14},{"not_picked":["Hemokinesis","Heavy Blade+1","True Grit"],"picked":"SKIP","floor":18},{"not_picked":["Sentinel+1","Clothesline+1"],"picked":"Sword Boomerang","floor":24},{"not_picked":["Perfected Strike+1","Shrug It Off"],"picked":"Power Through+1","floor":27},{"not_picked":["Brutality","Dropkick"],"picked":"Wild Strike","floor":28},{"not_picked":["Hemokinesis","Thunderclap+1"],"picked":"Fire Breathing","floor":29},{"not_picked":["Hemokinesis+1","Body Slam+1","Clash"],"picked":"SKIP","floor":31},{"not_picked":["Thunderclap","Iron Wave","Clothesline"],"picked":"SKIP","floor":35},{"not_picked":["Sword Boomerang","Headbutt+1","Iron Wave+1"],"picked":"SKIP","floor":38},{"not_picked":["Bludgeon","Clash","Dropkick+1"],"picked":"SKIP","floor":41},{"not_picked":["Heavy Blade+1","Intimidate","Clothesline+1"],"picked":"SKIP","floor":42},{"not_picked":["True Grit","Spot Weakness+1","Battle Trance+1"],"picked":"SKIP","floor":44}],"player_experience":1140692,"relics_obtained":[{"floor":6,"key":"Juzu Bracelet"},{"floor":9,"key":"Incense Burner"},{"floor":12,"key":"Ice Cream"},{"floor":26,"key":"Shovel"},{"floor":29,"key":"Bottled Flame"},{"floor":29,"key":"War Paint"},{"floor":31,"key":"Pear"},{"floor":31,"key":"Red Skull"},{"floor":32,"key":"Du-Vu Doll"},{"floor":40,"key":"HornCleat"},{"floor":41,"key":"Centennial Puzzle"},{"floor":41,"key":"MealTicket"},{"floor":43,"key":"Meat on the Bone"},{"floor":45,"key":"Blue Candle"},{"floor":49,"key":"Nunchaku"}],"event_choices":[{"damage_healed":0,"gold_gain":0,"player_choice":"Got Potions","damage_taken":0,"max_hp_gain":0,"max_hp_loss":0,"event_name":"Lab","floor":4,"gold_loss":0},{"damage_healed":0,"gold_gain":0,"player_choice":"Box","damage_taken":0,"relics_obtained":["Mercury Hourglass"],"max_hp_gain":0,"max_hp_loss":0,"event_name":"Big Fish","floor":11,"gold_loss":0,"cards_obtained":["Regret"]},{"damage_healed":0,"gold_gain":0,"player_choice":"Ignored","damage_taken":0,"max_hp_gain":0,"max_hp_loss":0,"event_name":"Vampires","floor":19,"gold_loss":0},{"damage_healed":0,"gold_gain":0,"player_choice":"Stole Relic","damage_taken":0,"relics_obtained":["Darkstone Periapt"],"max_hp_gain":0,"max_hp_loss":0,"event_name":"Addict","floor":20,"gold_loss":0,"cards_obtained":["Shame"]},{"damage_healed":0,"gold_gain":99,"player_choice":"Stole From Cult","damage_taken":0,"max_hp_gain":0,"max_hp_loss":0,"event_name":"Nest","floor":21,"gold_loss":0},{"damage_healed":0,"gold_gain":0,"player_choice":"Ignored","damage_taken":0,"max_hp_gain":0,"max_hp_loss":0,"event_name":"Cursed Tome","floor":22,"gold_loss":0},{"damage_healed":0,"gold_gain":0,"player_choice":"Gave Potion","damage_taken":0,"relics_obtained":["Paper Frog"],"max_hp_gain":0,"max_hp_loss":0,"event_name":"WeMeetAgain","floor":30,"gold_loss":0},{"damage_healed":0,"gold_gain":0,"player_choice":"Ignored","damage_taken":0,"max_hp_gain":0,"max_hp_loss":0,"event_name":"Tomb of Lord Red Mask","floor":36,"gold_loss":0},{"damage_healed":0,"gold_gain":0,"player_choice":"Ignored","damage_taken":0,"max_hp_gain":0,"max_hp_loss":0,"event_name":"Upgrade Shrine","floor":37,"gold_loss":0},{"damage_healed":0,"gold_gain":0,"player_choice":"Memory 1","damage_taken":0,"max_hp_gain":0,"max_hp_loss":0,"event_name":"SensoryStone","floor":46,"gold_loss":0},{"damage_healed":0,"gold_gain":0,"player_choice":"Ignored","damage_taken":0,"max_hp_gain":0,"max_hp_loss":0,"event_name":"Mysterious Sphere","floor":48,"gold_loss":0}],"is_beta":false,"boss_relics":[{"not_picked":["Runic Dome","Runic Pyramid"],"picked":"Black Star"},{"not_picked":["Tiny House","Astrolabe"],"picked":"Coffee Dripper"}],"items_purged_floors":[],"is_endless":false,"potions_floor_spawned":[1,3,12,13,16,18,28,29,35,38],"ascension_level":0}}