{"host":"4axoa1rfjgnprp9l","time":1607749424,"event":{"mods":["2.2 Compatiblity","AchievementEnabler","BaseMod","Colored Map","DeckTracker","Highlight Path","Minty Spire (QoL Compilation)","Permanent Neow","StSLib","SuperFastMode"],"gold_per_floor":[211,56,71,71,85,118,118,43,43,43,61,79,29,47,47,142,142,165,165,181,13,29,29,63,81,81,106,106,126,48,72,72,72,72],"floor_reached":33,"playtime":1231,"items_purged":["Strike_B"],"score":542,"play_id":"5a672f8c-ec42-4537-bec3-f788381e5ef7","local_time":"20201212140344","is_ascension_mode":true,"campfire_choices":[{"data":"Streamline","floor":7.0,"key":"SMITH"},{"data":"Dualcast","floor":10.0,"key":"SMITH"},{"data":"Zap","floor":15.0,"key":"SMITH"},{"data":"Defragment","floor":23.0,"key":"SMITH"},{"floor":28.0,"key":"REST"},{"floor":32.0,"key":"REST"}],"circlet_count":0,"master_deck":["AscendersBane","Strike_B","Strike_B","Defend_B","Defend_B","Defend_B","Defend_B","Zap+1","Dualcast+1","Sweeping Beam","Ball Lightning","Defragment+1","Streamline+1","Reinforced Body","Consume","Undo","Conserve Battery","Echo Form","Skim","Hologram","Auto Shields"],"relics":["FrozenCore","Golden Idol","Ornamental Fan","Calipers","Mango","Anchor","Blue Candle","MealTicket"],"acts_visited":["TheCity"],"potions_floor_usage":[],"damage_taken":[{"damage":1.0,"enemies":"Cultist","floor":1.0,"turns":3.0},{"damage":0.0,"enemies":"Jaw Worm","floor":3.0,"turns":3.0},{"damage":0.0,"enemies":"Small Slimes","floor":5.0,"turns":2.0},{"damage":8.0,"enemies":"Gremlin Nob","floor":6.0,"turns":3.0},{"damage":0.0,"enemies":"Gremlin Gang","floor":11.0,"turns":2.0},{"damage":9.0,"enemies":"Lots of Slimes","floor":12.0,"turns":4.0},{"damage":2.0,"enemies":"Red Slaver","floor":14.0,"turns":4.0},{"damage":2.0,"enemies":"The Guardian","floor":16.0,"turns":13.0},{"damage":8.0,"enemies":"Chosen","floor":18.0,"turns":6.0},{"damage":14.0,"enemies":"Spheric Guardian","floor":20.0,"turns":5.0},{"damage":6.0,"enemies":"Chosen and Byrds","floor":22.0,"turns":7.0},{"damage":38.0,"enemies":"Slavers","floor":24.0,"turns":6.0},{"damage":0.0,"enemies":"Centurion and Healer","floor":25.0,"turns":6.0},{"damage":4.0,"enemies":"Snake Plant","floor":27.0,"turns":7.0},{"damage":19.0,"enemies":"3 Cultists","floor":29.0,"turns":7.0},{"damage":15.0,"enemies":"Centurion and Healer","floor":31.0,"turns":9.0},{"damage":50,"enemies":"Automaton","floor":33,"turns":6}],"seed_played":"2418047278876287979","potions_obtained":[{"floor":1.0,"key":"Block Potion"},{"floor":12.0,"key":"Ancient Potion"},{"floor":16.0,"key":"EssenceOfDarkness"},{"floor":22.0,"key":"Strength Potion"},{"floor":25.0,"key":"FocusPotion"}],"is_trial":false,"path_per_floor":["M","$","M","?","M","E","R","?","T","R","M","M","$","M","R","B",null,"M","?","M","$","M","R","E","M","T","M","R","M","$","M","R","B"],"character_chosen":"DEFECT","items_purchased":["Ball Lightning","PowerPotion","Conserve Battery","Anchor","Auto Shields"],"campfire_rested":2,"item_purchase_floors":[2,2,13,21,30],"current_hp_per_floor":[63,63,63,63,63,55,55,55,55,55,55,46,46,44,44,42,59,51,65,51,51,45,45,7,7,7,3,26,7,22,7,30,0,0],"gold":72,"neow_bonus":"HUNDRED_GOLD","is_daily":false,"chose_seed":false,"campfire_upgraded":4,"win_rate":0.0,"timestamp":1607749424,"path_taken":["M","$","M","?","M","E","R","?","T","R","?","M","?","M","R","BOSS","M","?","?","$","M","R","E","?","T","M","R","?","?","M","R","BOSS"],"items_purchased_type":["Card","Potion","Card","Relic","Card"],"build_version":"2020-11-30","purchased_purges":1,"victory":false,"max_hp_per_floor":[71,71,71,64,64,64,64,64,64,64,64,64,64,64,64,64,64,64,78,78,78,78,78,78,78,78,78,78,78,78,78,78,78,78],"card_choices":[{"not_picked":["Hologram","Stack"],"picked":"Sweeping Beam","floor":1.0},{"not_picked":["Streamline","Undo"],"picked":"Defragment","floor":3.0},{"not_picked":["Rebound","Ball Lightning"],"picked":"Streamline","floor":5.0},{"not_picked":["Gash","Aggregate"],"picked":"Reinforced Body","floor":6.0},{"not_picked":["Turbo","Thunder Strike"],"picked":"Consume","floor":11.0},{"not_picked":["Storm","Barrage"],"picked":"Undo","floor":12.0},{"not_picked":["Rip and Tear","Recycle","Conserve Battery"],"picked":"SKIP","floor":14.0},{"not_picked":["Fission","Thunder Strike"],"picked":"Echo Form","floor":16.0},{"not_picked":["Darkness","Turbo"],"picked":"Skim","floor":18.0},{"not_picked":["Loop","Beam Cell"],"picked":"Hologram","floor":20.0},{"not_picked":["Darkness","Streamline","Leap"],"picked":"SKIP","floor":22.0},{"not_picked":["Steam","Hologram","Lockon"],"picked":"SKIP","floor":24.0},{"not_picked":["Chaos","Conserve Battery","Sweeping Beam"],"picked":"SKIP","floor":25.0},{"not_picked":["Echo Form","Melter","Hologram"],"picked":"SKIP","floor":27.0},{"not_picked":["Undo","Steam","Static Discharge"],"picked":"SKIP","floor":29.0},{"not_picked":["Steam Power","Compile Driver","Beam Cell"],"picked":"SKIP","floor":31.0}],"player_experience":730475,"relics_obtained":[{"floor":6.0,"key":"Ornamental Fan"},{"floor":9.0,"key":"Calipers"},{"floor":24.0,"key":"Blue Candle"},{"floor":26.0,"key":"MealTicket"}],"event_choices":[{"damage_healed":0.0,"max_hp_gain":0.0,"max_hp_loss":7.0,"gold_gain":0.0,"event_name":"Golden Idol","player_choice":"Lose Max HP","floor":4.0,"gold_loss":0.0,"damage_taken":0.0,"relics_obtained":["Golden Idol"]},{"cards_removed":["Strike_B"],"damage_healed":0.0,"max_hp_gain":0.0,"max_hp_loss":0.0,"gold_gain":0.0,"event_name":"The Cleric","player_choice":"Card Removal","floor":8.0,"gold_loss":75.0,"damage_taken":0.0},{"damage_healed":0.0,"max_hp_gain":0.0,"max_hp_loss":0.0,"gold_gain":0.0,"event_name":"WeMeetAgain","player_choice":"Gave Potion","floor":19.0,"gold_loss":0.0,"damage_taken":0.0,"relics_obtained":["Mango"]}],"is_beta":false,"boss_relics":[{"not_picked":["Nuclear Battery","Calling Bell"],"picked":"FrozenCore"}],"items_purged_floors":[2],"is_endless":false,"potions_floor_spawned":[1,3,5,12,16,18,22,25],"killed_by":"Automaton","ascension_level":20}}