{"host":"ebguxldc2ucorva7","time":1607807479,"event":{"mods":["AchievementEnabler","BaseMod","Best Route Mod","Bestiary","Better Note","Better Third Choice","Better-Laid Plans","Colored Map","Colored Powertips","Energized Spire","Minty Spire (QoL Compilation)","Permanent Neow","Quick Restart","Rare Cards Sparkle","Relic Stats","Replay The Spire","Shop Mod","StSLib","Synergy Search"],"gold_per_floor":[110,127,202,217,70,70,70,80,80,80,80,96,96,96],"floor_reached":13,"playtime":256,"items_purged":["Strike_B"],"score":79,"play_id":"d14cdc78-884c-4bb3-a3a0-da83e724f032","local_time":"20201212141119","is_ascension_mode":true,"campfire_choices":[{"data":"Dualcast","floor":6,"key":"SMITH"}],"circlet_count":0,"master_deck":["Strike_B","Strike_B","Strike_B+1","Defend_B","Defend_B","Defend_B","Defend_B","Lockon","Storm+1","Hello World","Aggregate","Vigilance+1","Eruption+1","Beam Cell"],"relics":["Cracked Core","Smiling Mask","Happy Flower","Divine Protection"],"acts_visited":["Exordium"],"potions_floor_usage":[],"damage_taken":[{"damage":5,"enemies":"Small Slimes","floor":1,"turns":3},{"damage":11,"enemies":"Jaw Worm","floor":2,"turns":2},{"damage":2,"enemies":"2 Louse","floor":4,"turns":2},{"damage":4,"enemies":"Exordium Wildlife","floor":8,"turns":4},{"damage":0,"enemies":"Blue Slaver","floor":12,"turns":3},{"damage":11,"enemies":"Gremlin Nob","floor":13,"turns":3}],"seed_played":"6440112709328259464","potions_obtained":[{"floor":1,"key":"Energy Potion"}],"is_trial":false,"path_per_floor":["M","M","?","M","$","R","?","M","T","?","?","M","E"],"character_chosen":"DEFECT","items_purchased":["Hello World"],"campfire_rested":0,"item_purchase_floors":[5],"current_hp_per_floor":[70,59,48,46,46,46,31,27,27,27,4,4,0,0],"gold":96,"neow_bonus":"RANDOM_EVENT","is_daily":false,"chose_seed":false,"campfire_upgraded":1,"win_rate":0.0,"timestamp":1607807479,"path_taken":["M","M","?","M","$","R","?","M","T","?","?","?","E"],"items_purchased_type":["Card"],"build_version":"2020-11-30","purchased_purges":1,"victory":false,"max_hp_per_floor":[75,75,75,75,75,75,75,75,75,75,75,75,75,75],"relic_stats":{"Happy Flower":[2],"counters":[6,17],"Smiling Mask":0,"obtain_stats":[{"Divine Protection":11,"Happy Flower":11,"Cracked Core":0,"Smiling Mask":9},{"Divine Protection":4,"Happy Flower":4,"Cracked Core":0,"Smiling Mask":4},{"Divine Protection":11,"Happy Flower":11,"Cracked Core":0,"Smiling Mask":11}]},"card_choices":[{"not_picked":["ReplayTheSpireMod:System Scan","ReplayTheSpireMod:Calculation Training"],"picked":"Lockon","floor":1},{"not_picked":["Conserve Battery","Time Bomb"],"picked":"Storm","floor":2},{"not_picked":["Stack","ReplayTheSpireMod:Repulse","Steam"],"picked":"SKIP","floor":4},{"not_picked":["Leap","Steam"],"picked":"Aggregate","floor":8},{"not_picked":["Stack","ReplaySort"],"picked":"Beam Cell","floor":12}],"player_experience":99337,"relics_obtained":[{"floor":9,"key":"Smiling Mask"}],"event_choices":[{"damage_healed":0,"gold_gain":0,"player_choice":"Grow","damage_taken":0,"max_hp_gain":0,"max_hp_loss":0,"event_name":"Living Wall","floor":0,"gold_loss":0,"cards_upgraded":["Zap"]},{"damage_healed":0,"gold_gain":75,"player_choice":"Gold","damage_taken":11,"max_hp_gain":0,"max_hp_loss":0,"event_name":"betterThird:BetterGoop","floor":3,"gold_loss":0},{"damage_healed":46,"gold_gain":0,"player_choice":"Upgrade","damage_taken":15,"max_hp_gain":0,"max_hp_loss":75,"event_name":"betterThird:BetterShining","floor":7,"gold_loss":0,"cards_upgraded":["Strike_B","Storm"]},{"damage_healed":0,"gold_gain":1,"player_choice":"Relic Relic ","damage_taken":23,"max_hp_gain":0,"max_hp_loss":0,"event_name":"betterThird:BetterScrap","floor":11,"gold_loss":0,"cards_obtained":["Replay:Vibes"]}],"is_beta":false,"boss_relics":[],"items_purged_floors":[5],"is_endless":false,"potions_floor_spawned":[1],"killed_by":"Gremlin Nob","ascension_level":1}}