{"host":"dij4iqdhjit0agg1","time":1607757357,"event":{"mods":["Act Like it!","BaseMod","Better Note","Colored Powertips","Minty Spire (QoL Compilation)","Permanent Neow","Rare Cards Sparkle","StSLib","The Servant 0.9.4"],"gold_per_floor":[112,130,130,130,149,149,176,176,176,176,176,227,227,237,237,338,338,355,335,354,195,215,215,215,215,215,215,234,284,304,321,321,321,321],"floor_reached":33,"playtime":1609,"items_purged":["Strike_R"],"score":245,"play_id":"d663423a-2e80-4f45-b8b6-c5a883341410","local_time":"20201212081557","is_ascension_mode":false,"campfire_choices":[{"data":"Flex","floor":6,"key":"SMITH"},{"data":"Berserk","floor":8,"key":"SMITH"},{"data":"Sword Boomerang","floor":10,"key":"SMITH"},{"data":"Defend_R","floor":13,"key":"SMITH"},{"data":"Defend_R","floor":15,"key":"SMITH"},{"floor":23,"key":"REST"},{"data":"Heavy Blade","floor":25,"key":"SMITH"},{"data":"Bandage Up","floor":27,"key":"SMITH"},{"floor":32,"key":"REST"}],"circlet_count":0,"master_deck":["Strike_R","Strike_R","Strike_R+1","Defend_R+1","Defend_R+1","Defend_R+1","Defend_R+1","Bash+1","Sword Boomerang+1","Flex+1","Berserk+1","Juggernaut","Heavy Blade+1","Bandage Up+1","Combust","Metallicize"],"relics":["Burning Blood","Regal Pillow","Darkstone Periapt","Boot","Letter Opener","War Paint","SlaversCollar","Question Card"],"acts_visited":["Exordium","TheCity"],"potions_floor_usage":[7,28,30,31,33],"damage_taken":[{"damage":3,"enemies":"Jaw Worm","floor":1,"turns":4},{"damage":3,"enemies":"Small Slimes","floor":2,"turns":3},{"damage":1,"enemies":"Cultist","floor":5,"turns":3},{"damage":20,"enemies":"Gremlin Nob","floor":7,"turns":4},{"damage":12,"enemies":"Exordium Thugs","floor":14,"turns":3},{"damage":28,"enemies":"The Guardian","floor":16,"turns":8},{"damage":21,"enemies":"Chosen","floor":18,"turns":5},{"damage":23,"enemies":"Spheric Guardian","floor":20,"turns":4},{"damage":36,"enemies":"Snake Plant","floor":22,"turns":5},{"damage":38,"enemies":"3 Cultists","floor":28,"turns":5},{"damage":20,"enemies":"Cultist and Chosen","floor":30,"turns":5},{"damage":27,"enemies":"Chosen and Byrds","floor":31,"turns":5},{"damage":57,"enemies":"Collector","floor":33,"turns":5}],"seed_played":"5120742495789891724","potions_obtained":[{"floor":5,"key":"Strength Potion"},{"floor":16,"key":"GamblersBrew"},{"floor":18,"key":"EssenceOfSteel"},{"floor":19,"key":"Ancient Potion"},{"floor":30,"key":"SkillPotion"},{"floor":31,"key":"Dexterity Potion"}],"is_trial":false,"path_per_floor":["M","M","?","T","M","R","E","R","T","R","?","T","R","M","R","B",null,"M","?","M","$","M","R","?","R","T","R","M","?","M","M","R","B"],"character_chosen":"IRONCLAD","items_purchased":["Bandage Up"],"campfire_rested":2,"item_purchase_floors":[21],"current_hp_per_floor":[80,80,64,64,69,69,55,55,55,55,80,80,80,74,74,52,80,65,65,48,48,22,61,61,61,61,61,35,35,27,12,51,0,0],"gold":321,"neow_bonus":"RANDOM_COMMON_RELIC","is_daily":false,"chose_seed":false,"campfire_upgraded":7,"win_rate":0.0,"timestamp":1607757357,"path_taken":["M","M","?","?","?","R","E","R","T","R","?","?","R","?","R","BOSS","M","?","M","$","M","R","?","R","T","R","M","?","M","M","R","BOSS"],"items_purchased_type":["Card"],"build_version":"2020-11-30","purchased_purges":1,"victory":false,"max_hp_per_floor":[80,80,80,80,80,80,80,80,80,80,80,80,80,80,80,80,80,80,80,80,80,80,80,80,80,80,80,80,80,80,80,80,80,80],"card_choices":[{"not_picked":["Headbutt","Anger"],"picked":"Sword Boomerang","floor":1},{"not_picked":["Searing Blow","Havoc","True Grit"],"picked":"SKIP","floor":2},{"not_picked":["Thunderclap","Havoc"],"picked":"Flex","floor":5},{"not_picked":["Anger","Dark Embrace"],"picked":"Berserk","floor":7},{"not_picked":["Reckless Charge","Rampage","Entrench"],"picked":"SKIP","floor":14},{"not_picked":["Berserk","Exhume"],"picked":"Juggernaut","floor":16},{"not_picked":["Rampage","Armaments"],"picked":"Heavy Blade","floor":18},{"not_picked":["Second Wind","Burning Pact+1","Sword Boomerang"],"picked":"SKIP","floor":20},{"not_picked":["Iron Wave","Uppercut"],"picked":"Combust","floor":22},{"not_picked":["Seeing Red","Perfected Strike","Clothesline","Sentinel+1"],"picked":"SKIP","floor":28},{"not_picked":["Heavy Blade","Anger","Cleave+1","Clothesline+1"],"picked":"SKIP","floor":30},{"not_picked":["Cleave+1","Intimidate","Headbutt"],"picked":"Metallicize","floor":31}],"player_experience":866744,"relics_obtained":[{"floor":4,"key":"Darkstone Periapt"},{"floor":7,"key":"Boot"},{"floor":9,"key":"Letter Opener"},{"floor":12,"key":"War Paint"},{"floor":26,"key":"Question Card"}],"event_choices":[{"damage_healed":0,"gold_gain":0,"player_choice":"Entered Light","damage_taken":16,"max_hp_gain":0,"max_hp_loss":0,"event_name":"Shining Light","floor":3,"gold_loss":0,"cards_upgraded":["Strike_R","Bash"]},{"damage_healed":26,"gold_gain":0,"player_choice":"Banana","damage_taken":0,"max_hp_gain":0,"max_hp_loss":0,"event_name":"Big Fish","floor":11,"gold_loss":0},{"damage_healed":0,"gold_gain":0,"player_choice":"Bought 1 Potion","damage_taken":0,"max_hp_gain":0,"max_hp_loss":0,"event_name":"The Woman in Blue","floor":19,"gold_loss":0},{"cards_removed":["Strike_R"],"damage_healed":0,"gold_gain":0,"player_choice":"Purged","damage_taken":0,"max_hp_gain":0,"max_hp_loss":0,"event_name":"Purifier","floor":24,"gold_loss":0},{"damage_healed":0,"gold_gain":100,"player_choice":"Bet on Murderer","damage_taken":0,"max_hp_gain":0,"max_hp_loss":0,"event_name":"The Joust","floor":29,"gold_loss":50}],"is_beta":false,"boss_relics":[{"not_picked":["Black Star","Fusion Hammer"],"picked":"SlaversCollar"}],"items_purged_floors":[21],"is_endless":false,"potions_floor_spawned":[5,16,18,30,31],"killed_by":"Collector","ascension_level":0}}