{"host":"zksvs3x2ysy9npnz","time":1607809512,"event":{"mods":["Aspiration","BaseMod","Beaked The Cultist","BetterRewards","Colored Map","Conspire","Duelist Mod","Halation","Highlight Path","Hubris","Infinite Spire","Jedi Mod","Minty Spire (QoL Compilation)","Permanent Neow","Quick Restart","Relic Stats","Replay The Spire","Retaliation","Shop Mod","StSLib"],"gold_per_floor":[136,153,78,78,78,78,102,157,157,157,165,165,179,179,179,257,257,261,176,180,199,249,249,269,228,228,228,228,31,42,36,36,125,125,106,101,86,59,59,59,59,59,59,100,163,38,38,61,127,127,127,127,127,18,61,61],"floor_reached":57,"playtime":13769,"items_purged":["theDuelist:Sparks","Writhe","theDuelist:CursedBill","Survey Options+1"],"score":2536,"play_id":"9d904167-f9d8-42e8-90e7-a8ca89d226af","local_time":"20201212224512","is_ascension_mode":true,"campfire_choices":[{"data":"theDuelist:OhFish","floor":6,"key":"SMITH"},{"data":"theDuelist:GoldenFlyingFish","floor":10,"key":"SMITH"},{"floor":15,"key":"DIG"},{"data":"theDuelist:Umi","floor":23,"key":"SMITH"},{"data":"theDuelist:FishborgArcher","floor":27,"key":"SMITH"},{"floor":32,"key":"RECALL"},{"data":"theDuelist:Umi","floor":40,"key":"SMITH"},{"data":"Madness","floor":42,"key":"SMITH"},{"data":"Apotheosis","floor":47,"key":"SMITH"},{"data":"Madness","floor":53,"key":"SMITH"}],"circlet_count":0,"master_deck":["theDuelist:RevivalJam+1","theDuelist:CastleWalls+1","theDuelist:IslandTurtle+1","theDuelist:CastleWalls+1","theDuelist:Sparks+1","theDuelist:GoldenFlyingFish+1","theDuelist:SevenColoredFish+1","theDuelist:AquaSpirit+1","theDuelist:SevenColoredFish+1","AscendersBane","theDuelist:OhFish+1","theDuelist:IslandTurtle+1","theDuelist:SwampFrog+1","theDuelist:FishborgArcher+1","theDuelist:Unifrog+1","theDuelist:NimbleSunfish+1","theDuelist:Umi+1","theDuelist:CatShark+1","theDuelist:Umi+1","Sadistic Nature+1","theDuelist:Umi+1","theDuelist:MermailAbyssalacia","theDuelist:KoakiMeiruIce","theDuelist:MadLobster","theDuelist:IslandTurtle","Madness+1","Madness+1","Apotheosis+1","theDuelist:BlizzardDefender","theDuelist:GoldenFlyingFish","Sadistic Nature"],"relics":["theDuelist:MillenniumPuzzle","theDuelist:ChallengePuzzle","theDuelist:CardPoolRelic","theDuelist:CardPoolBasicRelic","theDuelist:BoosterPackPoolRelic","theDuelist:CardPoolAddRelic","theDuelist:CardPoolMinusRelic","theDuelist:CardPoolSaveRelic","theDuelist:CardPoolOptionsRelic","aspiration:Nostalgia","PureWater","theDuelist:MillenniumRod","theDuelist:Splashbox","theDuelist:DuelistUrn","Golden Idol","infinitespire:ShieldingShard","SlaversCollar","Cables","Paper Frog","hubris:PeanutButter","Pen Nib","theDuelist:FlowToken","conspire:RoyalGoblet","Lantern","hubris:Spice","Snake Skull","hubris:Zylophone","Bird Faced Urn","Dead Branch","Replay:Arrowhead"],"acts_visited":["Exordium","TheCity","TheBeyond","TheEnding"],"potions_floor_usage":[24,24,31,48,50,50,56,56],"damage_taken":[{"damage":0,"enemies":"2 Louse","floor":1,"turns":3},{"damage":0,"enemies":"Small Slimes","floor":2,"turns":3},{"damage":0,"enemies":"Lagavulin","floor":7,"turns":10},{"damage":0,"enemies":"Jaw Worm","floor":11,"turns":7},{"damage":0,"enemies":"Red Slaver","floor":13,"turns":7},{"damage":28,"enemies":"Slime Boss","floor":16,"turns":15},{"damage":0,"enemies":"Shell Parasite","floor":18,"turns":7},{"damage":0,"enemies":"Chosen","floor":20,"turns":8},{"damage":0,"enemies":"Snecko","floor":21,"turns":9},{"damage":7,"enemies":"Slavers","floor":24,"turns":7},{"damage":0,"enemies":"Snake Plant","floor":25,"turns":8},{"damage":0,"enemies":"Centurion and Healer","floor":30,"turns":8},{"damage":0,"enemies":"Gremlin Leader","floor":31,"turns":4},{"damage":0,"enemies":"Collector","floor":33,"turns":7},{"damage":0,"enemies":"Orb Walker","floor":35,"turns":3},{"damage":0,"enemies":"3 Shapes","floor":36,"turns":4},{"damage":0,"enemies":"Spire Growth","floor":37,"turns":4},{"damage":0,"enemies":"Writhing Mass","floor":38,"turns":8},{"damage":0,"enemies":"Nightmare","floor":44,"turns":8},{"damage":0,"enemies":"Nightmare","floor":45,"turns":7},{"damage":0,"enemies":"Jaw Worm Horde","floor":48,"turns":5},{"damage":0,"enemies":"2 Orb Walkers","floor":49,"turns":3},{"damage":0,"enemies":"Awakened One","floor":50,"turns":5},{"damage":0,"enemies":"Replay:Hell Engine","floor":51,"turns":4},{"damage":0,"enemies":"Shield and Spear","floor":55,"turns":6},{"damage":94,"enemies":"The Heart","floor":56,"turns":8}],"seed_played":"-4995484999996934244","potions_obtained":[{"floor":7,"key":"theDuelist:WaterBottle"},{"floor":11,"key":"Weak Potion"},{"floor":30,"key":"Block Potion"},{"floor":31,"key":"theDuelist:TributeBottle"},{"floor":33,"key":"SpeedPotion"},{"floor":38,"key":"PowerPotion"},{"floor":48,"key":"theDuelist:BurningPotion"}],"is_trial":false,"path_per_floor":["M","M","$","?","?","R","E","T","T","R","M","?","M","?","R_BF","B",null,"M","?","M","M","?","R","E","M","T","R","?","$","M","E","R","B",null,"M","M","M","M","AVR","R","?","R","T","NM","?","$","R","M","R_BF","B","B",null,"R","$","E","B",null],"character_chosen":"THE_DUELIST","items_purchased":["Survey Options","AttackPotion","Strength Potion"],"campfire_rested":0,"item_purchase_floors":[29,54,54],"current_hp_per_floor":[63,63,63,42,42,42,42,42,42,42,52,28,40,40,40,28,60,66,66,70,70,70,70,69,70,70,70,70,70,70,70,70,70,70,70,70,70,70,70,70,57,57,65,69,85,85,85,86,86,86,86,86,86,86,86,4],"gold":61,"neow_bonus":"NOSTALGIA","is_daily":false,"chose_seed":false,"campfire_upgraded":8,"win_rate":0.0,"timestamp":1607809512,"path_taken":["M","M","$","?","?","R","E","?","T","R","M","?","?","?","R_BF","BOSS","M","?","M","M","?","R","E","M","T","R","?","$","?","E","R","BOSS","M","M","M","M","AVR","R","?","R","T","NM","?","$","R","?","R_BF","BOSS","BOSS","R","$","E","BOSS"],"items_purchased_type":["Card","Potion","Potion"],"build_version":"2020-11-30","purchased_purges":4,"victory":true,"max_hp_per_floor":[70,70,70,70,70,70,70,70,70,70,70,70,70,70,70,70,70,70,70,70,70,70,70,70,70,70,70,70,70,70,70,70,70,70,70,70,70,70,70,70,70,70,78,78,86,86,86,86,86,86,86,86,86,86,86,86],"relic_stats":{"counters":[26,168],"Golden Idol":200,"Bird Faced Urn":[9],"Dead Branch":[27],"Pen Nib":[8],"Snake Skull":[0],"obtain_stats":[{"theDuelist:MillenniumRod":5,"Lantern":39,"conspire:RoyalGoblet":34,"Snake Skull":44,"theDuelist:MillenniumPuzzle":0,"theDuelist:BoosterPackPoolRelic":0,"infinitespire:ShieldingShard":15,"theDuelist:CardPoolAddRelic":0,"theDuelist:CardPoolOptionsRelic":0,"theDuelist:CardPoolRelic":0,"Paper Frog":24,"aspiration:Nostalgia":0,"Golden Idol":12,"Dead Branch":49,"Pen Nib":28,"theDuelist:CardPoolSaveRelic":0,"theDuelist:ChallengePuzzle":0,"Replay:Arrowhead":55,"Cables":19,"hubris:Zylophone":45,"SlaversCollar":17,"theDuelist:FlowToken":31,"theDuelist:CardPoolMinusRelic":0,"hubris:Spice":43,"theDuelist:CardPoolBasicRelic":0,"Bird Faced Urn":45,"hubris:PeanutButter":26,"theDuelist:DuelistUrn":9,"PureWater":0,"theDuelist:Splashbox":7},{"theDuelist:MillenniumRod":2,"Lantern":18,"conspire:RoyalGoblet":14,"Snake Skull":19,"theDuelist:MillenniumPuzzle":0,"theDuelist:BoosterPackPoolRelic":0,"infinitespire:ShieldingShard":5,"theDuelist:CardPoolAddRelic":0,"theDuelist:CardPoolOptionsRelic":0,"theDuelist:CardPoolRelic":0,"Paper Frog":10,"aspiration:Nostalgia":0,"Golden Idol":4,"Dead Branch":22,"Pen Nib":11,"theDuelist:CardPoolSaveRelic":0,"theDuelist:ChallengePuzzle":0,"Replay:Arrowhead":25,"Cables":7,"hubris:Zylophone":20,"SlaversCollar":6,"theDuelist:FlowToken":13,"theDuelist:CardPoolMinusRelic":0,"hubris:Spice":18,"theDuelist:CardPoolBasicRelic":0,"Bird Faced Urn":20,"hubris:PeanutButter":11,"theDuelist:DuelistUrn":3,"PureWater":0,"theDuelist:Splashbox":3},{"theDuelist:MillenniumRod":6,"Lantern":122,"conspire:RoyalGoblet":103,"Snake Skull":130,"theDuelist:MillenniumPuzzle":0,"theDuelist:BoosterPackPoolRelic":0,"infinitespire:ShieldingShard":30,"theDuelist:CardPoolAddRelic":0,"theDuelist:CardPoolOptionsRelic":0,"theDuelist:CardPoolRelic":0,"Paper Frog":76,"aspiration:Nostalgia":0,"Golden Idol":23,"Dead Branch":145,"Pen Nib":84,"theDuelist:CardPoolSaveRelic":0,"theDuelist:ChallengePuzzle":0,"Replay:Arrowhead":160,"Cables":52,"hubris:Zylophone":137,"SlaversCollar":45,"theDuelist:FlowToken":96,"theDuelist:CardPoolMinusRelic":0,"hubris:Spice":122,"theDuelist:CardPoolBasicRelic":0,"Bird Faced Urn":137,"hubris:PeanutButter":84,"theDuelist:DuelistUrn":16,"PureWater":0,"theDuelist:Splashbox":16}],"Cables":[15,0,15,0,0]},"card_choices":[{"not_picked":["theDuelist:NimbleManta","theDuelist:GishkiReliever","theDuelist:CallAtlanteans","theDuelist:Unifrog"],"picked":"theDuelist:GoldenFlyingFish","floor":1},{"not_picked":["theDuelist:ImperialCustom","theDuelist:FishRain","theDuelist:FishDepthCharge","theDuelist:BubbleBringer"],"picked":"theDuelist:OhFish","floor":2},{"not_picked":["theDuelist:GishkiMarker","theDuelist:AquamirrorCycle","theDuelist:BattleOx","theDuelist:JamBreeding","theDuelist:PotDichotomy"],"picked":"SKIP","floor":7},{"not_picked":["theDuelist:GraydleDragon","theDuelist:DepthShark","theDuelist:AbyssWarrior","theDuelist:Boneheimer"],"picked":"theDuelist:SwampFrog","floor":11},{"not_picked":["theDuelist:SpearfishSoldier","theDuelist:GraydleEagle","theDuelist:EagleShark","theDuelist:Dewdark","theDuelist:DrillBarnacle"],"picked":"SKIP","floor":13},{"not_picked":["theDuelist:SeaLordAmulet","theDuelist:MermailAbyssalacia","theDuelist:GishkiPsychelone","theDuelist:DewlorenTigerKing"],"picked":"theDuelist:FishborgArcher","floor":16},{"not_picked":["theDuelist:GishkiBeast","theDuelist:GraydleCobra+1","theDuelist:FishborgPlanter","theDuelist:FishborgDoctor"],"picked":"theDuelist:Unifrog","floor":18},{"not_picked":["theDuelist:Boneheimer","theDuelist:ArmoredStarfish","theDuelist:NightmarePenguin","theDuelist:CitadelWhale"],"picked":"theDuelist:NimbleSunfish","floor":20},{"not_picked":["theDuelist:FishKicks","theDuelist:DiamondDust","theDuelist:CallAtlanteans","theDuelist:BigWaveSmallWave"],"picked":"theDuelist:Umi","floor":21},{"not_picked":["theDuelist:LeviairSeaDragon","theDuelist:EagleShark","theDuelist:GishkiBeast","theDuelist:CannonballSpearShellfish"],"picked":"theDuelist:CatShark","floor":24},{"not_picked":["theDuelist:ToadallyAwesome","theDuelist:SharkStickers+1","theDuelist:AegisOceanDragon"],"picked":"theDuelist:Umi+1","floor":25},{"not_picked":["Chrysalis","Magnetism","Secret Technique"],"picked":"Sadistic Nature","floor":30},{"not_picked":["theDuelist:NightmarePenguin","theDuelist:IslandTurtle","theDuelist:Boneheimer","theDuelist:GraydleParasite"],"picked":"theDuelist:Umi","floor":31},{"not_picked":["theDuelist:TripodFish","theDuelist:SplashCapture","theDuelist:EvigishkiSoulOgre","theDuelist:AquaactressArowana+1"],"picked":"theDuelist:MermailAbyssalacia","floor":33},{"not_picked":["theDuelist:MermaidKnight","theDuelist:RevivalJam","theDuelist:CatShark","theDuelist:DrillBarnacle"],"picked":"theDuelist:KoakiMeiruIce","floor":35},{"not_picked":["theDuelist:BlizzardDefender","theDuelist:BigEye","theDuelist:BlueBloodedOni","theDuelist:PotDichotomy"],"picked":"theDuelist:MadLobster","floor":36},{"not_picked":["theDuelist:SpikedGillman","theDuelist:CatShark","theDuelist:EvigishkiTetrogre","theDuelist:Submarineroid"],"picked":"theDuelist:IslandTurtle","floor":37},{"not_picked":["theDuelist:LightningVortex","theDuelist:BlizzardDefender","theDuelist:Fissure","theDuelist:GishkiMarker","theDuelist:SolemnStrike"],"picked":"SKIP","floor":38},{"not_picked":["Dark Shackles","Dramatic Entrance+1","Enlightenment+1"],"picked":"Apotheosis","floor":44},{"not_picked":["theDuelist:LightningVortex","theDuelist:GilfordLegend","theDuelist:HammerShot","theDuelist:SolemnStrike"],"picked":"theDuelist:BlizzardDefender","floor":45},{"not_picked":["theDuelist:GishkiReliever+1","theDuelist:FishborgArcher","theDuelist:NimbleSunfish","theDuelist:GilfordLegend"],"picked":"theDuelist:GoldenFlyingFish","floor":48},{"not_picked":["Apotheosis","Discovery","HandOfGreed"],"picked":"Sadistic Nature","floor":49},{"not_picked":["theDuelist:MermaidKnight+1","theDuelist:EagleShark+1","theDuelist:NightmarePenguin+1","theDuelist:LeviairSeaDragon+1","theDuelist:GraydleDragon+1"],"picked":"SKIP","floor":55}],"player_experience":1202415,"relics_obtained":[{"floor":7,"key":"theDuelist:Splashbox"},{"floor":9,"key":"theDuelist:DuelistUrn"},{"floor":15,"key":"infinitespire:ShieldingShard"},{"floor":24,"key":"Paper Frog"},{"floor":26,"key":"hubris:PeanutButter"},{"floor":31,"key":"theDuelist:FlowToken"},{"floor":43,"key":"hubris:Spice"},{"floor":44,"key":"Snake Skull"},{"floor":45,"key":"hubris:Zylophone"},{"floor":45,"key":"Bird Faced Urn"},{"floor":45,"key":"hubris:Spice"},{"floor":49,"key":"Dead Branch"},{"floor":55,"key":"Replay:Arrowhead"}],"event_choices":[{"damage_healed":0,"gold_gain":0,"player_choice":"Entered Light","damage_taken":21,"max_hp_gain":0,"max_hp_loss":0,"event_name":"Shining Light","floor":4,"gold_loss":0,"cards_upgraded":["theDuelist:SevenColoredFish","theDuelist:RevivalJam"]},{"damage_healed":0,"gold_gain":0,"player_choice":"Took item - Received: Millennium Rod","duelist":true,"damage_taken":0,"max_hp_gain":0,"max_hp_loss":0,"event_name":"Millennium Items","floor":5,"gold_loss":0},{"damage_healed":0,"gold_gain":0,"player_choice":"Take Damage","damage_taken":24,"relics_obtained":["Golden Idol"],"max_hp_gain":0,"max_hp_loss":0,"event_name":"Golden Idol","floor":12,"gold_loss":0},{"damage_healed":0,"gold_gain":0,"player_choice":"Ignored","damage_taken":0,"max_hp_gain":0,"max_hp_loss":0,"event_name":"Liars Game","floor":14,"gold_loss":0},{"damage_healed":0,"gold_gain":0,"player_choice":"Obtained Relic","damage_taken":0,"relics_obtained":["Cables"],"max_hp_gain":0,"max_hp_loss":0,"event_name":"Addict","floor":19,"gold_loss":85},{"damage_healed":0,"gold_gain":50,"player_choice":"Stole From Cult","damage_taken":0,"max_hp_gain":0,"max_hp_loss":0,"event_name":"Nest","floor":22,"gold_loss":0},{"damage_healed":0,"gold_gain":0,"player_choice":"Opened","damage_taken":0,"relics_obtained":["Pen Nib"],"max_hp_gain":0,"max_hp_loss":0,"event_name":"The Mausoleum","floor":28,"gold_loss":0,"cards_obtained":["Writhe"]},{"damage_healed":0,"gold_gain":0,"player_choice":"Embrace Madness","damage_taken":13,"max_hp_gain":0,"max_hp_loss":0,"event_name":"Winding Halls","floor":41,"gold_loss":0,"cards_obtained":["Madness","Madness"]},{"damage_healed":0,"gold_gain":0,"player_choice":"Fight","duelist":true,"damage_taken":0,"max_hp_gain":0,"max_hp_loss":0,"event_name":"Battle City","floor":45,"gold_loss":0},{"damage_healed":0,"gold_gain":0,"player_choice":"Fight","damage_taken":0,"max_hp_gain":0,"max_hp_loss":0,"event_name":"Mysterious Sphere","floor":49,"gold_loss":0}],"is_beta":false,"boss_relics":[{"not_picked":["aspiration:BeakedSkillbook","Replay:Bronze Core"],"picked":"SlaversCollar"},{"not_picked":["Replay:Drink Me","Abe\u0027s Treasure"],"picked":"conspire:RoyalGoblet"}],"items_purged_floors":[3,29,39,46],"is_endless":false,"potions_floor_spawned":[7,11,20,21,30,31,33,38,48,55],"ascension_level":20}}