{"host":"cvdbfwtypahr1w62","time":1607733221,"event":{"mods":["AchievementEnabler","Act Like it!","BaseMod","BetterRewards","Colored Map","Filter the Spire","Hallownest","Highlight Path","Jorbs\u0027s Wanderer Trilogy","Marisa????????","Minty Spire (QoL Compilation)","Rare Cards Sparkle","Relic Stats","Shop Mod","StSLib","The Bug Knight","The Cursed"],"gold_per_floor":[109,124,49,49,49,49,83,83,83,102,102,114,114,114,114,217,217,227,152,118,118,135,167,167,167,167,199,222,7,7,7,7,106,106,120,120,133,133,0,30,80,80,80,80,121,22,40,40,40,40],"floor_reached":51,"playtime":1993,"items_purged":["Strike_B","Strike_B"],"score":1507,"play_id":"b5245189-28dd-4211-b774-71451b10bb4b","local_time":"20201212013341","is_ascension_mode":true,"campfire_choices":[{"data":"Defragment","floor":6.0,"key":"SMITH"},{"data":"Hologram","floor":11.0,"key":"SMITH"},{"data":"Zap","floor":13.0,"key":"SMITH"},{"floor":15,"key":"REST"},{"data":"Buffer","floor":25,"key":"SMITH"},{"data":"Consume","floor":30,"key":"SMITH"},{"floor":32,"key":"REST"},{"data":"Reboot","floor":42,"key":"SMITH"},{"data":"Electrodynamics","floor":44,"key":"SMITH"},{"data":"Madness","floor":49,"key":"SMITH"}],"circlet_count":0,"master_deck":["AscendersBane","Defend_B","Defend_B","Zap+1","Dualcast","Defragment+1","Glacier","Reboot+1","Hologram+1","Buffer+1","Coolheaded","Capacitor","Capacitor+1","Gash+1","Consume+1","Electrodynamics+1","Defragment+1","Madness","Madness+1"],"relics":["Cracked Core","Hallownest:DreamNailRelic","HollowMod:LifeEnderRelic","Pantograph","Mercury Hourglass","SlaversCollar","Enchiridion","HornCleat","Potion Belt","MawBank","Runic Capacitor","Inserter","Red Mask","CeramicFish","Blue Candle","Ancient Tea Set"],"acts_visited":["Exordium","TheCity","TheBeyond"],"potions_floor_usage":[18,27,28,35,50,50,50,50,50,50],"damage_taken":[{"damage":0.0,"enemies":"Hallownest:2_MossCreeps","floor":1.0,"turns":5.0},{"damage":4.0,"enemies":"Hallownest:2_Baldur","floor":2.0,"turns":4.0},{"damage":25.0,"enemies":"Hallownest:eliteCrystalGuardian","floor":7.0,"turns":10.0},{"damage":2.0,"enemies":"Hallownest:monsterHuskGuard","floor":10.0,"turns":4.0},{"damage":0.0,"enemies":"Hallownest:Wandering_and_Horned","floor":12.0,"turns":4.0},{"damage":21,"enemies":"Hallownest:BossHornet","floor":16,"turns":14},{"damage":0,"enemies":"Chosen","floor":18,"turns":6},{"damage":0,"enemies":"Shell Parasite","floor":22,"turns":7},{"damage":0,"enemies":"HollowMod:Nosk","floor":23,"turns":9},{"damage":9,"enemies":"Book of Stabbing","floor":27,"turns":6},{"damage":45,"enemies":"Cultist and Chosen","floor":28,"turns":8},{"damage":0,"enemies":"Champ","floor":33,"turns":12},{"damage":12,"enemies":"Orb Walker","floor":35,"turns":4},{"damage":4,"enemies":"3 Shapes","floor":37,"turns":3},{"damage":17,"enemies":"Nemesis","floor":40,"turns":6},{"damage":0,"enemies":"Mind Bloom Boss Battle","floor":41,"turns":6},{"damage":2,"enemies":"HollowMod:StalkingDevout","floor":45,"turns":6},{"damage":8,"enemies":"Awakened One","floor":50,"turns":9}],"seed_played":"3652094248950721718","potions_obtained":[{"floor":7.0,"key":"PotionOfCapacity"},{"floor":12.0,"key":"SpeedPotion"},{"floor":18,"key":"SkillPotion"},{"floor":22,"key":"DuplicationPotion"},{"floor":28,"key":"Weak Potion"},{"floor":37,"key":"PotionOfCapacity"},{"floor":40,"key":"SkillPotion"}],"is_trial":false,"path_per_floor":["M","M","$","?","?","R","E","T","T","M","R","M","R","?","R","B",null,"M","?","$","?","M","E","?","R","T","E","M","$","R","$","R","B",null,"M","?","M","?","?","E","?","R","T","R","E","$","?","$","R","B",null],"character_chosen":"DEFECT","items_purchased":["Defragment","Self Repair","Capacitor","Runic Capacitor","Consume","EntropicBrew"],"campfire_rested":2,"item_purchase_floors":[0,3,20,29,29,46],"current_hp_per_floor":[54,50,50,50,50,50,32,32,32,37,37,44,44,34,54,54,65,68,68,68,52,59,66,66,66,66,64,26,26,26,26,46,68,68,63,63,59,59,59,42,67,67,67,67,65,65,56,56,56,60],"gold":40,"neow_bonus":"","is_daily":false,"chose_seed":false,"campfire_upgraded":8,"win_rate":0.0,"timestamp":1607733221,"path_taken":["M","M","$","?","?","R","E","?","T","?","R","M","R","?","R","BOSS","M","?","$","?","M","E","?","R","T","E","?","$","R","?","R","BOSS","M","?","M","?","?","E","?","R","T","R","E","$","?","$","R","BOSS"],"items_purchased_type":["Card","Card","Card","Relic","Card","Potion"],"build_version":"2020-11-30","purchased_purges":2,"victory":true,"max_hp_per_floor":[75,75,75,68,68,68,68,68,68,68,68,68,68,68,68,68,68,68,68,68,68,68,68,68,68,68,68,68,68,68,68,68,68,68,68,68,68,68,68,68,68,68,68,68,68,68,68,68,68,68],"relic_stats":{"Inserter":[15],"counters":[61,310],"Pantograph":73,"CeramicFish":54,"Blue Candle":[1],"MawBank":24,"obtain_stats":[{"Darkstone Periapt":14,"Lantern":9,"Regal Pillow":9,"Calipers":0,"Torii":7,"CeramicFish":40,"Enchiridion":21,"Bag of Preparation":9,"Hallownest:DreamNailRelic":5,"Runic Capacitor":29,"Empty Cage":17,"Ancient Tea Set":45,"Blood Vial":13,"Nunchaku":4,"Matryoshka":2,"HornCleat":12,"Mummified Hand":27,"Pantograph":8,"Red Mask":21,"Cracked Core":0,"InkBottle":9,"Runic Pyramid":17,"Potion Belt":26,"HollowMod:LifeEnderRelic":7,"Inserter":34,"Golden Idol":2,"Blue Candle":13,"Eternal Feather":9,"Frozen Egg 2":12,"Orichalcum":7,"MawBank":27,"Cables":26,"Nuclear Battery":17,"Mercury Hourglass":9,"Du-Vu Doll":29,"Peace Pipe":0,"Runic Dome":17,"SlaversCollar":17,"DataDisk":20,"Membership Card":0},{"Darkstone Periapt":22,"Lantern":21,"Regal Pillow":21,"Calipers":26,"Torii":30,"CeramicFish":58,"Enchiridion":50,"Bag of Preparation":37,"Hallownest:DreamNailRelic":45,"Runic Capacitor":54,"Empty Cage":39,"Ancient Tea Set":60,"Blood Vial":37,"Nunchaku":1,"Matryoshka":19,"HornCleat":22,"Mummified Hand":15,"Pantograph":46,"Red Mask":11,"Cracked Core":0,"InkBottle":4,"Runic Pyramid":23,"Potion Belt":52,"HollowMod:LifeEnderRelic":46,"Inserter":55,"Golden Idol":35,"Blue Candle":7,"Eternal Feather":30,"Frozen Egg 2":6,"Orichalcum":36,"MawBank":53,"Cables":14,"Nuclear Battery":32,"Mercury Hourglass":46,"Du-Vu Doll":17,"Peace Pipe":34,"Runic Dome":9,"SlaversCollar":49,"DataDisk":10,"Membership Card":34},{"Darkstone Periapt":90,"Lantern":86,"Regal Pillow":86,"Calipers":113,"Torii":127,"CeramicFish":289,"Enchiridion":235,"Bag of Preparation":154,"Hallownest:DreamNailRelic":197,"Runic Capacitor":264,"Empty Cage":171,"Ancient Tea Set":301,"Blood Vial":154,"Nunchaku":3,"Matryoshka":80,"HornCleat":90,"Mummified Hand":64,"Pantograph":207,"Red Mask":43,"Cracked Core":0,"InkBottle":10,"Runic Pyramid":100,"Potion Belt":250,"HollowMod:LifeEnderRelic":207,"Inserter":276,"Golden Idol":148,"Blue Candle":22,"Eternal Feather":127,"Frozen Egg 2":17,"Orichalcum":151,"MawBank":256,"Cables":59,"Nuclear Battery":138,"Mercury Hourglass":207,"Du-Vu Doll":76,"Peace Pipe":146,"Runic Dome":35,"SlaversCollar":229,"DataDisk":38,"Membership Card":146}],"Mercury Hourglass":[327]},"card_choices":[{"not_picked":["Double Energy","Go for the Eyes","Leap"],"picked":"SKIP","floor":1.0},{"not_picked":["Undo","Rebound"],"picked":"Glacier","floor":2.0},{"not_picked":["Streamline","Ball Lightning"],"picked":"Reboot","floor":7.0},{"not_picked":["Go for the Eyes","Conserve Battery"],"picked":"Hologram","floor":10.0},{"not_picked":["Recycle","Barrage","Chaos"],"picked":"SKIP","floor":12.0},{"not_picked":["Reboot","Multi-Cast"],"picked":"Buffer","floor":16},{"not_picked":["Ball Lightning","Steam+1"],"picked":"Coolheaded","floor":18},{"not_picked":["Sweeping Beam","Tempest"],"picked":"Capacitor+1","floor":22},{"not_picked":["Streamline","Hyperbeam"],"picked":"Gash+1","floor":23},{"not_picked":["Rip and Tear","Leap","Heatsinks"],"picked":"SKIP","floor":27},{"not_picked":["Conserve Battery","Steam+1","Doom and Gloom"],"picked":"SKIP","floor":28},{"not_picked":["Thunder Strike","Amplify"],"picked":"Electrodynamics","floor":33},{"not_picked":["Barrage+1","Sweeping Beam+1","Static Discharge"],"picked":"SKIP","floor":35},{"not_picked":["Cold Snap+1","Go for the Eyes+1","Rip and Tear"],"picked":"SKIP","floor":37},{"not_picked":["Self Repair","Hologram+1","Aggregate"],"picked":"SKIP","floor":40},{"not_picked":["Glacier+1","Conserve Battery"],"picked":"Defragment+1","floor":45}],"player_experience":761453,"relics_obtained":[{"floor":7.0,"key":"HollowMod:LifeEnderRelic"},{"floor":8.0,"key":"Pantograph"},{"floor":9.0,"key":"Mercury Hourglass"},{"floor":21,"key":"Enchiridion"},{"floor":23,"key":"HornCleat"},{"floor":26,"key":"Potion Belt"},{"floor":27,"key":"MawBank"},{"floor":40,"key":"CeramicFish"},{"floor":43,"key":"Blue Candle"},{"floor":45,"key":"Ancient Tea Set"}],"event_choices":[{"cards_removed":["Defend_B"],"damage_healed":0,"gold_gain":0,"player_choice":"Gave Gold","damage_taken":0,"max_hp_gain":0,"max_hp_loss":0,"event_name":"Beggar","floor":19,"gold_loss":75},{"damage_healed":0,"gold_gain":0,"player_choice":"Obtained Book","damage_taken":16,"max_hp_gain":0,"max_hp_loss":0,"event_name":"Cursed Tome","floor":21,"gold_loss":0},{"cards_removed":["Defend_B"],"damage_healed":0,"gold_gain":0,"player_choice":"Elegance","damage_taken":0,"max_hp_gain":0,"max_hp_loss":0,"event_name":"Back to Basics","floor":24,"gold_loss":0},{"damage_healed":0,"gold_gain":0,"player_choice":"Memory 1","damage_taken":0,"max_hp_gain":0,"max_hp_loss":0,"event_name":"SensoryStone","floor":36,"gold_loss":0},{"cards_removed":["Self Repair"],"damage_healed":0,"gold_gain":0,"player_choice":"Removed Power","damage_taken":0,"max_hp_gain":0,"max_hp_loss":0,"event_name":"Falling","floor":38,"gold_loss":0},{"damage_healed":0,"gold_gain":0,"player_choice":"Paid","damage_taken":0,"relics_obtained":["Red Mask"],"max_hp_gain":0,"max_hp_loss":0,"event_name":"Tomb of Lord Red Mask","floor":39,"gold_loss":133},{"damage_healed":0,"gold_gain":0,"player_choice":"Fight","damage_taken":0,"max_hp_gain":0,"max_hp_loss":0,"event_name":"MindBloom","floor":41,"gold_loss":0},{"damage_healed":0,"gold_gain":0,"player_choice":"Embrace Madness","damage_taken":9,"max_hp_gain":0,"max_hp_loss":0,"event_name":"Winding Halls","floor":47,"gold_loss":0,"cards_obtained":["Madness","Madness"]}],"is_beta":false,"boss_relics":[{"not_picked":["Empty Cage","FrozenCore"],"picked":"SlaversCollar"},{"not_picked":["Pandora\u0027s Box","Runic Pyramid"],"picked":"Inserter"}],"items_purged_floors":[0,0],"is_endless":false,"potions_floor_spawned":[7,12,18,22,28,37,40,41],"ascension_level":10}}