{"host":"8pl220r0zqtv6uof","time":1607756964,"event":{"mods":["BaseMod","Colored Map","DeckTracker","Highlight Path","Keyboard Shortcuts","Minty Spire (QoL Compilation)","Quick Restart","SuperFastMode"],"gold_per_floor":[111,111,122,317,317,355,355,380,380,394,425,446,446,446,446,565,565,584,597,329,347,385,429,429,462,462,478,502,502,515,515,515,646,646,670,685,709,733,290,328,19,19,43,43,83,102,141,162,162,162,162,162,12,48,48],"floor_reached":56,"playtime":2861,"items_purged":["Strike_G","Strike_G","Strike_G","Strike_G"],"score":1630,"play_id":"137bc42c-a2b9-405c-861e-e4e3e93f512f","local_time":"20201212160924","is_ascension_mode":true,"campfire_choices":[{"data":"Apotheosis","floor":7,"key":"SMITH"},{"data":"Noxious Fumes","floor":13,"key":"SMITH"},{"data":"Venomology","floor":15,"key":"SMITH"},{"data":"Adrenaline","floor":24,"key":"SMITH"},{"floor":29,"key":"RECALL"},{"data":"Envenom","floor":32,"key":"SMITH"},{"floor":42,"key":"REST"},{"data":"Discovery","floor":44,"key":"SMITH"},{"data":"After Image","floor":49,"key":"SMITH"},{"data":"Noxious Fumes","floor":52,"key":"SMITH"}],"circlet_count":0,"master_deck":["Strike_G","Defend_G+1","Defend_G","Defend_G","Defend_G","Defend_G+1","Survivor","Neutralize+1","Sucker Punch+1","Crippling Poison","Apotheosis+1","Leg Sweep","Venomology+1","Footwork","Reflex","PiercingWail","Noxious Fumes+1","Envenom+1","Prepared","Underhanded Strike+1","Cloak And Dagger","Adrenaline+1","Reflex","After Image+1","Acrobatics","Concentrate","Cloak And Dagger+1","Backflip","Discovery+1","Noxious Fumes","Outmaneuver","Footwork","Corpse Explosion","Noxious Fumes+1","Caltrops+1","Heel Hook+1","Catalyst"],"relics":["Ring of the Snake","NeowsBlessing","Meat on the Bone","Tiny Chest","Membership Card","Golden Idol","Letter Opener","Omamori","Calling Bell","PreservedInsect","Gremlin Horn","Turnip","Bronze Scales","Vajra","Chemical X","Red Mask","CaptainsWheel","HornCleat","Mummified Hand","The Specimen","SlaversCollar","Happy Flower","Question Card","Toolbox","War Paint","Paper Crane","Whetstone","Ancient Tea Set","Blood Vial","StoneCalendar","Toy Ornithopter","OrangePellets","Du-Vu Doll"],"acts_visited":["Exordium","TheCity","TheBeyond","TheEnding"],"potions_floor_usage":[10,11,11,12,16,18,19,21,21,21,22,22,25,28,30,33,33,33,33,37,37,38,40,45,45,47,50,55,55,55],"damage_taken":[{"damage":0,"enemies":"Jaw Worm","floor":1,"turns":1},{"damage":0,"enemies":"Cultist","floor":3,"turns":1},{"damage":0,"enemies":"Lagavulin","floor":6,"turns":1},{"damage":4,"enemies":"2 Louse","floor":8,"turns":4},{"damage":0,"enemies":"2 Fungi Beasts","floor":10,"turns":4},{"damage":10,"enemies":"Gremlin Nob","floor":11,"turns":5},{"damage":3,"enemies":"Lots of Slimes","floor":12,"turns":2},{"damage":15,"enemies":"Slime Boss","floor":16,"turns":12},{"damage":5,"enemies":"Shell Parasite","floor":18,"turns":8},{"damage":5,"enemies":"Chosen","floor":19,"turns":6},{"damage":12,"enemies":"Centurion and Healer","floor":21,"turns":8},{"damage":21,"enemies":"Masked Bandits","floor":22,"turns":6},{"damage":11,"enemies":"Slavers","floor":23,"turns":5},{"damage":0,"enemies":"Gremlin Leader","floor":25,"turns":6},{"damage":15,"enemies":"Shelled Parasite and Fungi","floor":27,"turns":6},{"damage":0,"enemies":"3 Cultists","floor":28,"turns":4},{"damage":0,"enemies":"Cultist and Chosen","floor":30,"turns":5},{"damage":37,"enemies":"Automaton","floor":33,"turns":8},{"damage":0,"enemies":"3 Shapes","floor":35,"turns":4},{"damage":9,"enemies":"3 Darklings","floor":36,"turns":6},{"damage":57,"enemies":"Transient","floor":37,"turns":5},{"damage":0,"enemies":"4 Shapes","floor":38,"turns":4},{"damage":0,"enemies":"Reptomancer","floor":40,"turns":3},{"damage":0,"enemies":"Giant Head","floor":45,"turns":7},{"damage":0,"enemies":"Maw","floor":46,"turns":8},{"damage":0,"enemies":"Reptomancer","floor":47,"turns":4},{"damage":5,"enemies":"3 Darklings","floor":48,"turns":5},{"damage":13,"enemies":"Time Eater","floor":50,"turns":11},{"damage":0,"enemies":"Shield and Spear","floor":54,"turns":4},{"damage":13,"enemies":"The Heart","floor":55,"turns":7}],"seed_played":"-6146534211649042072","potions_obtained":[{"floor":3,"key":"Energy Potion"},{"floor":11,"key":"BlessingOfTheForge"},{"floor":16,"key":"Regen Potion"},{"floor":18,"key":"Ancient Potion"},{"floor":23,"key":"Fruit Juice"},{"floor":27,"key":"PowerPotion"},{"floor":37,"key":"AttackPotion"},{"floor":38,"key":"FairyPotion"},{"floor":40,"key":"Poison Potion"},{"floor":46,"key":"Explosive Potion"}],"is_trial":false,"path_per_floor":["M","?","M","$","?","E","R","M","T","M","E","M","R","?","R","B",null,"M","M","$","M","?","E","R","E","T","M","M","R","M","T","R","B",null,"M","M","M","M","$","E","$","R","T","R","E","M","E","M","R","B",null,"R","$","E","B",null],"character_chosen":"THE_SILENT","items_purchased":["Apotheosis","Meat on the Bone","Tiny Chest","Membership Card","Leg Sweep","Dexterity Potion","Bronze Scales","Vajra","Chemical X","Happy Flower","Discovery","Question Card","Toolbox","Regen Potion","Noxious Fumes","Footwork","Paper Crane","Whetstone","Toy Ornithopter","OrangePellets"],"campfire_rested":1,"item_purchase_floors":[4,4,4,4,4,4,20,20,20,39,39,39,39,39,39,41,41,41,53,53],"current_hp_per_floor":[70,70,70,70,53,53,53,49,49,49,39,36,36,59,59,44,70,70,65,65,53,46,47,47,52,52,49,49,49,49,49,49,24,75,75,66,21,33,33,45,45,67,67,67,67,69,71,68,68,57,75,75,75,75,64],"gold":48,"neow_bonus":"THREE_ENEMY_KILL","is_daily":false,"chose_seed":false,"campfire_upgraded":8,"win_rate":0.0,"timestamp":1607756964,"path_taken":["M","?","M","?","?","E","R","M","T","M","E","M","R","?","R","BOSS","M","M","$","M","?","E","R","E","T","M","M","R","M","?","R","BOSS","M","M","M","M","$","E","$","R","T","R","E","M","E","M","R","BOSS","R","$","E","BOSS"],"items_purchased_type":["Card","Relic","Relic","Relic","Card","Potion","Relic","Relic","Relic","Relic","Card","Relic","Relic","Potion","Card","Card","Relic","Relic","Relic","Relic"],"build_version":"2020-11-30","purchased_purges":4,"victory":true,"max_hp_per_floor":[70,70,70,70,70,70,70,70,70,70,70,70,70,70,70,70,70,70,70,70,70,70,70,70,75,75,75,75,75,75,75,75,75,75,75,75,75,75,75,75,75,75,75,75,75,75,75,75,75,75,75,75,75,75,75],"card_choices":[{"not_picked":["Predator","PiercingWail"],"picked":"Sucker Punch","floor":1},{"not_picked":["Dagger Throw","Dodge and Roll"],"picked":"Crippling Poison","floor":3},{"not_picked":["Flechettes","Quick Slash"],"picked":"Venomology","floor":6},{"not_picked":["Deflect","Calculated Gamble"],"picked":"Footwork","floor":8},{"not_picked":["Escape Plan","Prepared"],"picked":"Reflex","floor":10},{"not_picked":["Unload","Acrobatics"],"picked":"PiercingWail","floor":11},{"not_picked":["Escape Plan","Blade Dance"],"picked":"Noxious Fumes","floor":12},{"not_picked":["A Thousand Cuts","Venomology"],"picked":"Envenom","floor":16},{"not_picked":["Deadly Poison","Distraction"],"picked":"Prepared","floor":18},{"not_picked":["Noxious Fumes+1","Sucker Punch"],"picked":"Underhanded Strike+1","floor":19},{"not_picked":["Dash","PiercingWail"],"picked":"Cloak And Dagger","floor":21},{"not_picked":["Acrobatics","Prepared"],"picked":"Adrenaline","floor":22},{"not_picked":["Accuracy","Flying Knee+1","Underhanded Strike"],"picked":"SKIP","floor":23},{"not_picked":["Quick Slash","Finisher","Storm of Steel"],"picked":"SKIP","floor":25},{"not_picked":["Choke+1","All Out Attack","Cloak And Dagger"],"picked":"SKIP","floor":27},{"not_picked":["Outmaneuver","Sucker Punch"],"picked":"Reflex","floor":28},{"not_picked":["Leg Sweep","PiercingWail+1","Flying Knee"],"picked":"SKIP","floor":30},{"not_picked":["Glass Knife","Unload"],"picked":"After Image","floor":33},{"not_picked":["Cloak And Dagger","Blur"],"picked":"Acrobatics","floor":35},{"not_picked":["Choke","Escape Plan"],"picked":"Concentrate","floor":36},{"not_picked":["Slice+1","Masterful Stab+1"],"picked":"Cloak And Dagger+1","floor":37},{"not_picked":["Dagger Spray+1","Finisher+1"],"picked":"Backflip","floor":38},{"not_picked":["Heel Hook","Choke","All Out Attack+1"],"picked":"Outmaneuver","floor":40},{"not_picked":["Masterful Stab+1","Backflip","Bane+1"],"picked":"Corpse Explosion","floor":45},{"not_picked":["Dagger Spray","Cloak And Dagger+1","Accuracy+1"],"picked":"Noxious Fumes","floor":46},{"not_picked":["Finisher","Backstab","Poisoned Stab"],"picked":"Caltrops+1","floor":47},{"not_picked":["Infinite Blades","Dagger Throw","Poisoned Stab"],"picked":"Heel Hook+1","floor":48},{"not_picked":["Dagger Throw","Concentrate","Dagger Spray+1"],"picked":"Catalyst","floor":54}],"player_experience":101557,"relics_obtained":[{"floor":6,"key":"Letter Opener"},{"floor":11,"key":"Omamori"},{"floor":17,"key":"PreservedInsect"},{"floor":17,"key":"Gremlin Horn"},{"floor":17,"key":"Turnip"},{"floor":22,"key":"Red Mask"},{"floor":23,"key":"CaptainsWheel"},{"floor":25,"key":"HornCleat"},{"floor":26,"key":"Mummified Hand"},{"floor":31,"key":"The Specimen"},{"floor":40,"key":"War Paint"},{"floor":43,"key":"Ancient Tea Set"},{"floor":45,"key":"Blood Vial"},{"floor":47,"key":"StoneCalendar"},{"floor":54,"key":"Du-Vu Doll"}],"event_choices":[{"damage_healed":0,"gold_gain":0,"player_choice":"Full Heal","damage_taken":0,"max_hp_gain":0,"max_hp_loss":0,"event_name":"Wheel of Change","floor":2,"gold_loss":0},{"damage_healed":0,"gold_gain":0,"player_choice":"Take Damage","damage_taken":17,"relics_obtained":["Golden Idol"],"max_hp_gain":0,"max_hp_loss":0,"event_name":"Golden Idol","floor":5,"gold_loss":0},{"damage_healed":23,"gold_gain":0,"player_choice":"Banana","damage_taken":0,"max_hp_gain":0,"max_hp_loss":0,"event_name":"Big Fish","floor":14,"gold_loss":0},{"damage_healed":0,"gold_gain":0,"player_choice":"Fought Bandits","damage_taken":0,"max_hp_gain":0,"max_hp_loss":0,"event_name":"Masked Bandits","floor":22,"gold_loss":0}],"is_beta":false,"boss_relics":[{"not_picked":["Black Star","Fusion Hammer"],"picked":"Calling Bell"},{"not_picked":["HoveringKite","Sozu"],"picked":"SlaversCollar"}],"items_purged_floors":[4,20,39,41],"is_endless":false,"potions_floor_spawned":[3,10,11,16,18,23,27,30,37,38,40,46,47],"ascension_level":2}}