{"host":"jx3f6ezc0g3s9edc","time":1607737936,"event":{"mods":["AchievementEnabler","BaseMod","Bestiary","Colored Map","Highlight Path","Minty Spire (QoL Compilation)","StSLib"],"gold_per_floor":[109,109,123,143,38,71,71,106,106,121,121,46,11,30,30,127,127,137,137,149,164,178,178,178,178],"floor_reached":24,"playtime":2099,"items_purged":["Strike_B"],"score":260,"play_id":"c94772e5-9201-4a63-a93f-3ce1ff023b03","local_time":"20201211205216","is_ascension_mode":true,"campfire_choices":[{"data":"Defragment","floor":7.0,"key":"SMITH"},{"floor":11.0,"key":"REST"},{"data":"Beam Cell","floor":15.0,"key":"SMITH"},{"data":"Consume","floor":23,"key":"SMITH"}],"circlet_count":0,"master_deck":["Strike_B","Defend_B","Defend_B","Defend_B","Defend_B","Zap","Dualcast","Streamline","Hologram","Defragment+1","Coolheaded","Sunder","Glacier","Beam Cell+1","Core Surge","CurseOfTheBell","Consume+1","Compile Driver","Conserve Battery+1","Blizzard"],"relics":["Nuclear Battery","DataDisk","Bottled Flame","Happy Flower","Calling Bell","Ancient Tea Set","Blue Candle","Ginger"],"acts_visited":[],"potions_floor_usage":[24,24],"damage_taken":[{"damage":0.0,"enemies":"Cultist","floor":1.0,"turns":4.0},{"damage":2.0,"enemies":"Small Slimes","floor":3.0,"turns":3.0},{"damage":2.0,"enemies":"2 Louse","floor":4.0,"turns":2.0},{"damage":29.0,"enemies":"Lagavulin","floor":6.0,"turns":8.0},{"damage":15.0,"enemies":"3 Sentries","floor":8.0,"turns":12.0},{"damage":2.0,"enemies":"Lots of Slimes","floor":10.0,"turns":4.0},{"damage":0.0,"enemies":"2 Fungi Beasts","floor":14.0,"turns":2.0},{"damage":4.0,"enemies":"The Guardian","floor":16.0,"turns":14.0},{"damage":4.0,"enemies":"Chosen","floor":18.0,"turns":5.0},{"damage":7.0,"enemies":"3 Byrds","floor":20.0,"turns":11.0},{"damage":0.0,"enemies":"Shelled Parasite and Fungi","floor":21.0,"turns":7.0},{"damage":25,"enemies":"Snake Plant","floor":22,"turns":6},{"damage":35,"enemies":"Book of Stabbing","floor":24,"turns":3}],"seed_played":"-7969448014802430126","potions_obtained":[{"floor":4.0,"key":"SpeedPotion"},{"floor":8.0,"key":"FocusPotion"},{"floor":10.0,"key":"Strength Potion"},{"floor":18.0,"key":"Strength Potion"},{"floor":20.0,"key":"PowerPotion"}],"is_trial":false,"path_per_floor":["M","?","M","M","$","E","R","E","T","M","R","$","?","M","R","B",null,"M","?","M","M","M","R","E"],"character_chosen":"DEFECT","items_purchased":["Defragment","Coolheaded"],"campfire_rested":1,"item_purchase_floors":[5,5],"current_hp_per_floor":[75,68,66,64,64,35,35,20,20,18,40,40,58,58,58,54,70,66,66,59,59,34,34,0,0],"gold":178,"neow_bonus":"BOSS_RELIC","is_daily":false,"chose_seed":false,"campfire_upgraded":3,"win_rate":0.0,"timestamp":1607737936,"path_taken":["M","?","M","M","$","E","R","E","T","M","R","$","?","M","R","BOSS","M","?","M","?","M","R","E"],"items_purchased_type":["Card","Card"],"build_version":"2020-11-30","purchased_purges":1,"victory":false,"max_hp_per_floor":[75,75,75,75,75,75,75,75,75,75,75,75,75,75,75,75,75,75,75,75,75,75,75,75,75],"card_choices":[{"not_picked":["Sweeping Beam","Skim"],"picked":"Streamline","floor":1.0},{"not_picked":["Rebound","FTL"],"picked":"Hologram","floor":3.0},{"not_picked":["Sweeping Beam","Hyperbeam","Compile Driver"],"picked":"SKIP","floor":4.0},{"not_picked":["Ball Lightning","Double Energy","Sweeping Beam"],"picked":"SKIP","floor":6.0},{"not_picked":["BootSequence","Genetic Algorithm"],"picked":"Sunder","floor":8.0},{"not_picked":["Cold Snap","Hologram"],"picked":"Glacier","floor":10.0},{"not_picked":["Rebound","Compile Driver"],"picked":"Beam Cell","floor":14.0},{"not_picked":["All For One","Multi-Cast"],"picked":"Core Surge","floor":16.0},{"not_picked":["Lockon+1","Stack"],"picked":"Consume","floor":18.0},{"not_picked":["Rebound","Steam"],"picked":"Conserve Battery+1","floor":20.0},{"not_picked":["Steam Power","Ball Lightning"],"picked":"Blizzard","floor":21},{"not_picked":["Steam","Ball Lightning","Rebound"],"picked":"SKIP","floor":22}],"player_experience":652022,"relics_obtained":[{"floor":6.0,"key":"DataDisk"},{"floor":8.0,"key":"Bottled Flame"},{"floor":9.0,"key":"Happy Flower"},{"floor":17.0,"key":"Ancient Tea Set"},{"floor":17.0,"key":"Blue Candle"},{"floor":17.0,"key":"Ginger"}],"event_choices":[{"cards_removed":["Strike_B"],"damage_healed":0.0,"max_hp_gain":0.0,"max_hp_loss":0.0,"gold_gain":0.0,"event_name":"Golden Wing","player_choice":"Card Removal","floor":2.0,"gold_loss":0.0,"damage_taken":7.0},{"damage_healed":18.0,"max_hp_gain":0.0,"max_hp_loss":0.0,"gold_gain":0.0,"event_name":"The Cleric","player_choice":"Healed","floor":13.0,"gold_loss":35.0,"damage_taken":0.0},{"damage_healed":0.0,"max_hp_gain":0.0,"max_hp_loss":0.0,"gold_gain":0.0,"cards_transformed":["Strike_B"],"event_name":"Transmorgrifier","player_choice":"Transformed","floor":19.0,"gold_loss":0.0,"damage_taken":0.0,"cards_obtained":["Compile Driver"]}],"is_beta":false,"boss_relics":[{"not_picked":["Tiny House","Busted Crown"],"picked":"Calling Bell"}],"items_purged_floors":[12],"is_endless":false,"potions_floor_spawned":[4,8,10,18,20,22],"killed_by":"Book of Stabbing","ascension_level":5}}