{"host":"4edbuligkc8x13l4","time":1607781065,"event":{"mods":["BaseMod","Minty Spire (QoL Compilation)","StSLib","SuperFastMode"],"gold_per_floor":[110,130,52,127,127,143,143,183,183,196,216,236,236,236,236,236,236],"floor_reached":16,"playtime":365,"items_purged":[],"score":189,"play_id":"720958d3-47a9-41e1-af61-7a79e1c2fb2c","local_time":"20201212215105","is_ascension_mode":true,"campfire_choices":[{"data":"True Grit","floor":7.0,"key":"SMITH"},{"data":"Limit Break","floor":15.0,"key":"SMITH"}],"circlet_count":0,"master_deck":["AscendersBane","Strike_R","Strike_R","Strike_R","Strike_R","Strike_R","Defend_R","Defend_R","Defend_R","Defend_R","Bash","Havoc","True Grit+1","Battle Trance","Hemokinesis","Flex","Limit Break+1","Body Slam","Parasite"],"relics":["Burning Blood","NeowsBlessing","Golden Idol","Lizard Tail","HornCleat","CultistMask"],"acts_visited":["Exordium"],"potions_floor_usage":[16,16],"damage_taken":[{"damage":0.0,"enemies":"Small Slimes","floor":1.0,"turns":1.0},{"damage":0.0,"enemies":"2 Louse","floor":2.0,"turns":1.0},{"damage":0.0,"enemies":"Jaw Worm","floor":6.0,"turns":1.0},{"damage":43.0,"enemies":"3 Sentries","floor":8.0,"turns":10.0},{"damage":4.0,"enemies":"Looter","floor":10.0,"turns":3.0},{"damage":10.0,"enemies":"3 Louse","floor":11.0,"turns":6.0},{"damage":2.0,"enemies":"Red Slaver","floor":12.0,"turns":3.0},{"damage":98,"enemies":"Slime Boss","floor":16,"turns":8}],"seed_played":"-4478050912440188750","potions_obtained":[{"floor":6.0,"key":"FearPotion"},{"floor":8.0,"key":"BloodPotion"},{"floor":12.0,"key":"Explosive Potion"}],"is_trial":false,"path_per_floor":["M","M","$","?","?","M","R","E","T","M","M","M","?","?","R","B"],"character_chosen":"IRONCLAD","items_purchased":["Battle Trance"],"campfire_rested":0,"item_purchase_floors":[3],"current_hp_per_floor":[74,75,75,64,38,44,44,7,7,9,20,24,42,42,42,0,0],"gold":236,"neow_bonus":"THREE_ENEMY_KILL","is_daily":false,"chose_seed":false,"campfire_upgraded":2,"win_rate":0.0,"timestamp":1607781065,"path_taken":["M","M","$","?","?","M","R","E","T","M","M","?","?","?","R","BOSS"],"items_purchased_type":["Card"],"build_version":"2020-11-30","purchased_purges":0,"victory":false,"max_hp_per_floor":[75,75,75,75,75,75,75,75,75,75,75,75,75,75,75,75,75],"card_choices":[{"not_picked":["Clothesline","Perfected Strike"],"picked":"Havoc","floor":1.0},{"not_picked":["Sentinel","Havoc"],"picked":"True Grit","floor":2.0},{"not_picked":["Entrench","Disarm"],"picked":"Hemokinesis","floor":6.0},{"not_picked":["Thunderclap","Shrug It Off"],"picked":"Flex","floor":8.0},{"not_picked":["Combust","Sword Boomerang"],"picked":"Limit Break","floor":10.0},{"not_picked":["Wild Strike","Sentinel"],"picked":"Body Slam","floor":11.0},{"not_picked":["Perfected Strike","Clothesline","Power Through"],"picked":"SKIP","floor":12.0}],"player_experience":899668,"relics_obtained":[{"floor":8.0,"key":"Lizard Tail"},{"floor":9.0,"key":"HornCleat"}],"event_choices":[{"damage_healed":0.0,"max_hp_gain":0.0,"max_hp_loss":0.0,"gold_gain":75.0,"event_name":"World of Goop","player_choice":"Gather Gold","floor":4.0,"gold_loss":0.0,"damage_taken":11.0},{"damage_healed":0.0,"max_hp_gain":0.0,"max_hp_loss":0.0,"gold_gain":0.0,"event_name":"Golden Idol","player_choice":"Take Damage","floor":5.0,"gold_loss":0.0,"damage_taken":26.0,"relics_obtained":["Golden Idol"]},{"damage_healed":18.0,"max_hp_gain":0.0,"max_hp_loss":0.0,"gold_gain":0.0,"event_name":"Mushrooms","player_choice":"Healed and dodged fight","floor":13.0,"gold_loss":0.0,"damage_taken":0.0,"cards_obtained":["Parasite"]},{"damage_healed":0.0,"max_hp_gain":0.0,"max_hp_loss":0.0,"gold_gain":0.0,"event_name":"FaceTrader","player_choice":"Trade","floor":14.0,"gold_loss":0.0,"damage_taken":0.0,"relics_obtained":["CultistMask"]}],"is_beta":false,"boss_relics":[],"items_purged_floors":[],"is_endless":false,"potions_floor_spawned":[6,8,10,12],"killed_by":"Slime Boss","ascension_level":17}}