{"host":"8xp52u5o8fcssvzz","time":1607761042,"event":{"mods":["2.2 Compatiblity","AchievementEnabler","Act Like it!","Aspiration","BaseMod","Better Altar","Better Match","Better Note","Better Sensory Stone","Better Skull","Better Third Choice","BetterRewards","Colored Map","Conspire","Downfall","GifTheSpireLib","Googly Eyes","Halation","Hallownest","Highlight Path","Hubris","Infinite Spire","Jorbs\u0027s Wanderer Trilogy","Marisa????????","Mimic Mod","Minty Spire (QoL Compilation)","Replay The Spire","Spicy Shops","StSLib","Stuff the Spire","The Blackbeard","The Gatherer","The Necromancer","The Runesmith","The Servant 0.9.4","Unceasing Turn Reminder","everything is the same but u backflip on backflip"],"gold_per_floor":[116,132,152,52,52,77,92,92,127,153,153,180,36,46,46,151,151,167,167,167,187,202,202,228,103,148,73,83,83,114,155,155,251,251,271,271,271,271,286,286,296,296,320,320,320,320],"floor_reached":44,"playtime":2686,"items_purged":["Gatherer:Strike_Gatherer","Gatherer:Strike_Gatherer","Gatherer:Strike_Gatherer","Gatherer:Strike_Gatherer","Gatherer:Defend_Gatherer"],"score":468,"play_id":"a2813d5f-d309-49e5-a518-aeaebb049f27","local_time":"20201212001722","is_ascension_mode":false,"metric_token":2385,"campfire_choices":[{"data":"Gatherer:Centralize","floor":8,"key":"SMITH"},{"data":"Gatherer:RecoveryHerb","floor":11,"key":"SMITH"},{"data":"Gatherer:FlowerWhip","floor":15,"key":"SMITH"},{"data":"Gatherer:BalancedGrowth","floor":23,"key":"SMITH"},{"data":"Gatherer:Snatch","floor":29,"key":"SMITH"},{"floor":32,"key":"DIG"},{"data":"ReplayTheSpireMod:??????????????????????","floor":40,"key":"SMITH"}],"circlet_count":0,"master_deck":["Gatherer:Strike_Gatherer","Gatherer:Defend_Gatherer","Gatherer:Defend_Gatherer","Gatherer:Defend_Gatherer","Gatherer:Defend_Gatherer","Gatherer:Centralize+1","Gatherer:FlowerWhip+1","Gatherer:Uplift","Gatherer:Snatch+1","Gatherer:FruitForce","Gatherer:DrugPower","Gatherer:MiningStrike","Gatherer:CollectorsShot","Gatherer:ScherryThrow","Gatherer:RecoveryHerb+1","Gatherer:LuckyClover","Gatherer:FlowerShield","Gatherer:FlowerFalling","Gatherer:ColorfulGarden","Gatherer:BalancedGrowth+1","Gatherer:RecoveryHerb","Gatherer:FragileHammer+1","Gatherer:BlackTea","Gatherer:ColorfulGarden+1","Gatherer:Duality+1","Gatherer:Photoscythe","ReplayTheSpireMod:??????????????????????+1","Gatherer:AcidicSpray"],"relics":["Gatherer:AlchemyBag","halation:QuantumPhysicsTextbook","StuffTheSpire:ForceGauntlet","Gremlin Food","halation:PromiseList","aspiration:HummingbirdHeart","halation:Pancakes","hubris:OldNail","StuffTheSpire:Kangaroo","Red Mask","Coffee Dripper","StuffTheSpire:HeavyRock","Bag of Marbles","hubris:HollowSoul","hubris:BundleOfHerbs","Oddly Smooth Stone","Akabeko"],"acts_visited":["Exordium","Exordium","Hallownest:CityofTears"],"potions_floor_usage":[9,9,12,16,21,21,30,30,33,42],"damage_taken":[{"damage":0,"enemies":"Cultist","floor":1,"turns":2},{"damage":0,"enemies":"Small Slimes","floor":2,"turns":3},{"damage":0,"enemies":"Jaw Worm","floor":3,"turns":2},{"damage":15,"enemies":"3 Sentries","floor":6,"turns":6},{"damage":1,"enemies":"Looter","floor":7,"turns":2},{"damage":0,"enemies":"3 Louse","floor":9,"turns":4},{"damage":21,"enemies":"Gremlin Nob","floor":10,"turns":4},{"damage":23,"enemies":"Lagavulin","floor":12,"turns":6},{"damage":2,"enemies":"3 Louse","floor":14,"turns":3},{"damage":25,"enemies":"Slime Boss","floor":16,"turns":8},{"damage":47,"enemies":"Hallownest:3_Youths","floor":18,"turns":8},{"damage":12,"enemies":"Hallownest:Flukemon_and_Top","floor":21,"turns":4},{"damage":3,"enemies":"Hallownest:Warrior_and_Youth","floor":22,"turns":5},{"damage":21,"enemies":"Nightmare","floor":24,"turns":6},{"damage":5,"enemies":"Hallownest:Master_and_Novice","floor":28,"turns":3},{"damage":12,"enemies":"Hallownest:eliteWatcherKnight","floor":30,"turns":8},{"damage":1,"enemies":"Hallownest:Glutton_and_Coward","floor":31,"turns":3},{"damage":16,"enemies":"Hallownest:BossSoulMaster","floor":33,"turns":8},{"damage":0,"enemies":"Hallownest:Shield_Heavy","floor":35,"turns":4},{"damage":56,"enemies":"Hallownest:3_Siblings","floor":39,"turns":7},{"damage":12,"enemies":"Hallownest:2_Wandering_and_1_Horned","floor":41,"turns":5},{"damage":0,"enemies":"Hallownest:2_Soldiers_and_1_Guardian","floor":42,"turns":1},{"damage":16,"enemies":"Nightmare","floor":44,"turns":2}],"seed_played":"6567256404668111816","potions_obtained":[{"floor":3,"key":"Poison Potion"},{"floor":7,"key":"Ancient Potion"},{"floor":10,"key":"Reflective Coating"},{"floor":12,"key":"Regen Potion"},{"floor":14,"key":"BloodPotion"},{"floor":18,"key":"DuplicationPotion"},{"floor":21,"key":"SmokeBomb"},{"floor":24,"key":"SkillPotion"},{"floor":28,"key":"SneckoOil"},{"floor":31,"key":"Weak Potion"},{"floor":39,"key":"Elixir"}],"is_trial":false,"path_per_floor":["M","M","M","$","?","E","M","R","MIM","E","R","E","$","M","R","B",null,"M","?","AVR","M","M","R","NM","$","T","?","M","R","E","M","R_BF","B",null,"M","?","AVR","?","M","R","M","M","T","NM"],"character_chosen":"THE_GATHERER","items_purchased":["Gatherer:Uplift","StuffTheSpire:ForceGauntlet","hubris:OldNail"],"campfire_rested":0,"item_purchase_floors":[0,0,13],"current_hp_per_floor":[44,44,44,44,52,37,36,36,36,26,26,60,60,60,60,53,76,32,32,32,40,49,49,32,32,32,32,40,40,32,36,36,29,76,76,76,76,61,20,20,22,22,22,0,0,0],"gold":320,"neow_bonus":"","is_daily":false,"chose_seed":false,"campfire_upgraded":6,"win_rate":0.0,"timestamp":1607761042,"path_taken":["M","?","M","?","?","E","M","R","MIM","E","R","E","$","M","R","BOSS","M","?","AVR","M","M","R","NM","?","T","?","M","R","E","?","R_BF","BOSS","M","?","AVR","?","M","R","M","?","T","NM"],"items_purchased_type":["Card","Relic","Relic"],"build_version":"2020-11-30","purchased_purges":5,"victory":false,"max_hp_per_floor":[76,76,76,76,76,76,76,76,76,76,76,76,76,76,76,76,76,76,76,76,76,76,76,76,76,76,76,76,76,76,76,76,76,76,76,76,76,76,76,76,76,76,76,76,76,76],"card_choices":[{"not_picked":["Gatherer:TreeGrowth","Gatherer:Solidify"],"picked":"Gatherer:FruitForce","floor":1},{"not_picked":["Gatherer:Enchant","Gatherer:FragileHammer"],"picked":"Gatherer:DrugPower","floor":2},{"not_picked":["Gatherer:PotentialSlash","Gatherer:ScentOfRosmari"],"picked":"Gatherer:MiningStrike","floor":3},{"not_picked":["Gatherer:FinishingStrike","Gatherer:Herbalism"],"picked":"Gatherer:CollectorsShot","floor":6},{"not_picked":["Gatherer:AcidicSpray","Gatherer:PotentialSlash"],"picked":"Gatherer:ScherryThrow","floor":7},{"not_picked":["Gatherer:TacticalStrike","Gatherer:FlowerShield"],"picked":"Gatherer:RecoveryHerb","floor":9},{"not_picked":["Gatherer:AromaProtection","Gatherer:TacticalStrike"],"picked":"Gatherer:LuckyClover","floor":10},{"not_picked":["Gatherer:CollectorsShot","Gatherer:Transmute"],"picked":"Gatherer:FlowerShield","floor":12},{"not_picked":["Gatherer:PotentialSlash","Gatherer:FlowerShield"],"picked":"Gatherer:FlowerFalling","floor":14},{"not_picked":["Gatherer:Examine","Gatherer:Overflowing"],"picked":"Gatherer:ColorfulGarden","floor":16},{"not_picked":["Gatherer:AcidicSpray+1","Gatherer:CarefulStrike+1"],"picked":"Gatherer:BalancedGrowth","floor":18},{"not_picked":["Gatherer:BambuSword","Gatherer:SaveValuables"],"picked":"Gatherer:RecoveryHerb","floor":21},{"not_picked":["Gatherer:AcidicSpray","Gatherer:SealedBomb+1"],"picked":"Gatherer:FragileHammer+1","floor":22},{"not_picked":["Gatherer:FlowerFalling","Gatherer:Duplicator"],"picked":"Gatherer:BlackTea","floor":24},{"not_picked":["Gatherer:CursedBlade+1","Gatherer:BlackTea+1"],"picked":"Gatherer:ColorfulGarden+1","floor":27},{"not_picked":["Gatherer:ScrollOfPurity","Gatherer:BambuSword+1"],"picked":"Gatherer:Duality+1","floor":28},{"not_picked":["Gatherer:Herbalism","Gatherer:BigPouch"],"picked":"Gatherer:Photoscythe","floor":30},{"not_picked":["Gatherer:MiningStrike","Gatherer:GatherMaterial","Gatherer:GlowingPlant"],"picked":"SKIP","floor":31},{"not_picked":["Gatherer:Snatch","Gatherer:WitheringStrike","Gatherer:Uplift"],"picked":"SKIP","floor":35},{"not_picked":["Gatherer:PotentialSlash","Gatherer:WoolGloves+1","Gatherer:EnergyBasket"],"picked":"SKIP","floor":39},{"not_picked":["Gatherer:AromaProtection","Gatherer:WoolGloves+1"],"picked":"Gatherer:AcidicSpray","floor":41}],"player_experience":405303,"relics_obtained":[{"floor":6,"key":"Gremlin Food"},{"floor":9,"key":"halation:PromiseList"},{"floor":10,"key":"aspiration:HummingbirdHeart"},{"floor":12,"key":"halation:Pancakes"},{"floor":30,"key":"StuffTheSpire:HeavyRock"},{"floor":32,"key":"Bag of Marbles"},{"floor":43,"key":"Akabeko"}],"event_choices":[{"damage_healed":0,"gold_gain":0,"player_choice":"2","damage_taken":0,"max_hp_gain":0,"max_hp_loss":0,"event_name":"betterMatch:BetterMatch","floor":27,"gold_loss":0,"cards_obtained":["betterMatch:RareCard"]},{"damage_healed":0,"gold_gain":0,"player_choice":"RE ","damage_taken":17,"relics_obtained":["Oddly Smooth Stone"],"max_hp_gain":0,"max_hp_loss":0,"event_name":"betterSkull:BetterSkull","floor":38,"gold_loss":0,"cards_upgraded":[]}],"is_beta":false,"boss_relics":[{"not_picked":["ChewingGum","Replay:Drink Me"],"picked":"StuffTheSpire:Kangaroo"},{"not_picked":["halation:ForbiddenBikini","Runesmith:UraniumAnvil"],"picked":"hubris:HollowSoul"}],"items_purged_floors":[0,4,20,25,37],"is_endless":true,"potions_floor_spawned":[3,7,10,12,14,18,21,24,28,31,39],"killed_by":"Nightmare","ascension_level":0}}