{"host":"51f0ad793vly1w6u","time":1607759678,"event":{"mods":["BaseMod","Colored Map","DeckTracker","Minty Spire (QoL Compilation)","StSLib","SuperFastMode"],"gold_per_floor":[111,111,121,121,42,68,68,96,174,209,224,224,236,252,252,252,252],"floor_reached":16,"playtime":282,"items_purged":[],"score":240,"play_id":"cae9e34f-794d-4be7-ab5d-0af1e3ea8cbb","local_time":"20201212165438","is_ascension_mode":true,"campfire_choices":[{"data":"Conclude","floor":7.0,"key":"SMITH"},{"data":"MentalFortress","floor":12.0,"key":"SMITH"},{"data":"Vigilance","floor":15.0,"key":"SMITH"}],"circlet_count":0,"master_deck":["AscendersBane","Strike_P","Strike_P","Strike_P","Strike_P","Defend_P","Defend_P","Defend_P+1","Defend_P","Eruption+1","Vigilance+1","Good Instincts","Conclude+1","FlurryOfBlows","CutThroughFate","Judgement","MentalFortress+1","Halt"],"relics":["PureWater","Omamori","Ice Cream","Gremlin Horn","Meat on the Bone","Bottled Lightning"],"acts_visited":["Exordium"],"potions_floor_usage":[16,16],"damage_taken":[{"damage":7.0,"enemies":"Small Slimes","floor":1.0,"turns":6.0},{"damage":0.0,"enemies":"2 Louse","floor":3.0,"turns":2.0},{"damage":14.0,"enemies":"Lagavulin","floor":6.0,"turns":8.0},{"damage":10.0,"enemies":"Gremlin Nob","floor":8.0,"turns":3.0},{"damage":11.0,"enemies":"3 Sentries","floor":10.0,"turns":3.0},{"damage":0.0,"enemies":"Cultist","floor":11.0,"turns":2.0},{"damage":8.0,"enemies":"Exordium Wildlife","floor":13.0,"turns":3.0},{"damage":0.0,"enemies":"Blue Slaver","floor":14.0,"turns":2.0},{"damage":49,"enemies":"Hexaghost","floor":16,"turns":9}],"seed_played":"3456240210605465373","potions_obtained":[{"floor":6.0,"key":"LiquidBronze"},{"floor":11.0,"key":"Fruit Juice"},{"floor":14.0,"key":"SkillPotion"}],"is_trial":false,"path_per_floor":["M","?","M","?","?","E","R","E","T","E","M","R","M","M","R","B"],"character_chosen":"WATCHER","items_purchased":[],"campfire_rested":0,"item_purchase_floors":[],"current_hp_per_floor":[54,34,34,56,56,42,42,32,32,33,45,45,37,42,42,0,0],"gold":252,"neow_bonus":"RANDOM_COLORLESS","is_daily":false,"chose_seed":false,"campfire_upgraded":3,"win_rate":0.0,"timestamp":1607759678,"path_taken":["M","?","M","?","?","E","R","E","T","E","?","R","M","M","R","BOSS"],"items_purchased_type":[],"build_version":"2020-11-30","purchased_purges":0,"victory":false,"max_hp_per_floor":[68,68,68,68,68,68,68,68,68,68,68,68,68,73,73,73,73],"card_choices":[{"not_picked":["Purity","Mind Blast"],"picked":"Good Instincts","floor":0.0},{"not_picked":["CrushJoints","PathToVictory"],"picked":"Conclude","floor":1.0},{"not_picked":["Protect","ClearTheMind"],"picked":"FlurryOfBlows","floor":3.0},{"not_picked":["EmptyMind","Prostrate"],"picked":"CutThroughFate","floor":6.0},{"not_picked":["Indignation","SignatureMove"],"picked":"Judgement","floor":8.0},{"not_picked":["CutThroughFate","ClearTheMind","WindmillStrike"],"picked":"SKIP","floor":10.0},{"not_picked":["WheelKick","FlurryOfBlows"],"picked":"MentalFortress","floor":11.0},{"not_picked":["Swivel","LikeWater","PathToVictory"],"picked":"SKIP","floor":13.0},{"not_picked":["Swivel","Prostrate"],"picked":"Halt","floor":14.0}],"player_experience":1362970,"relics_obtained":[{"floor":6.0,"key":"Ice Cream"},{"floor":8.0,"key":"Gremlin Horn"},{"floor":9.0,"key":"Meat on the Bone"},{"floor":10.0,"key":"Bottled Lightning"}],"event_choices":[{"damage_healed":0.0,"max_hp_gain":0.0,"max_hp_loss":0.0,"gold_gain":0.0,"event_name":"Shining Light","player_choice":"Entered Light","floor":2.0,"gold_loss":0.0,"damage_taken":20.0,"cards_upgraded":["Eruption","Defend_P"]},{"damage_healed":22.0,"max_hp_gain":0.0,"max_hp_loss":0.0,"gold_gain":0.0,"event_name":"Big Fish","player_choice":"Banana","floor":4.0,"gold_loss":0.0,"damage_taken":0.0},{"damage_healed":0.0,"max_hp_gain":0.0,"max_hp_loss":0.0,"gold_gain":0.0,"event_name":"WeMeetAgain","player_choice":"Paid Gold","floor":5.0,"gold_loss":79.0,"damage_taken":0.0,"relics_obtained":["Omamori"]}],"is_beta":false,"boss_relics":[],"items_purged_floors":[],"is_endless":false,"potions_floor_spawned":[6,11,14],"killed_by":"Hexaghost","ascension_level":20}}