{"host":"lvf3ywlo9ittp3f6","time":1607756458,"event":{"mods":["AchievementEnabler","BaseMod","Better Third Choice","Block Reminder","Colored Map","Colored Powertips","Highlight Path","Minty Spire (QoL Compilation)","Permanent Neow","Rare Cards Sparkle","Relic Stats","StSLib","Synergy Search"],"gold_per_floor":[119,139,139,157,170,170,185,215,215,243,243,318,95,95,95,197,197,215,229,239,249,268,298,34,60,115,115,115,130,159,258,258,358,358,374,384,384,400,416,448,216,231,256,282,282,296,296,315,315,315,315,315,2,31,31],"floor_reached":56,"playtime":12296,"items_purged":["Pain","Doubt","Injury"],"score":1626,"play_id":"b46de6a6-65ff-441c-8a3f-e689aad0bbb6","local_time":"20201212100058","is_ascension_mode":true,"campfire_choices":[{"data":"BattleHymn","floor":6.0,"key":"SMITH"},{"data":"Eruption","floor":11.0,"key":"SMITH"},{"data":"Collect","floor":15.0,"key":"SMITH"},{"data":"DevaForm","floor":27.0,"key":"SMITH"},{"data":"Perseverance","floor":32.0,"key":"SMITH"},{"floor":47.0,"key":"RECALL"},{"floor":49.0,"key":"REST"},{"floor":52.0,"key":"REST"}],"circlet_count":0,"master_deck":["Strike_P","Strike_P","Strike_P","Defend_P","Eruption+1","Vigilance","BowlingBash","JustLucky","BattleHymn+1","Collect+1","DevaForm+1","Protect","BattleHymn+1","SpiritShield","CrushJoints+1","Devotion+1","Omniscience+1","EmptyBody+1","Perseverance+1","Meditate+1","Wallop","Fasting2+1","CutThroughFate","Secret Weapon","Halt","WaveOfTheHand+1","EmptyBody+1","Omniscience","JustLucky","WaveOfTheHand+1","Vault","ThirdEye","Vault","Establishment","Wireheading+1"],"relics":["Cursed Key","WarpedTongs","Lantern","Mercury Hourglass","Regal Pillow","DollysMirror","Astrolabe","Mango","Gremlin Horn","Anchor","Bottled Tornado","Fusion Hammer","Orichalcum","Omamori","Membership Card","Dead Branch"],"acts_visited":["Exordium","TheCity","TheBeyond","TheEnding"],"potions_floor_usage":[55,55],"damage_taken":[{"damage":0.0,"enemies":"Small Slimes","floor":1.0,"turns":3.0},{"damage":0.0,"enemies":"Cultist","floor":2.0,"turns":2.0},{"damage":2.0,"enemies":"2 Louse","floor":4.0,"turns":2.0},{"damage":9.0,"enemies":"Lots of Slimes","floor":5.0,"turns":5.0},{"damage":11.0,"enemies":"2 Fungi Beasts","floor":7.0,"turns":2.0},{"damage":15.0,"enemies":"Gremlin Nob","floor":8.0,"turns":3.0},{"damage":0.0,"enemies":"Lagavulin","floor":10.0,"turns":4.0},{"damage":0.0,"enemies":"Slime Boss","floor":16.0,"turns":4.0},{"damage":0.0,"enemies":"Spheric Guardian","floor":18.0,"turns":2.0},{"damage":13.0,"enemies":"Shell Parasite","floor":19.0,"turns":4.0},{"damage":5.0,"enemies":"Snecko","floor":20.0,"turns":4.0},{"damage":5.0,"enemies":"Snake Plant","floor":21.0,"turns":5.0},{"damage":0.0,"enemies":"Centurion and Healer","floor":22.0,"turns":4.0},{"damage":3.0,"enemies":"Book of Stabbing","floor":23.0,"turns":4.0},{"damage":16.0,"enemies":"Gremlin Leader","floor":25.0,"turns":4.0},{"damage":0.0,"enemies":"Shelled Parasite and Fungi","floor":29.0,"turns":3.0},{"damage":0.0,"enemies":"Book of Stabbing","floor":30.0,"turns":4.0},{"damage":2.0,"enemies":"Champ","floor":33.0,"turns":6.0},{"damage":0.0,"enemies":"3 Shapes","floor":35.0,"turns":3.0},{"damage":0.0,"enemies":"Orb Walker","floor":36.0,"turns":3.0},{"damage":14.0,"enemies":"Writhing Mass","floor":38.0,"turns":5.0},{"damage":6.0,"enemies":"Maw","floor":39.0,"turns":5.0},{"damage":14.0,"enemies":"Nemesis","floor":40.0,"turns":5.0},{"damage":12.0,"enemies":"Jaw Worm Horde","floor":42.0,"turns":5.0},{"damage":3.0,"enemies":"Giant Head","floor":44.0,"turns":5.0},{"damage":10.0,"enemies":"Transient","floor":46.0,"turns":6.0},{"damage":9.0,"enemies":"4 Shapes","floor":48.0,"turns":3.0},{"damage":19.0,"enemies":"Time Eater","floor":50.0,"turns":8.0},{"damage":42.0,"enemies":"Shield and Spear","floor":54.0,"turns":5.0},{"damage":27,"enemies":"The Heart","floor":55,"turns":8}],"seed_played":"2827063541488838253","potions_obtained":[{"floor":2.0,"key":"GamblersBrew"},{"floor":8.0,"key":"BottledMiracle"},{"floor":16.0,"key":"Explosive Potion"},{"floor":19.0,"key":"Explosive Potion"},{"floor":20.0,"key":"Swift Potion"},{"floor":22.0,"key":"LiquidMemories"},{"floor":25.0,"key":"Weak Potion"},{"floor":38.0,"key":"Regen Potion"},{"floor":39.0,"key":"ColorlessPotion"},{"floor":44.0,"key":"DuplicationPotion"}],"is_trial":false,"path_per_floor":["M","M","?","M","M","R","M","E","T","E","R","?","$","?","R","B",null,"M","M","M","M","M","E","$","E","T","R","?","M","E","?","R","B",null,"M","M","?","M","M","E","$","M","T","E","?","M","R","M","R","B",null,"R","$","E","B",null],"character_chosen":"WATCHER","items_purchased":["DollysMirror","CutThroughFate","Secret Weapon","Halt","Vault","Swift Potion","Membership Card","Establishment","Energy Potion"],"campfire_rested":2,"item_purchase_floors":[13,24,24,24,41,41,53,53,53],"current_hp_per_floor":[72,72,72,70,61,61,50,35,35,35,35,24,24,17,17,17,58,58,45,40,35,35,46,46,30,30,30,24,24,24,24,24,22,70,70,70,70,56,64,50,50,38,38,35,35,25,25,16,55,36,71,82,82,40,13],"gold":31,"neow_bonus":"BOSS_RELIC","is_daily":false,"chose_seed":false,"campfire_upgraded":5,"win_rate":0.0,"timestamp":1607756458,"path_taken":["M","M","?","M","M","R","?","E","T","E","R","?","$","?","R","BOSS","M","M","M","M","M","E","$","E","T","R","?","?","E","?","R","BOSS","M","M","?","M","M","E","$","M","T","E","?","M","R","M","R","BOSS","R","$","E","BOSS"],"items_purchased_type":["Relic","Card","Card","Card","Card","Potion","Relic","Card","Potion"],"build_version":"2020-11-30","purchased_purges":3,"victory":true,"max_hp_per_floor":[72,72,72,72,72,72,72,72,72,72,72,72,72,72,72,72,72,72,72,72,72,72,86,86,86,86,86,86,86,86,86,86,86,86,86,86,82,82,82,82,82,82,82,82,82,82,82,82,82,82,82,82,82,82,82],"relic_stats":{"Regal Pillow":15,"Gremlin Horn":[9,9],"counters":[30,126],"Astrolabe":["CrushJoints","Devotion","Omniscience"],"Dead Branch":[21],"Orichalcum":[60],"Cursed Key":3,"obtain_stats":[{"Lantern":8,"Regal Pillow":10,"Gremlin Horn":25,"Astrolabe":17,"Dead Branch":54,"Mango":23,"Omamori":44,"Bottled Tornado":30,"Orichalcum":40,"Cursed Key":0,"WarpedTongs":3,"Mercury Hourglass":9,"Anchor":26,"DollysMirror":13,"Fusion Hammer":34,"Membership Card":53,"PureWater":0},{"Lantern":6,"Regal Pillow":7,"Gremlin Horn":15,"Astrolabe":8,"Dead Branch":29,"Mango":14,"Omamori":25,"Bottled Tornado":17,"Orichalcum":23,"Cursed Key":0,"WarpedTongs":2,"Mercury Hourglass":6,"Anchor":15,"DollysMirror":7,"Fusion Hammer":18,"Membership Card":28,"PureWater":0},{"Lantern":17,"Regal Pillow":21,"Gremlin Horn":52,"Astrolabe":25,"Dead Branch":118,"Mango":48,"Omamori":96,"Bottled Tornado":59,"Orichalcum":86,"Cursed Key":0,"WarpedTongs":5,"Mercury Hourglass":17,"Anchor":52,"DollysMirror":21,"Fusion Hammer":65,"Membership Card":113,"PureWater":0}],"WarpedTongs":[116],"Mercury Hourglass":[324]},"card_choices":[{"not_picked":["CrushJoints","Halt"],"picked":"BowlingBash","floor":1.0},{"not_picked":["FlyingSleeves","Conclude"],"picked":"JustLucky","floor":2.0},{"not_picked":["CarveReality","Study"],"picked":"BattleHymn","floor":4.0},{"not_picked":["SignatureMove","Study"],"picked":"Collect","floor":5.0},{"not_picked":["SashWhip","WindmillStrike","CarveReality"],"picked":"SKIP","floor":7.0},{"not_picked":["Conclude","Collect"],"picked":"DevaForm","floor":8.0},{"not_picked":["Halt","FearNoEvil"],"picked":"Protect","floor":10.0},{"not_picked":["Wish","LessonLearned"],"picked":"SpiritShield","floor":16.0},{"not_picked":["FlurryOfBlows","Crescendo"],"picked":"EmptyBody+1","floor":18.0},{"not_picked":["Crescendo","EmptyBody","PathToVictory"],"picked":"SKIP","floor":19.0},{"not_picked":["EmptyBody","BowlingBash+1"],"picked":"Perseverance","floor":20.0},{"not_picked":["Fasting2","CrushJoints"],"picked":"Meditate+1","floor":21.0},{"not_picked":["DeusExMachina","JustLucky"],"picked":"Wallop","floor":22.0},{"not_picked":["WheelKick","DeceiveReality"],"picked":"Fasting2+1","floor":23.0},{"not_picked":["Nirvana","MentalFortress"],"picked":"WaveOfTheHand+1","floor":25.0},{"not_picked":["Evaluate","Vengeance"],"picked":"EmptyBody+1","floor":29.0},{"not_picked":["Nirvana","EmptyFist","Halt"],"picked":"SKIP","floor":30.0},{"not_picked":["Nirvana","EmptyFist","Halt"],"picked":"SKIP","floor":30.0},{"not_picked":["Wish","LessonLearned"],"picked":"Omniscience","floor":33.0},{"not_picked":["BowlingBash+1","WreathOfFlame+1"],"picked":"JustLucky","floor":35.0},{"not_picked":["PathToVictory+1","WreathOfFlame+1"],"picked":"WaveOfTheHand+1","floor":36.0},{"not_picked":["PathToVictory","Crescendo+1","BowlingBash"],"picked":"SKIP","floor":38.0},{"not_picked":["Weave","Crescendo","EmptyFist"],"picked":"SKIP","floor":39.0},{"not_picked":["CrushJoints","EmptyBody","Halt"],"picked":"SKIP","floor":40.0},{"not_picked":["PathToVictory+1","FlyingSleeves","Swivel"],"picked":"SKIP","floor":42.0},{"not_picked":["PathToVictory","BattleHymn+1"],"picked":"ThirdEye","floor":44.0},{"not_picked":["JustLucky+1","Halt"],"picked":"Vault","floor":46.0},{"not_picked":["Consecrate+1","Evaluate","ReachHeaven+1"],"picked":"SKIP","floor":48.0},{"not_picked":["TalkToTheHand","FlyingSleeves+1"],"picked":"Wireheading+1","floor":54.0}],"player_experience":483241,"relics_obtained":[{"floor":8.0,"key":"Lantern"},{"floor":9.0,"key":"Mercury Hourglass"},{"floor":10.0,"key":"Regal Pillow"},{"floor":23.0,"key":"Mango"},{"floor":25.0,"key":"Gremlin Horn"},{"floor":26.0,"key":"Anchor"},{"floor":30.0,"key":"Bottled Tornado"},{"floor":40.0,"key":"Orichalcum"},{"floor":44.0,"key":"Omamori"},{"floor":54.0,"key":"Dead Branch"}],"event_choices":[{"damage_healed":0.0,"max_hp_gain":0.0,"max_hp_loss":0.0,"gold_gain":0.0,"event_name":"Accursed Blacksmith","player_choice":"Rummage","floor":3.0,"gold_loss":0.0,"damage_taken":0.0,"relics_obtained":["WarpedTongs"],"cards_obtained":["Pain"]},{"damage_healed":0.0,"max_hp_gain":0.0,"max_hp_loss":0.0,"gold_gain":75.0,"event_name":"betterThird:BetterGoop","player_choice":"Gold","floor":12.0,"gold_loss":0.0,"damage_taken":11.0},{"cards_removed":["Clumsy"],"damage_healed":0.0,"max_hp_gain":0.0,"max_hp_loss":0.0,"gold_gain":0.0,"event_name":"Golden Wing","player_choice":"Card Removal","floor":14.0,"gold_loss":0.0,"damage_taken":7.0},{"damage_healed":0.0,"max_hp_gain":0.0,"max_hp_loss":0.0,"gold_gain":0.0,"event_name":"Knowing Skull","player_choice":"","floor":28.0,"potions_obtained":[],"gold_loss":0.0,"damage_taken":6.0,"cards_obtained":[]},{"damage_healed":0.0,"max_hp_gain":0.0,"max_hp_loss":0.0,"gold_gain":99.0,"event_name":"betterThird:BetterNest","player_choice":"Steal","floor":31.0,"gold_loss":0.0,"damage_taken":0.0},{"damage_healed":0.0,"max_hp_gain":0.0,"max_hp_loss":4.0,"gold_gain":0.0,"event_name":"Winding Halls","player_choice":"Max HP","floor":37.0,"gold_loss":0.0,"damage_taken":0.0},{"cards_removed":["Strike_P"],"damage_healed":0.0,"max_hp_gain":0.0,"max_hp_loss":0.0,"gold_gain":0.0,"event_name":"Falling","player_choice":"Removed Attack","floor":45.0,"gold_loss":0.0,"damage_taken":0.0}],"is_beta":false,"boss_relics":[{"not_picked":["Coffee Dripper","Tiny House"],"picked":"Astrolabe"},{"not_picked":["Sozu","VioletLotus"],"picked":"Fusion Hammer"}],"items_purged_floors":[13,41,53],"is_endless":false,"potions_floor_spawned":[2,8,16,19,20,22,25,38,39,44,48],"ascension_level":5}}