{"host":"nox","time":1607791264,"event":{"mods":["BaseMod","Colored Powertips","Minty Spire (QoL Compilation)","Quick Restart","Replay The Spire","StSLib"],"gold_per_floor":[115,126,138,138,138,176,176,191,215,215,215],"floor_reached":10,"playtime":267,"items_purged":[],"score":85,"play_id":"45d1979b-5b8c-4694-8fa0-8b56badf58d1","local_time":"20201212234104","is_ascension_mode":true,"campfire_choices":[{"data":"Body Slam","floor":7,"key":"SMITH"}],"circlet_count":0,"master_deck":["Strike_R","Strike_R","Strike_R","Strike_R","Strike_R","Defend_R","Defend_R","Defend_R","Defend_R","Bash","Body Slam+1","Perfected Strike"],"relics":["Runic Pyramid","Golden Idol","FaceOfCleric","Potion Belt"],"acts_visited":["Exordium"],"potions_floor_usage":[6,10],"damage_taken":[{"damage":1,"enemies":"Cultist","floor":1,"turns":4},{"damage":5,"enemies":"2 Louse","floor":2,"turns":3},{"damage":5,"enemies":"Small Slimes","floor":3,"turns":3},{"damage":16,"enemies":"Gremlin Nob","floor":6,"turns":4},{"damage":17,"enemies":"Exordium Wildlife","floor":8,"turns":5},{"damage":35,"enemies":"Lagavulin","floor":10,"turns":5}],"seed_played":"570847957646263144","potions_obtained":[{"floor":3,"key":"SpeedPotion"},{"floor":8,"key":"Strength Potion"}],"is_trial":false,"path_per_floor":["M","M","M","?","?","E","R","M","T","E"],"character_chosen":"IRONCLAD","items_purchased":[],"campfire_rested":0,"item_purchase_floors":[],"current_hp_per_floor":[79,74,69,49,49,34,34,18,18,0,0],"gold":215,"neow_bonus":"BOSS_RELIC","is_daily":false,"chose_seed":false,"campfire_upgraded":1,"win_rate":0.0,"timestamp":1607791264,"path_taken":["M","M","M","?","?","E","R","M","T","E"],"items_purchased_type":[],"build_version":"2020-11-17","purchased_purges":0,"victory":false,"max_hp_per_floor":[80,80,80,80,80,81,81,82,82,82,82],"card_choices":[{"not_picked":["Iron Wave","Perfected Strike"],"picked":"Body Slam","floor":1},{"not_picked":["Havoc","Seeing Red"],"picked":"Perfected Strike","floor":2},{"not_picked":["Heavy Blade","Massacre","ReplayTheSpireMod:Stacked"],"picked":"SKIP","floor":3},{"not_picked":["Intimidate","True Grit","Cleave"],"picked":"SKIP","floor":6},{"not_picked":["Thunderclap","Dark Embrace","Sentinel"],"picked":"SKIP","floor":8}],"player_experience":89378,"relics_obtained":[{"floor":6,"key":"Potion Belt"}],"event_choices":[{"damage_healed":0,"gold_gain":0,"player_choice":"Take Damage","damage_taken":20,"relics_obtained":["Golden Idol"],"max_hp_gain":0,"max_hp_loss":0,"event_name":"Golden Idol","floor":4,"gold_loss":0},{"damage_healed":0,"gold_gain":0,"player_choice":"Trade","damage_taken":0,"relics_obtained":["FaceOfCleric"],"max_hp_gain":0,"max_hp_loss":0,"event_name":"FaceTrader","floor":5,"gold_loss":0}],"is_beta":true,"boss_relics":[],"items_purged_floors":[],"is_endless":false,"potions_floor_spawned":[3,8],"killed_by":"Lagavulin","ascension_level":5}}