{"host":"rd7y11747h4ctw9a","time":1607741643,"event":{"mods":["AchievementEnabler","BaseMod","Colored Map","Colored Powertips","Downfall","Minty Spire (QoL Compilation)","Rare Cards Sparkle","StSLib","The Blue Laboratory"],"gold_per_floor":[113,126,57,74,2,2,34,48,48,8,21,21,34,51,51,156,156,168,182,198,198,213,213,247,259,271,293,319,331,433,47,47,149,149,162,180,180,193,153,10,20,40,85,85,99,99,5,25,25,25,25],"floor_reached":50,"playtime":7189,"items_purged":[],"score":495,"play_id":"5e9a9d5e-fb15-4cf6-bea9-eeb1a9809c68","local_time":"20201211205403","is_ascension_mode":false,"campfire_choices":[{"data":"Inflame","floor":6,"key":"SMITH"},{"floor":12,"key":"REST"},{"floor":15,"key":"REST"},{"data":"Infernal Blade","floor":23,"key":"SMITH"},{"data":"Fiend Fire","floor":29,"key":"SMITH"},{"data":"expansioncontent:CaCaw","floor":32,"key":"SMITH"},{"floor":44,"key":"REST"},{"floor":46,"key":"REST"},{"data":"Flex","floor":49,"key":"SMITH"}],"circlet_count":0,"master_deck":["Strike_R+1","Strike_R+1","Strike_R+1","Strike_R+1","Strike_R+1","Defend_R+1","Defend_R+1","Defend_R+1","Defend_R+1","Bash","Cleave","Flex","Feel No Pain+1","Metallicize","Iron Wave+1","Inflame+1","Uppercut","Fire Breathing","Whirlwind","Shockwave","Reckless Charge","Infernal Blade+1","Fiend Fire+1","Shrug It Off+1","Blood for Blood+1","Clash","Body Slam+1","Reaper","Entrench","expansioncontent:CaCaw+1","Juggernaut","Body Slam","Iron Wave+1","expansioncontent:Chronoboost","True Grit+1","Anger","Flex+1","Wild Strike+1","Panacea","Heavy Blade"],"relics":["Burning Blood","Kunai","Self Forming Clay","Runic Pyramid","MawBank","Shuriken","Lee\u0027s Waffle","Pen Nib","Mark of Pain","HandDrill","Orichalcum"],"acts_visited":["Exordium","TheCity","TheBeyond"],"potions_floor_usage":[7,24,33,33,35,48,50],"damage_taken":[{"damage":13,"enemies":"Cultist","floor":1,"turns":5},{"damage":5,"enemies":"Small Slimes","floor":2,"turns":3},{"damage":17,"enemies":"Jaw Worm","floor":4,"turns":4},{"damage":22,"enemies":"3 Sentries","floor":7,"turns":8},{"damage":22,"enemies":"Exordium Thugs","floor":8,"turns":5},{"damage":3,"enemies":"3 Louse","floor":11,"turns":3},{"damage":7,"enemies":"Looter","floor":13,"turns":3},{"damage":8,"enemies":"Exordium Thugs","floor":14,"turns":4},{"damage":34,"enemies":"Hexaghost","floor":16,"turns":12},{"damage":1,"enemies":"Chosen","floor":18,"turns":3},{"damage":20,"enemies":"Shell Parasite","floor":19,"turns":4},{"damage":5,"enemies":"Centurion and Healer","floor":20,"turns":7},{"damage":7,"enemies":"Snake Plant","floor":22,"turns":3},{"damage":19,"enemies":"Slavers","floor":24,"turns":6},{"damage":8,"enemies":"Snecko","floor":27,"turns":4},{"damage":0,"enemies":"Cultist and Chosen","floor":28,"turns":4},{"damage":25,"enemies":"Champ","floor":33,"turns":8},{"damage":39,"enemies":"3 Darklings","floor":35,"turns":5},{"damage":12,"enemies":"3 Shapes","floor":36,"turns":3},{"damage":20,"enemies":"3 Darklings","floor":38,"turns":5},{"damage":31,"enemies":"Spire Growth","floor":41,"turns":4},{"damage":20,"enemies":"Maw","floor":42,"turns":7},{"damage":24,"enemies":"Sphere and 2 Shapes","floor":45,"turns":4},{"damage":14,"enemies":"Writhing Mass","floor":48,"turns":4},{"damage":79,"enemies":"Time Eater","floor":50,"turns":8}],"seed_played":"-6643328161238387346","potions_obtained":[{"floor":1,"key":"SteroidPotion"},{"floor":4,"key":"blueLaboratory:LouseDecoction"},{"floor":11,"key":"SkillPotion"},{"floor":14,"key":"BloodPotion"},{"floor":16,"key":"Strength Potion"},{"floor":24,"key":"Fire Potion"},{"floor":33,"key":"blueLaboratory:PyrophylliteBrew"},{"floor":35,"key":"blueLaboratory:PolymorphPotion"},{"floor":38,"key":"Slimebound:ThreeZeroPotion"},{"floor":42,"key":"blueLaboratory:CorrosionFlask"}],"is_trial":false,"path_per_floor":["M","M","$","M","$","R","E","M","T","$","M","R","M","M","R","B",null,"M","M","M","?","M","R","E","?","T","M","M","R","?","$","R","B",null,"M","M","?","M","?","$","M","M","T","R","M","R","$","M","R","B"],"character_chosen":"IRONCLAD","items_purchased":["Metallicize","Inflame","Whirlwind","expansioncontent:CaCaw","Lee\u0027s Waffle","Pen Nib","HandDrill","Panacea"],"campfire_rested":4,"item_purchase_floors":[3,5,10,31,31,31,40,47],"current_hp_per_floor":[73,74,74,63,63,63,47,31,31,31,34,58,57,55,79,51,80,80,66,67,67,66,66,53,53,53,51,57,57,45,87,87,82,87,71,65,65,73,73,73,48,34,34,60,50,76,76,78,78,0,0],"gold":25,"neow_bonus":"THREE_CARDS","is_daily":false,"chose_seed":false,"campfire_upgraded":5,"win_rate":0.0,"timestamp":1607741643,"path_taken":["M","M","$","?","?","R","E","M","T","$","M","R","M","M","R","BOSS","M","M","M","?","M","R","E","?","T","?","M","R","?","$","R","BOSS","M","M","?","M","?","$","M","M","T","R","M","R","$","M","R","BOSS"],"items_purchased_type":["Card","Card","Card","Card","Relic","Relic","Relic","Card"],"build_version":"2020-11-30","purchased_purges":0,"victory":false,"max_hp_per_floor":[80,80,80,80,80,80,80,80,80,80,80,80,80,80,80,80,80,80,80,80,80,80,80,80,80,80,80,80,80,80,87,87,87,87,87,87,87,87,87,87,87,87,87,87,87,87,87,87,87,87,87],"card_choices":[{"not_picked":["Shrug It Off","True Grit"],"picked":"Cleave","floor":0},{"not_picked":["Feel No Pain","Cleave"],"picked":"Flex","floor":1},{"not_picked":["Uppercut","Havoc"],"picked":"Feel No Pain","floor":2},{"not_picked":["Clothesline","True Grit"],"picked":"Iron Wave","floor":4},{"not_picked":["Armaments","Feel No Pain"],"picked":"Uppercut","floor":7},{"not_picked":["Dark Embrace","Sentinel"],"picked":"Fire Breathing","floor":8},{"not_picked":["Sword Boomerang","Inflame"],"picked":"Shockwave","floor":11},{"not_picked":["Cleave","Heavy Blade"],"picked":"Reckless Charge","floor":13},{"not_picked":["Whirlwind","Pummel"],"picked":"Infernal Blade","floor":14},{"not_picked":["Brutality","Feed"],"picked":"Fiend Fire","floor":16},{"not_picked":["Cleave","Thunderclap"],"picked":"Shrug It Off+1","floor":18},{"not_picked":["Clothesline","Wild Strike"],"picked":"Blood for Blood+1","floor":19},{"not_picked":["Body Slam","Rampage","Flex"],"picked":"SKIP","floor":20},{"not_picked":["Shockwave","Sword Boomerang"],"picked":"Clash","floor":22},{"not_picked":["True Grit","Carnage"],"picked":"Body Slam+1","floor":24},{"not_picked":["Iron Wave","Carnage"],"picked":"Reaper","floor":27},{"not_picked":["Cleave","True Grit"],"picked":"Entrench","floor":28},{"not_picked":["Exhume","Immolate"],"picked":"Juggernaut","floor":33},{"not_picked":["Spot Weakness+1","True Grit+1"],"picked":"Body Slam","floor":35},{"not_picked":["Reckless Charge","Armaments"],"picked":"Iron Wave+1","floor":36},{"not_picked":["expansioncontent:SuperHexaguard","expansioncontent:Corrupt"],"picked":"expansioncontent:Chronoboost","floor":37},{"not_picked":["Shrug It Off","Pommel Strike+1"],"picked":"True Grit+1","floor":38},{"not_picked":["Searing Blow+1","Shrug It Off"],"picked":"Anger","floor":41},{"not_picked":["Rampage","Clash"],"picked":"Flex","floor":42},{"not_picked":["Battle Trance","Seeing Red"],"picked":"Wild Strike+1","floor":45},{"not_picked":["True Grit","Pommel Strike"],"picked":"Heavy Blade","floor":48}],"player_experience":203851,"relics_obtained":[{"floor":7,"key":"Kunai"},{"floor":9,"key":"Self Forming Clay"},{"floor":24,"key":"MawBank"},{"floor":26,"key":"Shuriken"},{"floor":43,"key":"Orichalcum"}],"event_choices":[{"damage_healed":0,"gold_gain":0,"player_choice":"Simplicity","damage_taken":0,"max_hp_gain":0,"max_hp_loss":0,"event_name":"Back to Basics","floor":21,"gold_loss":0,"cards_upgraded":["Strike_R","Strike_R","Strike_R","Strike_R","Strike_R","Defend_R","Defend_R","Defend_R","Defend_R"]},{"damage_healed":0,"gold_gain":0,"player_choice":"Ignored","damage_taken":0,"max_hp_gain":0,"max_hp_loss":0,"event_name":"Transmorgrifier","floor":25,"gold_loss":0},{"damage_healed":0,"gold_gain":90,"player_choice":"GOLD ","damage_taken":12,"max_hp_gain":0,"max_hp_loss":0,"event_name":"Knowing Skull","floor":30,"potions_obtained":[],"gold_loss":0,"cards_obtained":[]},{"damage_healed":0,"gold_gain":0,"player_choice":"Memory 1","damage_taken":0,"max_hp_gain":0,"max_hp_loss":0,"event_name":"SensoryStone","floor":37,"gold_loss":0},{"damage_healed":0,"gold_gain":0,"player_choice":"Upgraded Two","damage_taken":0,"max_hp_gain":0,"max_hp_loss":0,"event_name":"Designer","floor":39,"gold_loss":40,"cards_upgraded":["Feel No Pain","Iron Wave"]}],"is_beta":false,"boss_relics":[{"not_picked":["Astrolabe","Cursed Key"],"picked":"Runic Pyramid"},{"not_picked":["Coffee Dripper","Black Star"],"picked":"Mark of Pain"}],"items_purged_floors":[],"is_endless":false,"potions_floor_spawned":[1,4,11,14,16,19,20,24,28,33,35,38,42,45],"killed_by":"Time Eater","ascension_level":0}}