{"host":"90jl2h70xtuoeg0i","time":1607756328,"event":{"mods":["AchievementEnabler","BaseMod","Colored Map","Colored Powertips","Minty Spire (QoL Compilation)","Relic Stats","ojb\u0027s Better Paths Mod","ojb\u0027s Info Mod"],"gold_per_floor":[111,129,142,142,162,192,192,207,275,287,303,335,208,283,283,356,356,367,384,384,400,400,400],"floor_reached":22,"playtime":2532,"items_purged":["Pain"],"score":360,"play_id":"b26755f5-4110-401e-a289-837fe9f95e13","local_time":"20201212015848","is_ascension_mode":true,"campfire_choices":[{"floor":7.0,"key":"REST"},{"floor":15,"key":"REST"}],"circlet_count":0,"master_deck":["AscendersBane","Strike_G","Strike_G","Strike_G","Strike_G","Strike_G","Defend_G","Defend_G","Defend_G","Defend_G","Defend_G","Survivor","Neutralize","Eviscerate","Blade Dance","PiercingWail","Blade Dance","Accuracy","All Out Attack","Tools of the Trade","Backflip","Adrenaline","Acrobatics","Cloak And Dagger","Decay","Dodge and Roll"],"relics":["Runic Dome","WarpedTongs","Letter Opener","Gremlin Horn","Mango","Cursed Key"],"acts_visited":["Exordium","TheCity"],"potions_floor_usage":[21],"damage_taken":[{"damage":5.0,"enemies":"Small Slimes","floor":1.0,"turns":4.0},{"damage":0.0,"enemies":"Cultist","floor":2.0,"turns":4.0},{"damage":2.0,"enemies":"Jaw Worm","floor":3.0,"turns":3.0},{"damage":7.0,"enemies":"2 Fungi Beasts","floor":5.0,"turns":3.0},{"damage":29.0,"enemies":"3 Sentries","floor":6.0,"turns":9.0},{"damage":0.0,"enemies":"Blue Slaver","floor":8.0,"turns":3.0},{"damage":12.0,"enemies":"Large Slime","floor":10.0,"turns":3.0},{"damage":0.0,"enemies":"Gremlin Gang","floor":11.0,"turns":2.0},{"damage":16.0,"enemies":"Gremlin Nob","floor":12.0,"turns":3.0},{"damage":32,"enemies":"The Guardian","floor":16,"turns":12},{"damage":16,"enemies":"Shell Parasite","floor":18,"turns":5},{"damage":27,"enemies":"Chosen","floor":19,"turns":5},{"damage":17,"enemies":"Shelled Parasite and Fungi","floor":21,"turns":4},{"damage":7,"enemies":"Centurion and Healer","floor":22,"turns":2}],"seed_played":"-7083154282431150303","potions_obtained":[{"floor":3.0,"key":"Energy Potion"},{"floor":6.0,"key":"SpeedPotion"},{"floor":8.0,"key":"Fire Potion"},{"floor":11.0,"key":"AttackPotion"}],"is_trial":false,"path_per_floor":["M","M","M","?","M","E","R","M","T","M","M","E","$","?","R","B",null,"M","M","?","M","M"],"character_chosen":"THE_SILENT","items_purchased":["Backflip"],"campfire_rested":2,"item_purchase_floors":[13],"current_hp_per_floor":[54,54,52,52,45,16,35,35,35,23,23,21,21,10,34,2,61,45,18,18,1,0,0],"gold":400,"neow_bonus":"BOSS_RELIC","is_daily":false,"chose_seed":false,"campfire_upgraded":0,"win_rate":0.0,"timestamp":1607756328,"path_taken":["M","M","M","?","?","E","R","?","T","M","M","E","$","?","R","BOSS","M","M","?","M","M"],"items_purchased_type":["Card"],"build_version":"2020-11-30","purchased_purges":1,"victory":false,"max_hp_per_floor":[66,66,66,66,66,66,66,66,66,66,66,80,80,80,80,80,80,80,80,80,80,80,80],"relic_stats":{"Gremlin Horn":[5,5],"counters":[14,62],"Letter Opener":[89],"Cursed Key":0,"obtain_stats":[{"Runic Dome":0,"Gremlin Horn":9,"Mango":12,"Letter Opener":6,"Cursed Key":17,"Ring of the Snake":0,"WarpedTongs":4},{"Runic Dome":0,"Gremlin Horn":6,"Mango":9,"Letter Opener":5,"Cursed Key":10,"Ring of the Snake":0,"WarpedTongs":3},{"Runic Dome":0,"Gremlin Horn":26,"Mango":34,"Letter Opener":23,"Cursed Key":46,"Ring of the Snake":0,"WarpedTongs":11}],"WarpedTongs":[51]},"card_choices":[{"not_picked":["Poisoned Stab","Deflect"],"picked":"Eviscerate","floor":1.0},{"not_picked":["Blur","Poisoned Stab"],"picked":"Blade Dance","floor":2.0},{"not_picked":["Cloak And Dagger","Deflect"],"picked":"PiercingWail","floor":3.0},{"not_picked":["Flechettes","Prepared"],"picked":"Blade Dance","floor":5.0},{"not_picked":["All Out Attack","Well Laid Plans"],"picked":"Accuracy","floor":6.0},{"not_picked":["PiercingWail","Concentrate"],"picked":"All Out Attack","floor":8.0},{"not_picked":["Backflip","Tactician","Catalyst"],"picked":"SKIP","floor":10.0},{"not_picked":["Poisoned Stab","Backflip","All Out Attack"],"picked":"SKIP","floor":11.0},{"not_picked":["Dagger Throw","Prepared"],"picked":"Tools of the Trade","floor":12.0},{"not_picked":["After Image","Venomology"],"picked":"Adrenaline","floor":16},{"not_picked":["Quick Slash","Flying Knee"],"picked":"Acrobatics","floor":18},{"not_picked":["Slice+1","Dagger Throw"],"picked":"Cloak And Dagger","floor":19},{"not_picked":["Setup","Backstab"],"picked":"Dodge and Roll","floor":21}],"player_experience":1245375,"relics_obtained":[{"floor":6.0,"key":"Letter Opener"},{"floor":9.0,"key":"Gremlin Horn"},{"floor":12.0,"key":"Mango"}],"event_choices":[{"damage_healed":0.0,"max_hp_gain":0.0,"max_hp_loss":0.0,"gold_gain":0.0,"event_name":"Accursed Blacksmith","player_choice":"Rummage","floor":4.0,"gold_loss":0.0,"damage_taken":0.0,"relics_obtained":["WarpedTongs"],"cards_obtained":["Pain"]},{"damage_healed":0,"gold_gain":75,"player_choice":"Gather Gold","damage_taken":11,"max_hp_gain":0,"max_hp_loss":0,"event_name":"World of Goop","floor":14,"gold_loss":0},{"damage_healed":0,"gold_gain":0,"player_choice":"Smashed Altar","damage_taken":0,"max_hp_gain":0,"max_hp_loss":0,"event_name":"Forgotten Altar","floor":20,"gold_loss":0,"cards_obtained":["Decay"]}],"is_beta":false,"boss_relics":[{"not_picked":["SlaversCollar","Ectoplasm"],"picked":"Cursed Key"}],"items_purged_floors":[13],"is_endless":false,"potions_floor_spawned":[3,6,8,11],"killed_by":"Centurion and Healer","ascension_level":16}}