{"host":"s3g5dmvfnpdztvul","time":1607788952,"event":{"mods":["AchievementEnabler","AlwaysNeverKeys","Aspiration","BaseMod","Better Altar","Better Match","Better Note","Better Sensory Stone","Better Vampires","BetterRewards","CatGirl Mod","Challenge The Spire","Colored Map","Colored Powertips","Colorless Booster Pack","Conspire","Curses Come First","DeckTracker","Displayed Cursed Tome","Downfall","Energized Spire","Fiend Mod","Friendly Minions","GifTheSpireLib","Hubris","Hyrulean Relics","Infinite Spire","Ironclad Rager","Jedi Mod","Marisa????????","Marked Mod","Mimic Mod","Minty Spire (QoL Compilation)","Permanent Neow","Quick Restart","Railgun Mod","Random Character Button","Rare Cards Sparkle","Replay The Spire","SCP261 Mod","Shade Mod","Small Relic Pack","Spicy Shops","Spikes Relics","StSLib","Stuff the Spire","The Alterego","The Blue Laboratory","The Clintock","The Cursed","The Factory","The Jungle","The Necromancer","TheSwordswoman","Trackpad","Unceasing Turn Reminder","Virulent Crown","Waifu the Spire","Wandering Minibosses","vexMod"],"gold_per_floor":[111,111,150,150,166,185,213,213,236,236,251,264,244,21,21,21,21],"floor_reached":16,"playtime":1072,"items_purged":[],"score":110,"play_id":"45be8b6b-a380-4e6b-ba3c-15a9ff1a7403","local_time":"20201212110232","is_ascension_mode":true,"campfire_choices":[{"floor":10,"key":"REST"},{"floor":15,"key":"REST"}],"circlet_count":0,"master_deck":["Strike_R","Strike_R","Strike_R","Strike_R","Strike_R","Defend_R","Defend_R","Defend_R","Defend_R","Bash","Doubt","Pot Of Greed","jedi:fear","Cleave+1","Pot Of Greed","StuffTheSpire:Incineration","Shrug It Off","Clothesline","Anger","StuffTheSpire:CuriosityCurse","ReplayTheSpireMod:Strike From Hell","Wild Strike","Wild Strike","Thunderclap","Shrug It Off","conspire:ExplosiveBarrier","Anger","Pot Of Greed"],"relics":["Burning Blood","Toolbox","Grinning Jar","relicPack:OneForAll","ReplayFunnel","vexMod:BarristanHead","Blue Doll","NlothsMask","Membership Card"],"acts_visited":["Exordium"],"potions_floor_usage":[7,11,16,16,16],"damage_taken":[{"damage":2,"enemies":"Jaw Worm","floor":1,"turns":3},{"damage":5,"enemies":"2 Louse","floor":3,"turns":7},{"damage":0,"enemies":"2 Louse","floor":5,"turns":2},{"damage":0,"enemies":"Small Slimes","floor":6,"turns":4},{"damage":42,"enemies":"Lagavulin","floor":7,"turns":6},{"damage":28,"enemies":"Exordium Thugs","floor":11,"turns":4},{"damage":26,"enemies":"3 Louse","floor":12,"turns":3},{"damage":41,"enemies":"The Guardian","floor":16,"turns":10}],"seed_played":"-198738360240628157","potions_obtained":[{"floor":1,"key":"SCP261:ClockworkPotion"},{"floor":7,"key":"blueLaboratory:SavagePotion"},{"floor":11,"key":"blueLaboratory:EmptyBottle"},{"floor":12,"key":"Elixir"},{"floor":13,"key":"blueLaboratory:HummingbirdPotion"}],"is_trial":false,"path_per_floor":["M","?","MIM","?","M","M","E","?","T","R","M","M","?","$","R","B"],"character_chosen":"IRONCLAD","items_purchased":["Toolbox","Grinning Jar","jedi:fear","Cleave+1","StuffTheSpire:Incineration","Shrug It Off","Membership Card","conspire:ExplosiveBarrier","Anger"],"campfire_rested":2,"item_purchase_floors":[0,0,0,0,0,0,14,14,14],"current_hp_per_floor":[61,61,62,62,68,74,38,38,38,60,38,18,18,18,40,0,0],"gold":21,"neow_bonus":"","is_daily":false,"chose_seed":false,"campfire_upgraded":0,"win_rate":0.0,"timestamp":1607788952,"path_taken":["M","?","?","?","M","?","E","?","T","R","M","?","?","$","R","BOSS"],"items_purchased_type":["Relic","Relic","Card","Card","Card","Card","Relic","Card","Card"],"build_version":"2020-11-30","purchased_purges":0,"victory":false,"max_hp_per_floor":[75,75,75,75,75,75,75,75,75,75,75,75,75,75,75,75,75],"card_choices":[{"not_picked":["True Grit","Headbutt"],"picked":"Clothesline","floor":1},{"not_picked":["ReplayTheSpireMod:Stacked","Shrug It Off"],"picked":"Anger","floor":3},{"not_picked":["Pommel Strike","StuffTheSpire:RockThrow"],"picked":"ReplayTheSpireMod:Strike From Hell","floor":5},{"not_picked":["Demon Form","Disarm"],"picked":"Wild Strike","floor":6},{"not_picked":["Twin Strike","Shockwave"],"picked":"Wild Strike","floor":7},{"not_picked":["ReplayTheSpireMod:Corrosion Curse","True Grit"],"picked":"Thunderclap","floor":11},{"not_picked":["True Grit","Perfected Strike"],"picked":"Shrug It Off","floor":12}],"player_experience":504294,"relics_obtained":[{"floor":3,"key":"ReplayFunnel"},{"floor":7,"key":"Blue Doll"}],"event_choices":[{"damage_healed":0,"gold_gain":0,"player_choice":"Trade","damage_taken":0,"relics_obtained":["NlothsMask"],"max_hp_gain":0,"max_hp_loss":0,"event_name":"FaceTrader","floor":8,"gold_loss":0},{"damage_healed":0,"gold_gain":0,"player_choice":"Bought 1 Potion","damage_taken":0,"max_hp_gain":0,"max_hp_loss":0,"event_name":"The Woman in Blue","floor":13,"gold_loss":0}],"is_beta":false,"boss_relics":[],"items_purged_floors":[],"is_endless":false,"potions_floor_spawned":[1,7,11,12],"killed_by":"The Guardian","ascension_level":2}}