{"host":"0tiuc76yumknr6qf","time":1607749535,"event":{"mods":["BaseMod","Hermit","Minty Spire (QoL Compilation)","StSLib"],"gold_per_floor":[109,128,147,147,147,147,147,158,235,247,247,262,262,272,272,370,370,381,394,405,257,257,285,285,320,371,371,371,403,55,83,83,255,255,287,304,88,88,170,170,170,191,191,196,196],"floor_reached":44,"playtime":11291,"items_purged":["hermit:Strike_Hermit"],"score":447,"play_id":"5e8fe83a-2aae-4df3-98f6-02ba8f334162","local_time":"20201211230535","is_ascension_mode":false,"campfire_choices":[{"floor":6,"key":"REST"},{"data":"hermit:Snipe","floor":11,"key":"SMITH"},{"floor":15,"key":"REST"},{"data":"hermit:DeadOrAlive","floor":24,"key":"SMITH"},{"data":"hermit:Roughhouse","floor":32,"key":"SMITH"},{"data":"hermit:FlashPowder","floor":40,"key":"SMITH"}],"circlet_count":0,"master_deck":["hermit:Defend_Hermit","hermit:Defend_Hermit","hermit:Defend_Hermit","hermit:Defend_Hermit","hermit:Snapshot","hermit:Covet","hermit:Snipe+1","hermit:Vantage","hermit:Ricochet","hermit:LoneWolf","hermit:Enervate","hermit:FlashPowder+1","hermit:PistolWhip","hermit:FatalDesire","hermit:DeadMansHand+1","hermit:TakeAim","hermit:DeadOrAlive+1","hermit:Roughhouse+1","hermit:Horror","hermit:HoleUp","hermit:Roughhouse","hermit:Scavenge","hermit:ShadowCloak","hermit:HoleUp"],"relics":["hermit:Momento","Tiny Chest","Mummified Hand","Ice Cream","Coffee Dripper","Nunchaku","Orichalcum","Letter Opener","Gambling Chip","Philosopher\u0027s Stone","OrangePellets","The Courier","Turnip"],"acts_visited":["Exordium","TheCity","TheBeyond"],"potions_floor_usage":[16,20,23,33,33],"damage_taken":[{"damage":2,"enemies":"Small Slimes","floor":1,"turns":3},{"damage":2,"enemies":"2 Louse","floor":2,"turns":3},{"damage":1,"enemies":"Jaw Worm","floor":3,"turns":4},{"damage":3,"enemies":"Exordium Wildlife","floor":8,"turns":3},{"damage":5,"enemies":"Looter","floor":10,"turns":3},{"damage":2,"enemies":"2 Fungi Beasts","floor":12,"turns":2},{"damage":21,"enemies":"Exordium Thugs","floor":14,"turns":5},{"damage":6,"enemies":"Slime Boss","floor":16,"turns":10},{"damage":14,"enemies":"2 Thieves","floor":18,"turns":4},{"damage":14,"enemies":"Shell Parasite","floor":19,"turns":4},{"damage":4,"enemies":"Snake Plant","floor":20,"turns":4},{"damage":31,"enemies":"Book of Stabbing","floor":23,"turns":6},{"damage":9,"enemies":"Sentry and Sphere","floor":25,"turns":4},{"damage":0,"enemies":"Snecko","floor":29,"turns":4},{"damage":0,"enemies":"Cultist and Chosen","floor":31,"turns":5},{"damage":20,"enemies":"Automaton","floor":33,"turns":8},{"damage":0,"enemies":"Orb Walker","floor":35,"turns":3},{"damage":15,"enemies":"3 Darklings","floor":36,"turns":4},{"damage":42,"enemies":"Transient","floor":42,"turns":5},{"damage":46,"enemies":"Nemesis","floor":44,"turns":6}],"seed_played":"-2510572716897423462","potions_obtained":[{"floor":2,"key":"CultistPotion"},{"floor":8,"key":"PowerPotion"},{"floor":14,"key":"hermit:Tonic"},{"floor":18,"key":"Weak Potion"},{"floor":20,"key":"Block Potion"},{"floor":25,"key":"Energy Potion"},{"floor":36,"key":"LiquidBronze"}],"is_trial":false,"path_per_floor":["M","M","M","?","?","R","?","M","T","M","R","M","T","M","R","B",null,"M","M","M","$","T","E","R","M","T","?","?","M","$","M","R","B",null,"M","M","$","?","T","R","?","M","T","E"],"character_chosen":"HERMIT","items_purchased":["hermit:TakeAim","Gambling Chip","hermit:HoleUp","OrangePellets","hermit:ShadowCloak"],"campfire_rested":2,"item_purchase_floors":[21,30,30,37,37],"current_hp_per_floor":[66,64,63,38,20,46,51,48,48,43,43,41,41,20,48,42,94,80,66,62,62,62,31,31,22,22,22,22,22,22,22,22,2,94,94,79,79,79,79,79,79,37,37,0,0],"gold":196,"neow_bonus":"TWENTY_PERCENT_HP_BONUS","is_daily":false,"chose_seed":false,"campfire_upgraded":4,"win_rate":0.0,"timestamp":1607749535,"path_taken":["M","M","M","?","?","R","?","M","T","M","R","M","?","M","R","BOSS","M","M","M","$","?","E","R","M","T","?","?","M","$","M","R","BOSS","M","M","$","?","?","R","?","M","T","E"],"items_purchased_type":["Card","Relic","Card","Relic","Card"],"build_version":"2020-11-30","purchased_purges":1,"victory":false,"max_hp_per_floor":[89,89,89,89,89,89,94,94,94,94,94,94,94,94,94,94,94,94,94,94,94,94,94,94,94,94,94,94,94,94,94,94,94,94,94,94,94,94,94,94,94,94,94,94,94],"card_choices":[{"not_picked":["hermit:LowProfile","hermit:Quickdraw"],"picked":"hermit:Snipe","floor":1},{"not_picked":["hermit:LowProfile","hermit:Feint"],"picked":"hermit:Vantage","floor":2},{"not_picked":["hermit:ItchyTrigger","hermit:CalledShot"],"picked":"hermit:Ricochet","floor":3},{"not_picked":["hermit:Feint","hermit:HoleUp"],"picked":"hermit:LoneWolf","floor":8},{"not_picked":["hermit:Cheat","hermit:LowProfile"],"picked":"hermit:Enervate","floor":10},{"not_picked":["hermit:EyeOfTheStorm","hermit:SprayPray"],"picked":"hermit:FlashPowder","floor":12},{"not_picked":["hermit:Combo","hermit:Dive"],"picked":"hermit:PistolWhip","floor":14},{"not_picked":["hermit:Gambit","hermit:Purgatory"],"picked":"hermit:FatalDesire","floor":16},{"not_picked":["hermit:TrackingShot","hermit:Headshot","hermit:WideOpen"],"picked":"SKIP","floor":18},{"not_picked":["hermit:ItchyTrigger","hermit:Misfire+1","hermit:Manifest"],"picked":"SKIP","floor":19},{"not_picked":["hermit:LoneWolf","hermit:Malice"],"picked":"hermit:DeadMansHand+1","floor":20},{"not_picked":["hermit:Misfire+1","hermit:Determination"],"picked":"hermit:DeadOrAlive","floor":23},{"not_picked":["hermit:ItchyTrigger+1","hermit:Misfire+1","hermit:HighCaliber+1"],"picked":"SKIP","floor":25},{"not_picked":["hermit:PistolWhip","hermit:Grudge","hermit:Roulette"],"picked":"SKIP","floor":29},{"not_picked":["hermit:SprayPray","hermit:HighNoon","hermit:CalledShot"],"picked":"SKIP","floor":31},{"not_picked":["hermit:EternalForm","hermit:Purgatory"],"picked":"hermit:Roughhouse","floor":33},{"not_picked":["hermit:HoleUp+1","hermit:TrackingShot"],"picked":"hermit:Scavenge","floor":35},{"not_picked":["hermit:PistolWhip","hermit:Coalescence","hermit:TakeAim+1"],"picked":"SKIP","floor":36},{"not_picked":["hermit:Horror","hermit:SprayPray+1","hermit:CursedWeapon"],"picked":"SKIP","floor":42}],"player_experience":1794713,"relics_obtained":[{"floor":9,"key":"Mummified Hand"},{"floor":13,"key":"Ice Cream"},{"floor":23,"key":"Nunchaku"},{"floor":26,"key":"Orichalcum"},{"floor":39,"key":"The Courier"},{"floor":43,"key":"Turnip"}],"event_choices":[{"damage_healed":0,"gold_gain":0,"player_choice":"Success","damage_taken":25,"relics_obtained":["Tiny Chest"],"max_hp_gain":0,"max_hp_loss":0,"event_name":"Scrap Ooze","floor":4,"gold_loss":0},{"damage_healed":0,"gold_gain":0,"player_choice":"Entered Light","damage_taken":18,"max_hp_gain":0,"max_hp_loss":0,"event_name":"Shining Light","floor":5,"gold_loss":0,"cards_upgraded":["hermit:Strike_Hermit","hermit:Strike_Hermit"]},{"damage_healed":0,"gold_gain":0,"player_choice":"Donut","damage_taken":0,"max_hp_gain":5,"max_hp_loss":0,"event_name":"Big Fish","floor":7,"gold_loss":0},{"damage_healed":0,"gold_gain":0,"player_choice":"Opened","damage_taken":0,"relics_obtained":["Letter Opener"],"max_hp_gain":0,"max_hp_loss":0,"event_name":"The Mausoleum","floor":27,"gold_loss":0},{"damage_healed":0,"gold_gain":0,"cards_transformed":["hermit:Strike_Hermit","hermit:Strike_Hermit"],"player_choice":"Became Test Subject","damage_taken":0,"max_hp_gain":0,"max_hp_loss":0,"event_name":"Drug Dealer","floor":28,"gold_loss":0,"cards_obtained":["hermit:Roughhouse","hermit:Horror"]},{"damage_healed":0,"gold_gain":0,"cards_transformed":["hermit:Strike_Hermit"],"player_choice":"Transformed","damage_taken":0,"max_hp_gain":0,"max_hp_loss":0,"event_name":"Transmorgrifier","floor":38,"gold_loss":0,"cards_obtained":["hermit:HoleUp"]},{"damage_healed":0,"gold_gain":0,"player_choice":"Ignored","damage_taken":0,"max_hp_gain":0,"max_hp_loss":0,"event_name":"Mysterious Sphere","floor":41,"gold_loss":0}],"is_beta":false,"boss_relics":[{"not_picked":["Runic Pyramid","hermit:BartenderGlass"],"picked":"Coffee Dripper"},{"not_picked":["SacredBark","Snecko Eye"],"picked":"Philosopher\u0027s Stone"}],"items_purged_floors":[21],"is_endless":false,"potions_floor_spawned":[2,8,14,18,20,25,29,36],"killed_by":"Nemesis","ascension_level":0}}