{"host":"turdyikuxcak11ni","time":1607795406,"event":{"mods":["AchievementEnabler","BaseMod","Better Altar","Better Match","Better Note","Better Sensory Stone","Better Skull","Better Third Choice","Better Vampires","Colored Map","Minty Spire (QoL Compilation)","Quick Restart","Relic Stats","Spicy Shops","StSLib","SuperFastMode"],"gold_per_floor":[11,28,28,46,46,71,71,71,71,96,111,111,111,131,131,226,226,243,243,258,19,32,32,45,45,72,84,109,109,125,0,0,0,0],"floor_reached":33,"playtime":1587,"items_purged":["Pain"],"score":305,"play_id":"e90792d5-54e0-4d75-a4a4-95a70223bf5f","local_time":"20201212095006","is_ascension_mode":true,"campfire_choices":[{"floor":8,"key":"DIG"},{"floor":12,"key":"REST"},{"floor":15,"key":"REST"},{"floor":23,"key":"REST"},{"floor":25,"key":"REST"},{"floor":29,"key":"DIG"},{"floor":32,"key":"DIG"}],"circlet_count":0,"master_deck":["Strike_B","Strike_B","Strike_B","Defend_B","Defend_B","Defend_B","Defend_B","Zap","Dualcast","Loop","Leap","Dark Shackles","Reboot+1","Genetic Algorithm","Machine Learning","Ball Lightning","Capacitor","Ball Lightning","Recycle+1"],"relics":["Cracked Core","Shovel","Calipers","HornCleat","Sundial","Boot","SacredBark","WarpedTongs","Membership Card","Oddly Smooth Stone","Eternal Feather","Regal Pillow","Singing Bowl"],"acts_visited":["Exordium","TheCity"],"potions_floor_usage":[6,11,20,22,22,22,30],"damage_taken":[{"damage":4,"enemies":"Small Slimes","floor":1,"turns":3},{"damage":2,"enemies":"Jaw Worm","floor":2,"turns":3},{"damage":10,"enemies":"2 Louse","floor":4,"turns":3},{"damage":6,"enemies":"Lagavulin","floor":6,"turns":7},{"damage":24,"enemies":"Gremlin Nob","floor":10,"turns":5},{"damage":0,"enemies":"2 Fungi Beasts","floor":11,"turns":3},{"damage":0,"enemies":"Looter","floor":14,"turns":3},{"damage":91,"enemies":"Slime Boss","floor":16,"turns":16},{"damage":13,"enemies":"Chosen","floor":18,"turns":8},{"damage":29,"enemies":"2 Thieves","floor":20,"turns":4},{"damage":16,"enemies":"Shelled Parasite and Fungi","floor":22,"turns":9},{"damage":39,"enemies":"3 Cultists","floor":24,"turns":7},{"damage":14,"enemies":"Snake Plant","floor":27,"turns":5},{"damage":19,"enemies":"Gremlin Leader","floor":28,"turns":8},{"damage":0,"enemies":"Snecko","floor":30,"turns":5},{"damage":68,"enemies":"Automaton","floor":33,"turns":12}],"seed_played":"-8346340534738937565","potions_obtained":[{"floor":1,"key":"FairyPotion"},{"floor":4,"key":"Fire Potion"},{"floor":10,"key":"AttackPotion"},{"floor":16,"key":"SteroidPotion"},{"floor":20,"key":"FearPotion"},{"floor":24,"key":"FairyPotion"},{"floor":28,"key":"LiquidMemories"},{"floor":30,"key":"FearPotion"}],"is_trial":false,"path_per_floor":["M","M","?","M","?","E","?","R","T","E","M","R","?","M","R","B",null,"M","?","M","$","M","R","M","R","T","M","E","R","M","?","R","B"],"character_chosen":"DEFECT","items_purchased":["Membership Card","Dexterity Potion","Dexterity Potion"],"campfire_rested":4,"item_purchase_floors":[21,21,21],"current_hp_per_floor":[71,69,74,64,64,58,58,58,58,34,34,58,51,51,75,10,80,67,67,38,38,22,46,7,31,31,17,48,57,57,57,66,0,0],"gold":0,"neow_bonus":"ONE_RARE_RELIC","is_daily":false,"chose_seed":false,"campfire_upgraded":0,"win_rate":0.0,"timestamp":1607795406,"path_taken":["M","M","?","M","?","E","?","R","T","E","M","R","?","M","R","BOSS","M","?","M","$","?","R","M","R","T","M","E","R","M","?","R","BOSS"],"items_purchased_type":["Relic","Potion","Potion"],"build_version":"2020-11-30","purchased_purges":1,"victory":false,"max_hp_per_floor":[75,75,80,80,80,80,80,80,80,80,80,80,80,80,80,80,80,80,80,80,80,80,80,80,80,80,80,80,80,80,80,80,80,80],"relic_stats":{"Regal Pillow":0,"Shovel":3,"Singing Bowl":0,"counters":[16,100],"Sundial":[24],"Eternal Feather":18,"Boot":[14],"obtain_stats":[{"Regal Pillow":29,"Calipers":6,"Singing Bowl":32,"SacredBark":17,"Oddly Smooth Stone":26,"Eternal Feather":28,"Boot":10,"WarpedTongs":19,"Shovel":0,"HornCleat":8,"Sundial":9,"Membership Card":21,"Cracked Core":0},{"Regal Pillow":14,"Calipers":4,"Singing Bowl":15,"SacredBark":8,"Oddly Smooth Stone":12,"Eternal Feather":14,"Boot":5,"WarpedTongs":9,"Shovel":0,"HornCleat":4,"Sundial":4,"Membership Card":10,"Cracked Core":0},{"Regal Pillow":83,"Calipers":16,"Singing Bowl":88,"SacredBark":43,"Oddly Smooth Stone":71,"Eternal Feather":83,"Boot":21,"WarpedTongs":51,"Shovel":0,"HornCleat":16,"Sundial":16,"Membership Card":55,"Cracked Core":0}],"WarpedTongs":[49]},"card_choices":[{"not_picked":["Gash","Beam Cell"],"picked":"Loop","floor":1},{"not_picked":["Steam Power","Tempest"],"picked":"Leap","floor":2},{"not_picked":["Steam","Steam Power","Turbo"],"picked":"SKIP","floor":4},{"not_picked":["Chrysalis","Purity"],"picked":"Dark Shackles","floor":5},{"not_picked":["Hello World","Rip and Tear"],"picked":"Reboot","floor":6},{"not_picked":["Seek","Coolheaded","BootSequence"],"picked":"SKIP","floor":10},{"not_picked":["Go for the Eyes","Scrape","Rebound"],"picked":"SKIP","floor":11},{"not_picked":["Coolheaded","White Noise"],"picked":"Genetic Algorithm","floor":14},{"not_picked":["Multi-Cast","Meteor Strike"],"picked":"Machine Learning","floor":16},{"not_picked":["Streamline","Beam Cell+1"],"picked":"Ball Lightning","floor":18},{"not_picked":["Gash","Coolheaded+1"],"picked":"Capacitor","floor":20},{"not_picked":["Fusion+1","Turbo","Scrape"],"picked":"SKIP","floor":22},{"not_picked":["BootSequence","Compile Driver"],"picked":"Ball Lightning","floor":24},{"not_picked":["Chill","Go for the Eyes"],"picked":"Recycle+1","floor":27},{"not_picked":["Multi-Cast","Ball Lightning","Reprogram"],"picked":"SKIP","floor":28},{"not_picked":["Leap","Barrage+1","Sweeping Beam+1"],"picked":"SKIP","floor":30}],"player_experience":212762,"relics_obtained":[{"floor":6,"key":"Calipers"},{"floor":8,"key":"HornCleat"},{"floor":9,"key":"Sundial"},{"floor":10,"key":"Boot"},{"floor":26,"key":"Oddly Smooth Stone"},{"floor":28,"key":"Eternal Feather"},{"floor":29,"key":"Regal Pillow"},{"floor":32,"key":"Singing Bowl"}],"event_choices":[{"damage_healed":0,"gold_gain":0,"player_choice":"Donut","damage_taken":0,"max_hp_gain":5,"max_hp_loss":0,"event_name":"Big Fish","floor":3,"gold_loss":0},{"damage_healed":0,"gold_gain":1,"player_choice":"1","damage_taken":0,"max_hp_gain":0,"max_hp_loss":0,"event_name":"betterStone:BetterStone","floor":5,"gold_loss":0},{"damage_healed":0,"gold_gain":0,"player_choice":"Grow","damage_taken":0,"max_hp_gain":0,"max_hp_loss":0,"event_name":"Living Wall","floor":7,"gold_loss":0,"cards_upgraded":["Reboot"]},{"cards_removed":["Strike_B"],"damage_healed":0,"gold_gain":0,"player_choice":"Card Removal","damage_taken":7,"max_hp_gain":0,"max_hp_loss":0,"event_name":"Golden Wing","floor":13,"gold_loss":0},{"damage_healed":0,"gold_gain":0,"player_choice":"Rummage","damage_taken":0,"relics_obtained":["WarpedTongs"],"max_hp_gain":0,"max_hp_loss":0,"event_name":"Accursed Blacksmith","floor":19,"gold_loss":0,"cards_obtained":["Pain"]},{"damage_healed":0,"gold_gain":0,"player_choice":"Paid Fearfully","damage_taken":0,"max_hp_gain":0,"max_hp_loss":0,"event_name":"Masked Bandits","floor":31,"gold_loss":125}],"is_beta":false,"boss_relics":[{"not_picked":["Snecko Eye","FrozenCore"],"picked":"SacredBark"}],"items_purged_floors":[21],"is_endless":false,"potions_floor_spawned":[1,4,10,16,20,24,28,30],"killed_by":"Automaton","ascension_level":2}}