{"host":"npubv26u89aif4fa","time":1607764862,"event":{"mods":["Bard","BaseMod","Better Vampires","Colored Powertips","GifTheSpireLib","GungeonMod","Hubris","Luminous","Marisa£®ÏF”Í°°ƒß¿Ì…≥£©","Minty Spire (QoL Compilation)","Reimu£®≤©¿ˆ¡È√Œ£©","Remilia£®¿Ÿ√◊¿Ú—«£©","Replay The Spire","StSLib","Td1madao Mod","The Bug Knight","The Construct","The Cursed","The Hierophant","The Runesmith","Youmu£®ªÍ∆«—˝√Œ£©","[µÿæ´ ◊¡Ï≈¿À˛]The Maniac"],"gold_per_floor":[119,119,119,138,284,305,305,362,389,443,435,435],"floor_reached":11,"playtime":913,"items_purged":[],"score":108,"play_id":"006c7857-2221-4c05-ac9b-b424586d47dd","local_time":"20201212172102","is_ascension_mode":false,"campfire_choices":[{"data":"hierophant:RustyCrate","floor":7,"key":"SMITH"}],"circlet_count":0,"master_deck":["hierophant:Strike_Hierophant","hierophant:Strike_Hierophant","hierophant:Strike_Hierophant","hierophant:Strike_Hierophant","hierophant:Punish","hierophant:Defend_Hierophant","hierophant:Defend_Hierophant","hierophant:Defend_Hierophant","hierophant:Defend_Hierophant","hierophant:ChurchCoffers","hierophant:Doubloon","hierophant:RecallFunds","hierophant:RustyCrate+1","hierophant:Doubloon","hierophant:Doubloon","hierophant:OrnateBuckler","hierophant:Doubloon","hierophant:Charity","hierophant:Doubloon","hierophant:Remorse+1"],"relics":["hierophant:PropheticMaskRelic","hubris:Icosahedron","MealTicket","Replay:Mystery Machine","Molten Egg 2","hubris:OldNail","DemoMod:GlassGuonStoneRelic"],"acts_visited":["Exordium"],"potions_floor_usage":[6,6,10],"damage_taken":[{"damage":1,"enemies":"Jaw Worm","floor":1,"turns":5},{"damage":0,"enemies":"2 Louse","floor":4,"turns":2},{"damage":1,"enemies":"Cultist","floor":5,"turns":4},{"damage":19,"enemies":"Gremlin Nob","floor":6,"turns":4},{"damage":38,"enemies":"3 Sentries","floor":8,"turns":11},{"damage":13,"enemies":"Gremlin Gang","floor":10,"turns":7},{"damage":9,"enemies":"Gremlin Nob","floor":11,"turns":2}],"seed_played":"605714410363206775","potions_obtained":[{"floor":4,"key":"FearPotion"},{"floor":5,"key":"Adrenaline Potion"},{"floor":10,"key":"Explosive Potion"}],"is_trial":false,"path_per_floor":["M","?","?","M","M","E","R","E","T","M","E"],"character_chosen":"HIEROPHANT","items_purchased":[],"campfire_rested":0,"item_purchase_floors":[],"current_hp_per_floor":[81,81,74,74,73,54,54,16,16,3,0,0],"gold":435,"neow_bonus":"TEN_PERCENT_HP_BONUS","is_daily":false,"chose_seed":false,"campfire_upgraded":1,"win_rate":0.0,"timestamp":1607764862,"path_taken":["M","?","?","M","M","E","R","E","T","M","E"],"items_purchased_type":[],"build_version":"2020-11-30","purchased_purges":0,"victory":false,"max_hp_per_floor":[82,82,82,82,82,82,82,82,82,82,82,82],"card_choices":[{"not_picked":["hierophant:Shelter","hierophant:AuricBeam"],"picked":"hierophant:RecallFunds","floor":1},{"not_picked":["hierophant:ThreeLashes","hierophant:Doubloon"],"picked":"hierophant:RustyCrate","floor":4},{"not_picked":["hierophant:HammerAndAnvil","hierophant:Sermon","hierophant:Shelter"],"picked":"SKIP","floor":5},{"not_picked":["hierophant:Endure","hierophant:Cornucopia"],"picked":"hierophant:OrnateBuckler","floor":6},{"not_picked":["hierophant:Smite+1","hierophant:RustyCrate"],"picked":"hierophant:Charity","floor":8},{"not_picked":["hierophant:Encroach","hierophant:AuricBeam+1"],"picked":"hierophant:Remorse+1","floor":10}],"player_experience":31032,"relics_obtained":[{"floor":6,"key":"Replay:Mystery Machine"},{"floor":8,"key":"Molten Egg 2"},{"floor":9,"key":"hubris:OldNail"}],"event_choices":[{"damage_healed":0,"gold_gain":0,"player_choice":"Success","damage_taken":7,"relics_obtained":["MealTicket"],"max_hp_gain":0,"max_hp_loss":0,"event_name":"Scrap Ooze","floor":3,"gold_loss":0}],"is_beta":false,"boss_relics":[],"items_purged_floors":[],"is_endless":false,"potions_floor_spawned":[4,5,10],"killed_by":"Gremlin Nob","ascension_level":0}}