{"host":"g75gtovmj0ine2rf","time":1607780075,"event":{"mods":["2.2 Compatiblity","AchievementEnabler","Act Like it!","Aspiration","Astrologer","Bard","BaseMod","Better Match","BetterRewards","CapriCore","Challenge The Spire","ChefMod","Colored Map","Conspire","Elementarium","Energized Spire","Friendly Minions","Gensokyo","Halation","Hallownest","Hermit","HexUI Lib","Highlight Path","Hubris","Infinite Spire","Jedi Mod","Lobotomy","Minty Spire (QoL Compilation)","Puzzle Mod","Quick Restart","Rare Cards Sparkle","Relic Stats","Replay The Spire","Shade Mod","Shop Mod","Spicy Shops","StSLib","SuperFastMode","The Construct","The Cursed","The Factory","The Jungle","The Runesmith","TheBandit","TheFirefly","TheSwordswoman","TheVacant","Transform Curses","Wandering Minibosses","thorton","vexMod"],"gold_per_floor":[14,24,24,38,48,48,48,48],"floor_reached":6,"playtime":487,"items_purged":[],"score":70,"play_id":"e0ea5822-73ba-4e82-9a72-f1b37d0c8b81","local_time":"20201213003435","is_ascension_mode":true,"campfire_choices":[],"circlet_count":0,"master_deck":["AscendersBane","wariomod:Strike","wariomod:Strike","wariomod:Strike","wariomod:Defend","wariomod:Defend","wariomod:Defend","wariomod:Step","wariomod:MassiveParty","wariomod:Purify","wariomod:BodyBlock","Eviscerate","Masterful Stab","Draining Mist","wariomod:GreaterGuard","wariomod:BodyBlock"],"relics":["wariomod:TheHat"],"acts_visited":["Exordium"],"potions_floor_usage":[],"damage_taken":[{"damage":23,"enemies":"Hallownest:2_Tiktiks_and_1_Crawlid","floor":1,"turns":3},{"damage":0,"enemies":"Hallownest:2_MossCreeps","floor":2,"turns":2},{"damage":7,"enemies":"2_ Uuma","floor":4,"turns":5},{"damage":29,"enemies":"Hallownest:1_Baldur_1_Crawlid_1_Warrior","floor":5,"turns":8},{"damage":5,"enemies":"Hallownest:eliteVengeflyKing","floor":6,"turns":4}],"seed_played":"-4883290417697868319","potions_obtained":[{"floor":2,"key":"SpeedPotion"},{"floor":4,"key":"Weak Potion"}],"is_trial":false,"path_per_floor":["M","M","?","M","M","E"],"character_chosen":"THE_BANDIT","items_purchased":[],"campfire_rested":0,"item_purchase_floors":[],"current_hp_per_floor":[42,42,42,35,6,1,1,1],"gold":48,"neow_bonus":"THREE_RARE_CARDS","is_daily":false,"chose_seed":false,"campfire_upgraded":0,"win_rate":0.0,"timestamp":1607780075,"path_taken":["M","M","?","M","M","E"],"items_purchased_type":[],"build_version":"2020-11-30","purchased_purges":0,"victory":false,"max_hp_per_floor":[72,72,72,72,72,72,72,72],"relic_stats":{"counters":[5,22],"obtain_stats":[{"wariomod:TheHat":0},{"wariomod:TheHat":0},{"wariomod:TheHat":0}]},"card_choices":[{"not_picked":["wariomod:AbandonGame","wariomod:BoomAndDoom"],"picked":"wariomod:MassiveParty","floor":0},{"not_picked":["wariomod:DoubleDash","wariomod:Game"],"picked":"wariomod:Purify","floor":1},{"not_picked":["wariomod:OctoJump","wariomod:DamnedStrength"],"picked":"wariomod:BodyBlock","floor":2},{"not_picked":["wariomod:Bombshield","wariomod:Goblast"],"picked":"wariomod:GreaterGuard","floor":4},{"not_picked":["wariomod:NullJump","wariomod:SpikeSlash"],"picked":"wariomod:BodyBlock","floor":5}],"player_experience":1314891,"relics_obtained":[],"event_choices":[],"is_beta":false,"boss_relics":[],"items_purged_floors":[],"is_endless":false,"potions_floor_spawned":[2,4],"killed_by":"Hallownest:eliteVengeflyKing","ascension_level":17}}