{"host":"o7j6aatxjwpw1421","time":1607763100,"event":{"mods":["2.2 Compatiblity","BaseMod","Colored Map","DeckTracker","Highlight Path","Keyboard Shortcuts","Minty Spire (QoL Compilation)","Permanent Neow","Quick Restart","StSLib","SuperFastMode","everything is the same but u backflip on backflip"],"gold_per_floor":[119,166,166,0,21,21,21,64,64,79,154,178,178,222,222,311,311,332,347,347,361,361,361,375,410,410,335,335,373,0,0,0,96,96,115,0,14,347,347,380,435,64,64,64,77,107,120,148,148,148],"floor_reached":51,"playtime":3794,"items_purged":["Defend_G"],"score":1393,"play_id":"0c591b4c-37a5-4b7f-a244-569937742c9e","local_time":"20201212175140","is_ascension_mode":true,"campfire_choices":[{"data":"Poisoned Stab","floor":7.0,"key":"SMITH"},{"data":"Cloak And Dagger","floor":13.0,"key":"SMITH"},{"floor":15.0,"key":"REST"},{"data":"Envenom","floor":23.0,"key":"SMITH"},{"floor":28.0,"key":"REST"},{"data":"Prepared","floor":32.0,"key":"SMITH"},{"floor":44,"key":"REST"},{"floor":49,"key":"REST"}],"circlet_count":0,"master_deck":["AscendersBane","Strike_G","Defend_G","Defend_G","Defend_G+1","Survivor+1","Neutralize","Expertise","Escape Plan","Poisoned Stab+1","Slice","Underhanded Strike","Blade Dance","Noxious Fumes","Cloak And Dagger+1","Calculated Gamble","Envenom+1","Infinite Blades","Dodge and Roll","Deflect","Dagger Throw","Prepared+1","Sadistic Nature","Sadistic Nature","Well Laid Plans+1","Phantasmal Killer","Acrobatics","Backflip","Escape Plan","Acrobatics+1","Footwork","Wraith Form v2","Backflip","Accuracy"],"relics":["Ring of the Snake","War Paint","PreservedInsect","Juzu Bracelet","Kunai","Oddly Smooth Stone","WristBlade","Tingsha","The Courier","MawBank","DollysMirror","Fusion Hammer","Red Mask","Mummified Hand","TungstenRod","Dream Catcher","Meat on the Bone","Pear","Orichalcum","Regal Pillow"],"acts_visited":["Exordium","TheCity","TheBeyond"],"potions_floor_usage":[35,46,50],"damage_taken":[{"damage":1.0,"enemies":"Cultist","floor":1.0,"turns":6.0},{"damage":6.0,"enemies":"Jaw Worm","floor":5.0,"turns":5.0},{"damage":6.0,"enemies":"Gremlin Nob","floor":8.0,"turns":3.0},{"damage":0.0,"enemies":"2 Louse","floor":10.0,"turns":2.0},{"damage":0.0,"enemies":"Exordium Thugs","floor":12.0,"turns":5.0},{"damage":2.0,"enemies":"3 Sentries","floor":14.0,"turns":6.0},{"damage":26.0,"enemies":"The Guardian","floor":16.0,"turns":10.0},{"damage":10.0,"enemies":"Chosen","floor":18.0,"turns":5.0},{"damage":3.0,"enemies":"2 Thieves","floor":19.0,"turns":3.0},{"damage":0.0,"enemies":"Cultist and Chosen","floor":21.0,"turns":6.0},{"damage":9.0,"enemies":"Snake Plant","floor":24.0,"turns":5.0},{"damage":0.0,"enemies":"Slavers","floor":25.0,"turns":4.0},{"damage":7.0,"enemies":"Book of Stabbing","floor":29.0,"turns":5.0},{"damage":2,"enemies":"Automaton","floor":33,"turns":7},{"damage":0,"enemies":"Orb Walker","floor":35,"turns":2},{"damage":11,"enemies":"3 Shapes","floor":37,"turns":3},{"damage":21,"enemies":"Nemesis","floor":40,"turns":5},{"damage":13,"enemies":"2 Orb Walkers","floor":41,"turns":3},{"damage":0,"enemies":"Transient","floor":45,"turns":5},{"damage":6,"enemies":"Reptomancer","floor":46,"turns":4},{"damage":0,"enemies":"Jaw Worm Horde","floor":47,"turns":3},{"damage":0,"enemies":"Nemesis","floor":48,"turns":3},{"damage":0,"enemies":"Donu and Deca","floor":50,"turns":6}],"seed_played":"48787634453397449","potions_obtained":[{"floor":5.0,"key":"CunningPotion"},{"floor":8.0,"key":"Energy Potion"},{"floor":16.0,"key":"SteroidPotion"},{"floor":19.0,"key":"Weak Potion"},{"floor":24.0,"key":"GamblersBrew"},{"floor":29.0,"key":"Swift Potion"},{"floor":37,"key":"Poison Potion"},{"floor":41,"key":"Energy Potion"},{"floor":45,"key":"DistilledChaos"},{"floor":48,"key":"Regen Potion"}],"is_trial":false,"path_per_floor":["M","T","?","$","M","?","R","E","T","M","?","M","R","E","R","B",null,"M","M","?","M","?","R","M","E","T","?","R","E","$","?","R","B",null,"M","?","M","?","?","E","?","$","T","R","M","E","M","E","R","B",null],"character_chosen":"THE_SILENT","items_purchased":["PreservedInsect","Slice","Sadistic Nature","DollysMirror","Well Laid Plans","Dream Catcher","Footwork","Meat on the Bone"],"campfire_rested":4,"item_purchase_floors":[4,4,30,30,30,42,42,42],"current_hp_per_floor":[62,62,47,47,41,41,41,35,35,35,24,24,24,22,40,14,51,41,38,38,38,38,38,29,29,29,29,47,40,40,40,40,38,57,57,57,46,46,46,25,12,12,22,43,43,37,37,37,73,73],"gold":148,"neow_bonus":"TRANSFORM_TWO_CARDS","is_daily":false,"chose_seed":false,"campfire_upgraded":4,"win_rate":0.0,"timestamp":1607763100,"path_taken":["M","?","?","$","M","?","R","E","T","M","?","M","R","E","R","BOSS","M","M","?","M","?","R","M","E","T","?","R","E","$","?","R","BOSS","M","?","M","?","?","E","?","$","T","R","M","E","M","E","R","BOSS"],"items_purchased_type":["Relic","Card","Card","Relic","Card","Relic","Card","Relic"],"build_version":"2020-11-30","purchased_purges":1,"victory":true,"max_hp_per_floor":[63,63,63,63,63,63,63,63,63,63,63,63,63,63,63,63,63,63,63,63,63,63,63,63,63,63,63,63,63,63,63,63,63,63,63,63,63,63,63,63,63,63,73,73,73,73,73,73,73,73],"card_choices":[{"not_picked":["Backflip","Catalyst"],"picked":"Poisoned Stab","floor":1.0},{"not_picked":["Leg Sweep","Sucker Punch"],"picked":"Underhanded Strike","floor":5.0},{"not_picked":["Poisoned Stab","Riddle With Holes"],"picked":"Blade Dance","floor":8.0},{"not_picked":["Leg Sweep","Dash"],"picked":"Noxious Fumes","floor":10.0},{"not_picked":["PiercingWail","Terror"],"picked":"Cloak And Dagger","floor":12.0},{"not_picked":["Expertise","Choke"],"picked":"Calculated Gamble","floor":14.0},{"not_picked":["Tools of the Trade","Night Terror"],"picked":"Envenom","floor":16.0},{"not_picked":["Outmaneuver","Slice"],"picked":"Infinite Blades","floor":18.0},{"not_picked":["Flying Knee","Poisoned Stab"],"picked":"Dodge and Roll","floor":19.0},{"not_picked":["Outmaneuver","Predator+1"],"picked":"Deflect","floor":21.0},{"not_picked":["Underhanded Strike","Flying Knee+1"],"picked":"Dagger Throw","floor":24.0},{"not_picked":["Malaise","Bane","Sucker Punch"],"picked":"SKIP","floor":25.0},{"not_picked":["Dagger Throw","Acrobatics"],"picked":"Prepared","floor":29.0},{"not_picked":["Doppelganger","Malaise"],"picked":"Phantasmal Killer","floor":33},{"not_picked":["Terror","Predator"],"picked":"Acrobatics","floor":35},{"not_picked":["Bouncing Flask","Dagger Spray"],"picked":"Backflip","floor":37},{"not_picked":["All Out Attack+1","Glass Knife"],"picked":"Escape Plan","floor":40},{"not_picked":["Poisoned Stab","Skewer"],"picked":"Acrobatics+1","floor":41},{"not_picked":["Dagger Spray","Leg Sweep"],"picked":"Wraith Form v2","floor":45},{"not_picked":["Acrobatics","Catalyst"],"picked":"Backflip","floor":46},{"not_picked":["Sucker Punch","Dodge and Roll","Backflip+1"],"picked":"SKIP","floor":47},{"not_picked":["Terror","Cloak And Dagger"],"picked":"Accuracy","floor":48}],"player_experience":211792,"relics_obtained":[{"floor":2.0,"key":"War Paint"},{"floor":8.0,"key":"Juzu Bracelet"},{"floor":9.0,"key":"Kunai"},{"floor":14.0,"key":"Oddly Smooth Stone"},{"floor":25.0,"key":"Tingsha"},{"floor":26.0,"key":"The Courier"},{"floor":29.0,"key":"MawBank"},{"floor":40,"key":"Mummified Hand"},{"floor":41,"key":"TungstenRod"},{"floor":43,"key":"Pear"},{"floor":46,"key":"Orichalcum"},{"floor":48,"key":"Regal Pillow"}],"event_choices":[{"damage_healed":0.0,"max_hp_gain":0.0,"max_hp_loss":0.0,"gold_gain":0.0,"event_name":"Golden Idol","player_choice":"Take Damage","floor":3.0,"gold_loss":0.0,"damage_taken":15.0,"relics_obtained":["Golden Idol"]},{"cards_removed":["Strike_G"],"damage_healed":0.0,"max_hp_gain":0.0,"max_hp_loss":0.0,"gold_gain":0.0,"event_name":"Bonfire Elementals","player_choice":"Offered Basic","floor":6.0,"gold_loss":0.0,"damage_taken":0.0},{"damage_healed":0.0,"max_hp_gain":0.0,"max_hp_loss":0.0,"gold_gain":75.0,"event_name":"World of Goop","player_choice":"Gather Gold","floor":11.0,"gold_loss":0.0,"damage_taken":11.0},{"damage_healed":0.0,"max_hp_gain":0.0,"max_hp_loss":0.0,"gold_gain":0.0,"event_name":"Vampires","player_choice":"Ignored","floor":20.0,"gold_loss":0.0,"damage_taken":0.0},{"damage_healed":0.0,"max_hp_gain":0.0,"max_hp_loss":0.0,"gold_gain":0.0,"event_name":"Ghosts","player_choice":"Ignored","floor":22.0,"gold_loss":0.0,"damage_taken":0.0},{"cards_removed":["Defend_G"],"damage_healed":0.0,"max_hp_gain":0.0,"max_hp_loss":0.0,"gold_gain":0.0,"event_name":"Beggar","player_choice":"Gave Gold","floor":27.0,"gold_loss":75.0,"damage_taken":0.0},{"damage_healed":0.0,"max_hp_gain":0.0,"max_hp_loss":0.0,"gold_gain":0.0,"event_name":"Accursed Blacksmith","player_choice":"Forge","floor":31.0,"gold_loss":0.0,"damage_taken":0.0,"cards_upgraded":["Well Laid Plans"]},{"damage_healed":0,"gold_gain":0,"player_choice":"Paid","damage_taken":0,"relics_obtained":["Red Mask"],"max_hp_gain":0,"max_hp_loss":0,"event_name":"Tomb of Lord Red Mask","floor":36,"gold_loss":115},{"damage_healed":0,"gold_gain":333,"player_choice":"Gave Idol","damage_taken":0,"max_hp_gain":0,"max_hp_loss":0,"event_name":"The Moai Head","floor":38,"relics_lost":["Golden Idol"],"gold_loss":0},{"cards_removed":["Strike_G"],"damage_healed":0,"gold_gain":0,"player_choice":"Purged","damage_taken":0,"max_hp_gain":0,"max_hp_loss":0,"event_name":"Purifier","floor":39,"gold_loss":0},{"damage_healed":0,"gold_gain":0,"player_choice":"Fight","damage_taken":0,"max_hp_gain":0,"max_hp_loss":0,"event_name":"Mysterious Sphere","floor":41,"gold_loss":0}],"is_beta":false,"boss_relics":[{"not_picked":["Ring of the Serpent","Astrolabe"],"picked":"WristBlade"},{"not_picked":["Cursed Key","Busted Crown"],"picked":"Fusion Hammer"}],"items_purged_floors":[30],"is_endless":false,"potions_floor_spawned":[5,8,10,16,19,24,29,37,41,45,48],"ascension_level":13}}