{"host":"7zb9v22qptw5vuf6","time":1607764614,"event":{"mods":["BaseMod","Luminous","Marisa£¨ìFÓê¡¡Ä§ÀíÉ³£©","Minty Spire (QoL Compilation)","Reimu£¨²©ÀöÁéÃÎ£©","Replay The Spire","Say the Spire","StSLib","The Jungle","Yuyuko","¡¾¶«·½¶þ´Î´´×÷¡¿°ËÔÆ×Ïmod"],"gold_per_floor":[109,119,135,149,161,161,121,131,131,159,4,24,44,70,70,187,187,215,62,97,7,282,328,98,127,127,177,177,112,141,168,227,342,342,367,367,432,123,158,158,206,206,274,274,285,349,21,36,36,36,36,36,36,78,78],"floor_reached":56,"playtime":3759,"items_purged":["Regret","Strike_MRS+1","Strike_MRS+1"],"score":1261,"play_id":"5afce960-01ad-4f9f-bcb7-604cafeb6869","local_time":"20201212171654","is_ascension_mode":false,"campfire_choices":[{"data":"PropBag","floor":6.0,"key":"SMITH"},{"floor":15.0,"key":"REST"},{"data":"MillisecondPulsars","floor":28.0,"key":"SMITH"},{"data":"CasketOfStar","floor":40.0,"key":"SMITH"},{"data":"Acceleration","floor":42.0,"key":"SMITH"},{"floor":44.0,"key":"RECALL"},{"data":"ShootingEcho","floor":49.0,"key":"SMITH"},{"data":"GasGiant","floor":52.0,"key":"SMITH"}],"circlet_count":0,"master_deck":["Strike_MRS+1","Strike_MRS+1","Defend_MRS+1","Defend_MRS+1","Defend_MRS+1","Defend_MRS+1","MasterSpark+1","UpSweep+1","Acceleration+1","GasGiant+1","PropBag+1","SprinkleStarSeal","PowerUp+1","WitchOfGreed","StarDustReverie+1","MillisecondPulsars+1","WitchLeyline","ShootingEcho+1","SprinkleStarSeal+1","GasGiant+1","OpenUniverse+1","Orbital+1","Acceleration+1","EarthLightRay+1","CasketOfStar+1","BinaryStars+1","BlazeAway+1","PropBag+1","SporeBomb+1","Madness+1","Midas Touch+1","SuperNova"],"relics":["MiniHakkero","NeowsBlessing","PaintedHorse:ReiMu","Toxic Egg 2","Replay:Rubber Ducky","MealTicket","Question Card","Philosopher\u0027s Stone","Oddly Smooth Stone","theJungle:ParSnip","Eternal Feather","Orrery","ReplayTheSpireMod:CursedCoin","Replay:Bronze Core","Incense Burner","ReplayTheSpireMod:TigerMarble","Strange Spoon","Toy Ornithopter","Shuriken","CatCart","BargainBundle","HornCleat"],"acts_visited":["Exordium","Exordium","TheBeyond","TheEnding"],"potions_floor_usage":[55,55],"damage_taken":[{"damage":0.0,"enemies":"Small Slimes","floor":1.0,"turns":1.0},{"damage":0.0,"enemies":"Jaw Worm","floor":2.0,"turns":1.0},{"damage":0.0,"enemies":"2 Louse","floor":3.0,"turns":1.0},{"damage":11.0,"enemies":"Gremlin Gang","floor":4.0,"turns":6.0},{"damage":5.0,"enemies":"Looter","floor":5.0,"turns":3.0},{"damage":7.0,"enemies":"3 Louse","floor":8.0,"turns":3.0},{"damage":3.0,"enemies":"Gremlin Nob","floor":10.0,"turns":3.0},{"damage":9.0,"enemies":"Blue Slaver","floor":12.0,"turns":4.0},{"damage":11.0,"enemies":"Looter","floor":13.0,"turns":3.0},{"damage":16.0,"enemies":"Replay:BlueRogue","floor":14.0,"turns":5.0},{"damage":4.0,"enemies":"Hexaghost","floor":16.0,"turns":8.0},{"damage":0.0,"enemies":"theJungle:GiantWrat","floor":18.0,"turns":4.0},{"damage":8.0,"enemies":"Shell Parasite","floor":20.0,"turns":3.0},{"damage":24.0,"enemies":"theJungle:MamaSnecko","floor":23.0,"turns":6.0},{"damage":4.0,"enemies":"theJungle:Lyon","floor":25.0,"turns":5.0},{"damage":6.0,"enemies":"Snake Plant","floor":29.0,"turns":4.0},{"damage":0.0,"enemies":"theJungle:SlimyTreeVines","floor":30.0,"turns":3.0},{"damage":3.0,"enemies":"theJungle:2_Snecko_Cultists","floor":31.0,"turns":3.0},{"damage":0.0,"enemies":"theJungle:FunGuy","floor":33.0,"turns":9.0},{"damage":0.0,"enemies":"Orb Walker","floor":35.0,"turns":4.0},{"damage":0.0,"enemies":"Mind Bloom Boss Battle","floor":37.0,"turns":6.0},{"damage":0.0,"enemies":"3 Shapes","floor":39.0,"turns":3.0},{"damage":1.0,"enemies":"R_Hoarder","floor":41.0,"turns":7.0},{"damage":6.0,"enemies":"3 Darklings","floor":45.0,"turns":2.0},{"damage":0.0,"enemies":"Orin","floor":46.0,"turns":3.0},{"damage":0.0,"enemies":"4 Shapes","floor":48.0,"turns":4.0},{"damage":16.0,"enemies":"Awakened One","floor":50.0,"turns":3.0},{"damage":11,"enemies":"Shield and Spear","floor":54,"turns":4},{"damage":101,"enemies":"The Heart","floor":55,"turns":8}],"seed_played":"-2415060467979410316","potions_obtained":[{"floor":2.0,"key":"SkillPotion"},{"floor":4.0,"key":"Strength Potion"},{"floor":5.0,"key":"AttackPotion"},{"floor":8.0,"key":"DuplicationPotion"},{"floor":13.0,"key":"Strength Potion"},{"floor":16.0,"key":"LiquidMemories"},{"floor":18.0,"key":"FearPotion"},{"floor":20.0,"key":"Energy Potion"},{"floor":20.0,"key":"Dexterity Potion"},{"floor":23.0,"key":"AttackPotion"},{"floor":29.0,"key":"Elixir"},{"floor":33.0,"key":"ZuzhouPotion:ReiMu"},{"floor":35.0,"key":"Elixir"},{"floor":39.0,"key":"Languid Potion"}],"is_trial":false,"path_per_floor":["M","M","M","M","M","R","?","M","T","E","$","M","M","E","R","B",null,"M","$","M","?","?","E","$","M","T","$","R","M","M","M","R","B",null,"M","?","?","$","M","R","E","R","T","R","M","?","$","M","R","B",null,"R","$","E","B",null],"character_chosen":"MARISA","items_purchased":["MealTicket","Oddly Smooth Stone","Orrery","ReplayTheSpireMod:CursedCoin","ReplayTheSpireMod:TigerMarble","Strange Spoon","BargainBundle","FairyPotion","Madness+1","Midas Touch+1"],"campfire_rested":1,"item_purchase_floors":[11,19,24,27,38,38,47,47,47,47],"current_hp_per_floor":[75,75,75,64,59,59,59,52,52,49,49,40,29,13,35,31,75,75,75,67,67,67,43,58,54,54,69,75,69,75,72,75,75,75,75,75,75,75,75,75,74,75,75,75,69,75,75,75,75,65,75,75,75,67,23],"gold":78,"neow_bonus":"THREE_ENEMY_KILL","is_daily":false,"chose_seed":false,"campfire_upgraded":6,"win_rate":0.0,"timestamp":1607764614,"path_taken":["M","M","M","M","M","R","?","M","T","E","$","M","M","E","R","BOSS","M","$","M","?","?","E","$","M","T","$","R","M","?","M","R","BOSS","M","?","?","$","M","R","E","R","T","R","M","?","$","M","R","BOSS","R","$","E","BOSS"],"items_purchased_type":["Relic","Relic","Relic","Relic","Relic","Relic","Relic","Potion","Card","Card"],"build_version":"2020-11-30","purchased_purges":3,"victory":true,"max_hp_per_floor":[75,75,75,75,75,75,75,75,75,75,75,75,75,75,75,75,75,75,75,75,75,75,75,75,75,75,75,75,75,75,75,75,75,75,75,75,75,75,75,75,75,75,75,75,75,75,75,75,75,75,75,75,75,75,75],"card_choices":[{"not_picked":["SporeBomb","NonDirectionalLaser"],"picked":"Acceleration","floor":1.0},{"not_picked":["ShootTheMoon","GalacticHalo","AsteroidBelt"],"picked":"SKIP","floor":2.0},{"not_picked":["DeepEcoloBomb","ShootingEcho"],"picked":"GasGiant","floor":3.0},{"not_picked":["MysteriousBeam","UnstableBomb"],"picked":"PropBag","floor":4.0},{"not_picked":["MysteriousBeam","BigCrunch"],"picked":"SprinkleStarSeal","floor":5.0},{"not_picked":["Occultation","Acceleration","BlazeAway"],"picked":"SKIP","floor":8.0},{"not_picked":["FairyDestructionRay","SporeBomb+1"],"picked":"PowerUp+1","floor":10.0},{"not_picked":["AsteroidBelt+1","DeepEcoloBomb","UnstableBomb"],"picked":"SKIP","floor":12.0},{"not_picked":["AsteroidBelt+1","IllusionStar+1"],"picked":"WitchOfGreed","floor":13.0},{"not_picked":["DC","WitchLeyline"],"picked":"StarDustReverie+1","floor":14.0},{"not_picked":["BlazingStar","JA","CasketOfStar"],"picked":"MillisecondPulsars","floor":16.0},{"not_picked":["StarlightTyphoon+1","Robbery","GalacticHalo+1"],"picked":"WitchLeyline","floor":18.0},{"not_picked":["EnergyRecoil+1","OneTimeOff+1","MilkyWay+1"],"picked":"ShootingEcho","floor":20.0},{"not_picked":["DarkSpark","ShootTheMoon","DoubleSpark","JA"],"picked":"SKIP","floor":23.0},{"not_picked":["GravityBeat","MysteriousBeam","WitchOfGreed"],"picked":"SprinkleStarSeal+1","floor":24.0},{"not_picked":["MeteoricShower","SprinkleStarSeal+1","DoubleSpark"],"picked":"GasGiant+1","floor":24.0},{"not_picked":["NonDirectionalLaser+1","MilkyWay+1","OneTimeOff+1"],"picked":"OpenUniverse+1","floor":24.0},{"not_picked":["IllusionStar+1","6A","AbsoluteMagnitude"],"picked":"Orbital+1","floor":24.0},{"not_picked":["PowerUp+1","GrandCross","OpenUniverse+1"],"picked":"Acceleration+1","floor":25.0},{"not_picked":["GrandCross","NonDirectionalLaser","WitchLeyline"],"picked":"EarthLightRay+1","floor":29.0},{"not_picked":["MilkyWay+1","NonDirectionalLaser+1","MysteriousBeam"],"picked":"CasketOfStar","floor":30.0},{"not_picked":["AsteroidBelt+1","WitchOfGreed","PowerUp+1","GrandCross+1"],"picked":"SKIP","floor":31.0},{"not_picked":["MaximisePower+1","FinalSpark","BigCrunch+1"],"picked":"BinaryStars+1","floor":33.0},{"not_picked":["AsteroidBelt+1","GalacticHalo+1","UnstableBomb","Robbery"],"picked":"SKIP","floor":35.0},{"not_picked":["WitchOfGreed","GalacticHalo+1","ChargeUpSpray+1"],"picked":"BlazeAway+1","floor":37.0},{"not_picked":["AsteroidBelt+1","NonDirectionalLaser+1","WitchLeyline"],"picked":"PropBag+1","floor":39.0},{"not_picked":["SatelliteIllusion","GalacticHalo+1","PropBag+1"],"picked":"SporeBomb+1","floor":41.0},{"not_picked":["GrandCross+1","MeteoricShower","MysteriousBeam+1","WitchOfGreed"],"picked":"SKIP","floor":45.0},{"not_picked":["MilkyWay+1","GravityBeat+1","GrandCross+1","EnergyRecoil+1"],"picked":"SKIP","floor":48.0},{"not_picked":["DarkSpark","IllusionStar+1","DC+1"],"picked":"SuperNova","floor":54}],"player_experience":220213,"relics_obtained":[{"floor":9.0,"key":"Toxic Egg 2"},{"floor":10.0,"key":"Replay:Rubber Ducky"},{"floor":14.0,"key":"Question Card"},{"floor":23.0,"key":"Eternal Feather"},{"floor":37.0,"key":"Incense Burner"},{"floor":41.0,"key":"Toy Ornithopter"},{"floor":43.0,"key":"Shuriken"},{"floor":46.0,"key":"CatCart"},{"floor":54,"key":"HornCleat"}],"event_choices":[{"damage_healed":0.0,"max_hp_gain":0.0,"max_hp_loss":0.0,"gold_gain":0.0,"event_name":"yidonshenshe","player_choice":"ÈûÇ®","floor":7.0,"gold_loss":40.0,"damage_taken":0.0,"relics_obtained":["PaintedHorse:ReiMu"]},{"damage_healed":0.0,"max_hp_gain":0.0,"max_hp_loss":0.0,"gold_gain":275.0,"event_name":"Golden Shrine","player_choice":"Desecrate","floor":22.0,"gold_loss":0.0,"damage_taken":0.0,"cards_obtained":["Regret"]},{"damage_healed":0.0,"max_hp_gain":0.0,"max_hp_loss":0.0,"gold_gain":0.0,"event_name":"Tomb of Lord Red Mask","player_choice":"Ignored","floor":36.0,"gold_loss":0.0,"damage_taken":0.0},{"damage_healed":0.0,"max_hp_gain":0.0,"max_hp_loss":0.0,"gold_gain":0.0,"event_name":"MindBloom","player_choice":"Fight","floor":37.0,"gold_loss":0.0,"damage_taken":0.0},{"damage_healed":0.0,"max_hp_gain":0.0,"max_hp_loss":0.0,"gold_gain":0.0,"event_name":"OrinTheCat","player_choice":"Fight","floor":46.0,"gold_loss":0.0,"damage_taken":0.0}],"is_beta":false,"boss_relics":[{"not_picked":["Kintsugi","Calling Bell"],"picked":"Philosopher\u0027s Stone"},{"not_picked":["Painkiller Herb","Sozu"],"picked":"Replay:Bronze Core"}],"items_purged_floors":[24,27,47],"is_endless":false,"potions_floor_spawned":[2,4,5,8,13,16,20,23,29,31,39,45,54],"ascension_level":0}}