{"host":"2at4lfrh9nee0u2f","time":1607795732,"event":{"mods":["2.2 Compatiblity","AchievementEnabler","BaseMod","Colored Map","DeckTracker","Highlight Path","Keyboard Shortcuts","Minty Spire (QoL Compilation)","Permanent Neow","Quick Restart","StSLib","SuperFastMode"],"gold_per_floor":[114,114,39,39,51,80,80,99,144,94,94,94,128,28,28,129,129,144,144,158,33,47,76,76,90,117,117,136,136,152,181,181,283,283,295,314,91,123,138,138,173,173,173,173,190,206,206,220,220,220,220,220,45,80,80],"floor_reached":56,"playtime":1547,"items_purged":["Strike_B","Strike_B","Defend_B","Defend_B"],"score":1302,"play_id":"6519d555-35b7-48f1-88e1-d7b3657d3305","local_time":"20201213025532","is_ascension_mode":false,"campfire_choices":[{"data":"Zap","floor":7.0,"key":"SMITH"},{"data":"Dualcast","floor":11.0,"key":"SMITH"},{"data":"Defragment","floor":15,"key":"SMITH"},{"data":"Fission","floor":24,"key":"SMITH"},{"floor":27,"key":"RECALL"},{"data":"FTL","floor":29,"key":"SMITH"},{"data":"Skim","floor":32,"key":"SMITH"},{"data":"Static Discharge","floor":40,"key":"SMITH"},{"data":"Coolheaded","floor":42,"key":"SMITH"},{"data":"Reboot","floor":44,"key":"SMITH"},{"data":"Reboot","floor":47,"key":"SMITH"},{"data":"Ball Lightning","floor":49,"key":"SMITH"},{"data":"Ball Lightning","floor":52,"key":"SMITH"}],"circlet_count":0,"master_deck":["Defend_B","Defend_B","Zap+1","Dualcast+1","Skim+1","Cold Snap","FTL+1","Ball Lightning+1","Reboot+1","Defragment+1","Fission+1","Ball Lightning+1","Reboot+1","Static Discharge+1","Conserve Battery+1","Coolheaded+1","Cold Snap"],"relics":["Cracked Core","NeowsBlessing","White Beast Statue","Pantograph","DataDisk","Potion Belt","Busted Crown","Pear","MealTicket","Darkstone Periapt","SlaversCollar","Letter Opener","Bronze Scales","Medical Kit","Pen Nib"],"acts_visited":["TheCity","TheBeyond","TheEnding"],"potions_floor_usage":[13,20,22,23,23,28,31,31,31,31,38,38,41,41,46,50,54,55,55,55,55,55,55,55,55],"damage_taken":[{"damage":0.0,"enemies":"Small Slimes","floor":1.0,"turns":1.0},{"damage":0.0,"enemies":"Cultist","floor":5.0,"turns":1.0},{"damage":0.0,"enemies":"Lagavulin","floor":6.0,"turns":1.0},{"damage":1.0,"enemies":"Jaw Worm","floor":8.0,"turns":3.0},{"damage":9,"enemies":"3 Sentries","floor":13,"turns":6},{"damage":0,"enemies":"Slime Boss","floor":16,"turns":7},{"damage":0,"enemies":"Spheric Guardian","floor":18,"turns":3},{"damage":0,"enemies":"Chosen","floor":20,"turns":3},{"damage":0,"enemies":"3 Cultists","floor":22,"turns":4},{"damage":0,"enemies":"Gremlin Leader","floor":23,"turns":4},{"damage":5,"enemies":"Chosen and Byrds","floor":25,"turns":2},{"damage":0,"enemies":"Centurion and Healer","floor":28,"turns":2},{"damage":0,"enemies":"Sentry and Sphere","floor":30,"turns":3},{"damage":15,"enemies":"Slavers","floor":31,"turns":3},{"damage":45,"enemies":"Automaton","floor":33,"turns":7},{"damage":2,"enemies":"Orb Walker","floor":35,"turns":2},{"damage":0,"enemies":"3 Shapes","floor":36,"turns":3},{"damage":12,"enemies":"Jaw Worm Horde","floor":38,"turns":3},{"damage":1,"enemies":"Maw","floor":39,"turns":5},{"damage":17,"enemies":"Giant Head","floor":41,"turns":7},{"damage":0,"enemies":"Sphere and 2 Shapes","floor":45,"turns":3},{"damage":0,"enemies":"3 Darklings","floor":46,"turns":3},{"damage":0,"enemies":"4 Shapes","floor":48,"turns":2},{"damage":48,"enemies":"Donu and Deca","floor":50,"turns":7},{"damage":15,"enemies":"Shield and Spear","floor":54,"turns":4},{"damage":45,"enemies":"The Heart","floor":55,"turns":8}],"seed_played":"5716407431836093607","potions_obtained":[{"floor":1.0,"key":"ColorlessPotion"},{"floor":5.0,"key":"Dexterity Potion"},{"floor":6.0,"key":"SkillPotion"},{"floor":8.0,"key":"Strength Potion"},{"floor":13,"key":"Ancient Potion"},{"floor":16,"key":"SkillPotion"},{"floor":18,"key":"FocusPotion"},{"floor":19,"key":"DuplicationPotion"},{"floor":20,"key":"DuplicationPotion"},{"floor":22,"key":"Dexterity Potion"},{"floor":23,"key":"Strength Potion"},{"floor":25,"key":"SpeedPotion"},{"floor":28,"key":"Weak Potion"},{"floor":31,"key":"EntropicBrew"},{"floor":33,"key":"SkillPotion"},{"floor":35,"key":"ColorlessPotion"},{"floor":36,"key":"DistilledChaos"},{"floor":38,"key":"EssenceOfDarkness"},{"floor":39,"key":"Explosive Potion"},{"floor":41,"key":"LiquidMemories"},{"floor":45,"key":"Energy Potion"},{"floor":46,"key":"FearPotion"},{"floor":54,"key":"SkillPotion"}],"is_trial":false,"path_per_floor":["M","?","$","T","M","E","R","M","T","?","R","?","E","$","R","B",null,"M","?","M","$","M","E","R","M","T","R","M","R","M","E","R","B",null,"M","M","$","M","M","R","E","R","T","R","M","M","R","M","R","B",null,"R","$","E","B",null],"character_chosen":"DEFECT","items_purchased":["Static Discharge","Cold Snap","Medical Kit"],"campfire_rested":0,"item_purchase_floors":[37,53,53],"current_hp_per_floor":[75,75,75,75,75,75,75,74,74,74,74,74,65,65,65,75,75,75,75,75,75,75,85,85,80,80,80,80,80,80,65,65,40,85,83,83,85,73,72,72,55,55,55,55,55,55,55,55,55,32,85,85,85,70,40],"gold":80,"neow_bonus":"THREE_ENEMY_KILL","is_daily":false,"chose_seed":false,"campfire_upgraded":12,"win_rate":0.0,"timestamp":1607795732,"path_taken":["M","?","?","?","?","E","R","M","T","?","R","?","E","$","R","BOSS","M","?","M","$","M","E","R","M","T","R","M","R","M","E","R","BOSS","M","M","$","M","M","R","E","R","T","R","?","M","R","M","R","BOSS","R","$","E","BOSS"],"items_purchased_type":["Card","Card","Relic"],"build_version":"2020-11-30","purchased_purges":4,"victory":true,"max_hp_per_floor":[75,75,75,75,75,75,75,75,75,75,75,75,75,75,75,75,75,75,75,75,75,75,85,85,85,85,85,85,85,85,85,85,85,85,85,85,85,85,85,85,85,85,85,85,85,85,85,85,85,85,85,85,85,85,85],"card_choices":[{"not_picked":["Coolheaded","Stack"],"picked":"Skim","floor":1.0},{"not_picked":["Compile Driver","Undo"],"picked":"Cold Snap","floor":5.0},{"not_picked":["Buffer","Streamline"],"picked":"FTL","floor":6.0},{"not_picked":["Beam Cell","Gash"],"picked":"Ball Lightning","floor":8.0},{"not_picked":["Go for the Eyes","Storm"],"picked":"Defragment","floor":13},{"not_picked":["Rainbow","Amplify"],"picked":"Fission","floor":16},{"not_picked":["Steam+1"],"picked":"SKIP","floor":18},{"not_picked":["Reprogram"],"picked":"SKIP","floor":20},{"not_picked":["Doom and Gloom"],"picked":"SKIP","floor":22},{"not_picked":[],"picked":"Ball Lightning","floor":23},{"not_picked":["Darkness+1"],"picked":"SKIP","floor":25},{"not_picked":["Go for the Eyes"],"picked":"SKIP","floor":28},{"not_picked":["BootSequence"],"picked":"SKIP","floor":30},{"not_picked":["Ball Lightning"],"picked":"SKIP","floor":31},{"not_picked":[],"picked":"Reboot","floor":33},{"not_picked":["Barrage+1"],"picked":"SKIP","floor":35},{"not_picked":["Force Field"],"picked":"SKIP","floor":36},{"not_picked":[],"picked":"Conserve Battery+1","floor":38},{"not_picked":["Go for the Eyes"],"picked":"SKIP","floor":39},{"not_picked":[],"picked":"Coolheaded","floor":41},{"not_picked":["Sweeping Beam+1"],"picked":"SKIP","floor":45},{"not_picked":["Coolheaded+1"],"picked":"SKIP","floor":46},{"not_picked":["Turbo+1"],"picked":"SKIP","floor":48},{"not_picked":["Sweeping Beam"],"picked":"SKIP","floor":54}],"player_experience":108483,"relics_obtained":[{"floor":6.0,"key":"Pantograph"},{"floor":9.0,"key":"DataDisk"},{"floor":13,"key":"Potion Belt"},{"floor":23,"key":"Pear"},{"floor":26,"key":"MealTicket"},{"floor":31,"key":"Darkstone Periapt"},{"floor":41,"key":"Letter Opener"},{"floor":43,"key":"Bronze Scales"},{"floor":54,"key":"Pen Nib"}],"event_choices":[{"damage_healed":0.0,"max_hp_gain":0.0,"max_hp_loss":0.0,"gold_gain":0.0,"event_name":"WeMeetAgain","player_choice":"Gave Potion","floor":2.0,"gold_loss":0.0,"damage_taken":0.0,"relics_obtained":["White Beast Statue"]},{"cards_removed":["Strike_B"],"damage_healed":0.0,"max_hp_gain":0.0,"max_hp_loss":0.0,"gold_gain":0.0,"event_name":"The Cleric","player_choice":"Card Removal","floor":10.0,"gold_loss":50.0,"damage_taken":0.0},{"damage_healed":0.0,"max_hp_gain":0.0,"max_hp_loss":0.0,"gold_gain":0.0,"cards_transformed":["Strike_B"],"event_name":"Living Wall","player_choice":"Change","floor":12.0,"gold_loss":0.0,"damage_taken":0.0,"cards_obtained":["Reboot"]},{"damage_healed":0,"gold_gain":0,"player_choice":"Got Potions","damage_taken":0,"max_hp_gain":0,"max_hp_loss":0,"event_name":"Lab","floor":19,"gold_loss":0}],"is_beta":false,"boss_relics":[{"not_picked":["Snecko Eye","Coffee Dripper"],"picked":"Busted Crown"},{"not_picked":["Philosopher\u0027s Stone","Velvet Choker"],"picked":"SlaversCollar"}],"items_purged_floors":[3,14,21,37],"is_endless":false,"potions_floor_spawned":[1,5,6,8,13,16,18,20,22,23,25,28,30,31,33,35,36,38,39,41,45,46,48,54],"ascension_level":0}}