{"host":"3pyrf848gr42tovh","time":1607790958,"event":{"mods":["Aspiration","BaseMod","Better Altar","Better Match","Better Note","Better Sensory Stone","Better Skull","Better Third Choice","BetterRewards","Colored Map","Conspire","Displayed Cursed Tome","Hubris","Infinite Spire","Marisa????????","Minty Spire (QoL Compilation)","Quick Restart","Relic Sorter","Relic Stats","Remilia??????","Replay The Spire","StSLib","Td1madao Mod","The Administrix","The Animator","The Cursed","The Hierophant","The Jungle","The Necromancer","The Servant 0.9.4","vexMod"],"gold_per_floor":[111,72,72,72,90,90,107,132,158,175,206,206,240,250,250,346,346,364,364,364,402,402,402,427,242,242,257,257,182,194,206,206,305,305,324,338,338,358,358,358,374,388,388,398,398,218,268,286,286,286,286,286,10,36,36],"floor_reached":56,"playtime":2200,"items_purged":["Strike_G","Strike_G","Strike_G"],"score":1212,"play_id":"355100a8-6722-48b2-ae20-e9bd103ee23c","local_time":"20201212183558","is_ascension_mode":false,"campfire_choices":[{"data":"Quick Slash","floor":6,"key":"SMITH"},{"floor":12,"key":"REST"},{"floor":15,"key":"REST"},{"data":"Noxious Fumes","floor":23,"key":"SMITH"},{"floor":28,"key":"REST"},{"floor":32,"key":"RECALL"},{"floor":40,"key":"REST"},{"data":"Draining Mist","floor":52,"key":"SMITH"}],"circlet_count":0,"master_deck":["Strike_G+1","Strike_G","Defend_G","Defend_G","Defend_G","Survivor","Neutralize+1","PiercingWail","Quick Slash+1","Quick Slash+1","Flechettes","Deadly Poison","Draining Mist+1","Noxious Fumes+1","aspiration:Lunge","Catalyst","ReplayTheSpireMod:Black Plague+1","Distraction+1","Poison Darts+1","Draining Mist+1","Bullet Time+1","ReplayTheSpireMod:Black Plague+1","hubris:SlightOfHand+1"],"relics":["Ring of the Snake","Replay:Rubber Ducky","NeowsBlessing","Replay:Ringing Soul","Bag of Preparation","Replay:Accelerometer","vexMod:Dragonfruit","vexMod:BigBerry","infinitespire:CheckeredPen","hubris:Towel","Kunai","theJungle:Creamberry","hubris:RunicObelisk","Pear","Replay:Wax Seal","CatCart","Whetstone","Replay:WaspNest"],"acts_visited":["Exordium","Exordium","TheBeyond","TheEnding"],"potions_floor_usage":[8,8,11,16,18,30,33,35,47,47,55],"damage_taken":[{"damage":0,"enemies":"Small Slimes","floor":1,"turns":1},{"damage":0,"enemies":"Cultist","floor":5,"turns":1},{"damage":0,"enemies":"2 Louse","floor":7,"turns":1},{"damage":14,"enemies":"Lagavulin","floor":8,"turns":4},{"damage":5,"enemies":"Looter","floor":10,"turns":3},{"damage":26,"enemies":"3 Sentries","floor":11,"turns":7},{"damage":32,"enemies":"Gremlin Nob","floor":13,"turns":5},{"damage":0,"enemies":"3 Louse","floor":14,"turns":4},{"damage":41,"enemies":"Slime Boss","floor":16,"turns":9},{"damage":8,"enemies":"theJungle:5_Spyders","floor":18,"turns":7},{"damage":35,"enemies":"conspire:MimicChest","floor":21,"turns":8},{"damage":38,"enemies":"Nightmare","floor":24,"turns":7},{"damage":4,"enemies":"Shell Parasite","floor":27,"turns":4},{"damage":3,"enemies":"theJungle:SlimyTreeVines","floor":30,"turns":4},{"damage":13,"enemies":"theJungle:Lyon","floor":31,"turns":3},{"damage":13,"enemies":"theJungle:FunGuy","floor":33,"turns":8},{"damage":34,"enemies":"3 Darklings","floor":35,"turns":3},{"damage":3,"enemies":"3 Shapes","floor":36,"turns":3},{"damage":27,"enemies":"Writhing Mass","floor":38,"turns":4},{"damage":15,"enemies":"4 Shapes","floor":41,"turns":4},{"damage":27,"enemies":"Maw","floor":42,"turns":6},{"damage":9,"enemies":"Writhing Mass","floor":44,"turns":5},{"damage":13,"enemies":"Orin","floor":47,"turns":8},{"damage":11,"enemies":"Spire Growth","floor":48,"turns":3},{"damage":132,"enemies":"conspire:OrnateMirror","floor":50,"turns":6},{"damage":28,"enemies":"Shield and Spear","floor":54,"turns":5},{"damage":54,"enemies":"The Heart","floor":55,"turns":6}],"seed_played":"6800289289180553080","potions_obtained":[{"floor":5,"key":"Fire Potion"},{"floor":7,"key":"CunningPotion"},{"floor":10,"key":"Death Potion"},{"floor":14,"key":"PowerPotion"},{"floor":16,"key":"SkillPotion"},{"floor":21,"key":"Languid Potion"},{"floor":30,"key":"Elixir"},{"floor":33,"key":"ColorlessPotion"},{"floor":35,"key":"Elixir"},{"floor":42,"key":"Flashbang"},{"floor":44,"key":"EssenceOfSteel"},{"floor":54,"key":"SteroidPotion"}],"is_trial":false,"path_per_floor":["M","$","?","$","M","R","M","E","T","M","E","R","E","M","R","B",null,"M","?","?","?","?","R","NM","?","T","M","R","$","M","M","R","B",null,"M","M","?","M","?","R","M","M","T","M","?","$","?","M","R_BF","B",null,"R","$","E","B",null],"character_chosen":"THE_SILENT","items_purchased":["Quick Slash","Replay:Wax Seal","Whetstone"],"campfire_rested":4,"item_purchase_floors":[2,46,53],"current_hp_per_floor":[70,70,70,70,70,70,70,59,59,54,28,49,22,25,49,11,114,106,106,106,74,74,74,39,39,39,35,71,71,71,58,58,48,123,92,89,89,62,62,99,84,57,67,61,64,64,51,40,82,12,142,142,142,117,63],"gold":36,"neow_bonus":"THREE_ENEMY_KILL","is_daily":false,"chose_seed":false,"campfire_upgraded":3,"win_rate":0.0,"timestamp":1607790958,"path_taken":["M","$","?","$","M","R","?","E","T","M","E","R","E","M","R","BOSS","M","?","?","?","?","R","NM","?","T","?","R","$","M","M","R","BOSS","M","M","?","M","?","R","M","M","T","?","?","?","?","M","R_BF","BOSS","R","$","E","BOSS"],"items_purchased_type":["Card","Relic","Relic"],"build_version":"2020-11-30","purchased_purges":3,"victory":true,"max_hp_per_floor":[70,70,70,70,70,70,70,73,73,73,73,73,78,81,81,84,114,114,114,114,117,117,117,120,120,120,120,120,120,120,120,120,123,123,126,126,126,126,126,126,126,126,136,139,142,142,142,142,142,142,142,142,142,145,145],"relic_stats":{"counters":[59,287],"Bag of Preparation":[24],"Kunai":[7],"Whetstone":["Neutralize","Strike_G"],"obtain_stats":[{"Replay:Accelerometer":11,"Painkiller Herb":17,"Bag of Preparation":9,"theJungle:Creamberry":25,"Whetstone":53,"hubris:RunicObelisk":34,"Replay:Rubber Ducky":21,"Replay:Ringing Soul":8,"infinitespire:ShieldingShard":9,"hubris:AstralHammer":9,"Kunai":24,"Replay:Wax Seal":46,"Ring of the Snake":0,"conspire:Dentures":23,"Pear":43,"NeowsBlessing":0,"Golden Idol":2,"vexMod:BerryBomb":14,"Replay:WaspNest":54,"infinitespire:Lucky Rock":3,"infinitespire:CheckeredPen":19,"hubris:Towel":13,"hubris:Zylophone":21,"vexMod:Dragonfruit":13,"Replay:Baseball":6,"Busted Crown":0,"Garlic":6,"CatCart":47,"ReplayTheSpireMod:Lightbulb":12,"hubris:OldNail":14,"vexMod:BigBerry":17},{"Replay:Accelerometer":38,"Painkiller Herb":8,"Bag of Preparation":36,"theJungle:Creamberry":44,"Whetstone":57,"hubris:RunicObelisk":48,"Replay:Rubber Ducky":43,"Replay:Ringing Soul":36,"infinitespire:ShieldingShard":5,"hubris:AstralHammer":24,"Kunai":44,"Replay:Wax Seal":54,"Ring of the Snake":0,"conspire:Dentures":13,"Pear":53,"NeowsBlessing":32,"Golden Idol":20,"vexMod:BerryBomb":7,"Replay:WaspNest":58,"infinitespire:Lucky Rock":2,"infinitespire:CheckeredPen":42,"hubris:Towel":25,"hubris:Zylophone":11,"vexMod:Dragonfruit":39,"Replay:Baseball":23,"Busted Crown":27,"Garlic":4,"CatCart":55,"ReplayTheSpireMod:Lightbulb":6,"hubris:OldNail":26,"vexMod:BigBerry":41},{"Replay:Accelerometer":175,"Painkiller Herb":50,"Bag of Preparation":165,"theJungle:Creamberry":215,"Whetstone":276,"hubris:RunicObelisk":234,"Replay:Rubber Ducky":208,"Replay:Ringing Soul":165,"infinitespire:ShieldingShard":24,"hubris:AstralHammer":120,"Kunai":215,"Replay:Wax Seal":259,"Ring of the Snake":0,"conspire:Dentures":80,"Pear":254,"NeowsBlessing":158,"Golden Idol":100,"vexMod:BerryBomb":40,"Replay:WaspNest":281,"infinitespire:Lucky Rock":11,"infinitespire:CheckeredPen":200,"hubris:Towel":121,"hubris:Zylophone":72,"vexMod:Dragonfruit":180,"Replay:Baseball":114,"Busted Crown":134,"Garlic":21,"CatCart":267,"ReplayTheSpireMod:Lightbulb":30,"hubris:OldNail":126,"vexMod:BigBerry":193}],"Ring of the Snake":[54]},"card_choices":[{"not_picked":["ReplayTheSpireMod:Speed Training","Skewer"],"picked":"PiercingWail","floor":1},{"not_picked":["Tactician","Leg Sweep"],"picked":"Flechettes","floor":5},{"not_picked":["Masterful Stab","Dodge and Roll"],"picked":"Deadly Poison","floor":7},{"not_picked":["Quick Slash","Sneak Up"],"picked":"Draining Mist","floor":8},{"not_picked":["Underhanded Strike","Heel Hook","Crippling Poison"],"picked":"SKIP","floor":10},{"not_picked":["Tactician","Dagger Throw","Bane"],"picked":"SKIP","floor":11},{"not_picked":["Endless Agony","Draining Mist","Bouncing Flask"],"picked":"SKIP","floor":13},{"not_picked":["Tactician","Poisoned Stab"],"picked":"Noxious Fumes","floor":14},{"not_picked":["Phantasmal Killer","Envenom"],"picked":"aspiration:Lunge","floor":16},{"not_picked":["Deflect+1","Sucker Punch","Masterful Stab"],"picked":"SKIP","floor":18},{"not_picked":["Deadly Poison","Underhanded Strike"],"picked":"Catalyst","floor":21},{"not_picked":["infinitespire:FutureSight","ReplayTheSpireMod:??????????????????????"],"picked":"ReplayTheSpireMod:Black Plague","floor":24},{"not_picked":["Blade Dance","Dagger Spray"],"picked":"Distraction+1","floor":24},{"not_picked":["Dagger Spray+1","Bane","Acrobatics+1"],"picked":"SKIP","floor":27},{"not_picked":["Prepared","ReplayTheSpireMod:From All Sides+1","Well Laid Plans+1"],"picked":"SKIP","floor":30},{"not_picked":["PiercingWail","Sucker Punch+1","Prepared"],"picked":"SKIP","floor":31},{"not_picked":["Unload+1","Burst+1"],"picked":"Poison Darts+1","floor":33},{"not_picked":["Slice","PiercingWail"],"picked":"Draining Mist+1","floor":35},{"not_picked":["Prepared+1","Eviscerate+1","Poisoned Stab"],"picked":"SKIP","floor":36},{"not_picked":["Blur+1","PiercingWail","Envenom+1"],"picked":"SKIP","floor":38},{"not_picked":["Outmaneuver+1","Calculated Gamble+1","Infinite Blades+1"],"picked":"SKIP","floor":41},{"not_picked":["Finisher+1","ReplayTheSpireMod:Shiv Toss+1","Dash+1"],"picked":"SKIP","floor":42},{"not_picked":["ReplayTheSpireMod:Speed Training+1","Underhanded Strike"],"picked":"Bullet Time+1","floor":44},{"not_picked":["conspire:DoublingDagger+1","Hidden Blade+1","Dagger Throw+1"],"picked":"SKIP","floor":48},{"not_picked":["Quick Slash+1","Predator+1"],"picked":"hubris:SlightOfHand+1","floor":54}],"player_experience":98572,"relics_obtained":[{"floor":8,"key":"Replay:Ringing Soul"},{"floor":9,"key":"Bag of Preparation"},{"floor":11,"key":"Replay:Accelerometer"},{"floor":13,"key":"vexMod:Dragonfruit"},{"floor":19,"key":"infinitespire:CheckeredPen"},{"floor":21,"key":"Replay:Rubber Ducky"},{"floor":24,"key":"Kunai"},{"floor":43,"key":"Pear"},{"floor":47,"key":"CatCart"},{"floor":54,"key":"Replay:WaspNest"}],"event_choices":[{"cards_removed":["Defend_G"],"damage_healed":0,"gold_gain":0,"player_choice":"Offered Basic","damage_taken":0,"max_hp_gain":0,"max_hp_loss":0,"event_name":"Bonfire Elementals","floor":3,"gold_loss":0},{"damage_healed":0,"gold_gain":0,"player_choice":"Relic","damage_taken":0,"max_hp_gain":0,"max_hp_loss":0,"event_name":"Wheel of Change","floor":19,"gold_loss":0},{"cards_removed":["aspiration:Lunge"],"damage_healed":0,"gold_gain":0,"player_choice":"Give","damage_taken":0,"max_hp_gain":0,"max_hp_loss":0,"event_name":"betterNote:BetterNote","floor":20,"gold_loss":0,"cards_obtained":["None"]},{"cards_removed":["Defend_G"],"damage_healed":0,"gold_gain":0,"player_choice":"Removed Skill","damage_taken":0,"max_hp_gain":0,"max_hp_loss":0,"event_name":"Falling","floor":37,"gold_loss":0},{"damage_healed":0,"gold_gain":0,"player_choice":"Upgraded","damage_taken":0,"max_hp_gain":0,"max_hp_loss":0,"event_name":"Upgrade Shrine","floor":39,"gold_loss":0,"cards_upgraded":["ReplayTheSpireMod:Black Plague"]},{"damage_healed":0,"gold_gain":0,"player_choice":"Copied","damage_taken":0,"max_hp_gain":0,"max_hp_loss":0,"event_name":"Duplicator","floor":45,"gold_loss":0,"cards_obtained":["ReplayTheSpireMod:Black Plague"]},{"damage_healed":0,"gold_gain":0,"player_choice":"Fight","damage_taken":0,"max_hp_gain":0,"max_hp_loss":0,"event_name":"OrinTheCat","floor":47,"gold_loss":0}],"is_beta":false,"boss_relics":[{"not_picked":["Replay:Fungal Core","aspiration:RitualDagger"],"picked":"vexMod:BigBerry"},{"not_picked":["conspire:SlowCooker","ReplayTheSpireMod:SealedPack"],"picked":"hubris:RunicObelisk"}],"items_purged_floors":[29,46,53],"is_endless":false,"potions_floor_spawned":[5,7,10,14,16,21,30,33,35,42,44,54],"ascension_level":0}}