{"host":"0lnx88jdgcrh6gmr","time":1607810662,"event":{"mods":["2.2 Compatiblity","AchievementEnabler","BaseMod","Beaked The Cultist","Better Note","Better Skull","Better Third Choice","Block Reminder","Colored Map","Displayed Cursed Tome","Glutton Mod","Googly Eyes","Hermit","Highlight Path","Minty Spire (QoL Compilation)","Rare Cards Sparkle","Relic Stats","Shade Mod","Spicy Shops","StSLib","The Construct","The Cursed","The Disciple","The Mystic","The Servant 0.9.4","Unceasing Turn Reminder","everything is the same but u backflip on backflip","slay the spire mod where everything is the same but ironclad has a cowboy hat"],"gold_per_floor":[112,112,128,145,164,164,184,184,184,184,6,18,36,36,36,137,137,152,152,0,0,0,32,46,46,46,56,56,68,83,103,103,203,253,269,12,28,39,39,39,39,39,39,50,70,70,70],"floor_reached":46,"playtime":2051,"items_purged":[],"score":486,"play_id":"a942bd96-6100-404d-896e-03f1f09aa8fd","local_time":"20201212150422","is_ascension_mode":false,"campfire_choices":[{"floor":6.0,"key":"RECALL"},{"data":"Leap","floor":8.0,"key":"SMITH"},{"data":"Good Instincts","floor":10.0,"key":"SMITH"},{"floor":15.0,"key":"REST"},{"floor":25.0,"key":"REST"},{"floor":28.0,"key":"REST"},{"floor":32.0,"key":"REST"},{"floor":40,"key":"REST"},{"floor":42,"key":"REST"}],"circlet_count":0,"master_deck":["Strike_B","Strike_B","Strike_B","Strike_B","Defend_B","Defend_B","Defend_B","Defend_B","Zap","Dualcast","Good Instincts+1","Leap+1","Ball Lightning","Melter","Barrage","Static Discharge","Ball Lightning","Dramatic Entrance","Gash","Gash","Seek","Sweeping Beam","Double Energy","RitualDagger","Steam+1","Go for the Eyes+1","White Noise+1","Conserve Battery+1","Capacitor+1","FTL","Steam+1","Hello World+1","Redo+1","BootSequence+1","Streamline+1"],"relics":["Cracked Core","Anchor","SacredBark","Pen Nib","Emotion Chip","Darkstone Periapt","Tiny House","Meat on the Bone","White Beast Statue","Omamori"],"acts_visited":["Exordium","TheCity","TheBeyond"],"potions_floor_usage":[46,46,46],"damage_taken":[{"damage":4.0,"enemies":"Small Slimes","floor":1.0,"turns":3.0},{"damage":3.0,"enemies":"2 Louse","floor":3.0,"turns":3.0},{"damage":1.0,"enemies":"Cultist","floor":4.0,"turns":3.0},{"damage":3.0,"enemies":"Blue Slaver","floor":5.0,"turns":4.0},{"damage":8.0,"enemies":"Red Slaver","floor":7.0,"turns":4.0},{"damage":0.0,"enemies":"Exordium Thugs","floor":12.0,"turns":3.0},{"damage":12.0,"enemies":"Exordium Wildlife","floor":13.0,"turns":3.0},{"damage":26.0,"enemies":"The Guardian","floor":16.0,"turns":10.0},{"damage":8.0,"enemies":"3 Byrds","floor":18.0,"turns":5.0},{"damage":33.0,"enemies":"Gremlin Leader","floor":23.0,"turns":7.0},{"damage":0.0,"enemies":"2 Thieves","floor":24.0,"turns":4.0},{"damage":11.0,"enemies":"Cultist and Chosen","floor":27.0,"turns":5.0},{"damage":18.0,"enemies":"Snake Plant","floor":29.0,"turns":3.0},{"damage":17.0,"enemies":"3 Cultists","floor":30.0,"turns":5.0},{"damage":17.0,"enemies":"Snecko","floor":31.0,"turns":5.0},{"damage":73.0,"enemies":"Automaton","floor":33.0,"turns":8.0},{"damage":37,"enemies":"3 Darklings","floor":35,"turns":9},{"damage":1,"enemies":"3 Shapes","floor":37,"turns":4},{"damage":41,"enemies":"Spire Growth","floor":38,"turns":5},{"damage":34,"enemies":"3 Darklings","floor":44,"turns":5},{"damage":46,"enemies":"Writhing Mass","floor":45,"turns":7},{"damage":36,"enemies":"Maw","floor":46,"turns":6}],"seed_played":"-8680426635561916668","potions_obtained":[{"floor":1.0,"key":"EssenceOfDarkness"},{"floor":3.0,"key":"PotionOfCapacity"},{"floor":5.0,"key":"Ancient Potion"},{"floor":13.0,"key":"SpeedPotion"},{"floor":23.0,"key":"Strength Potion"},{"floor":29.0,"key":"FairyPotion"},{"floor":34,"key":"Energy Potion"},{"floor":35,"key":"Fire Potion"},{"floor":37,"key":"Energy Potion"},{"floor":44,"key":"BlessingOfTheForge"}],"is_trial":false,"path_per_floor":["M","?","M","M","M","R","M","R","T","R","$","M","M","?","R","B",null,"M","?","$","?","?","E","M","R","T","M","R","M","M","M","R","B",null,"M","$","M","M","T","R","$","R","T","M","M","M"],"character_chosen":"DEFECT","items_purchased":["Static Discharge","Ball Lightning","Dramatic Entrance","Pen Nib","Meat on the Bone"],"campfire_rested":6,"item_purchase_floors":[11,11,11,20,36],"current_hp_per_floor":[71,76,73,72,69,69,61,61,61,61,61,61,49,46,70,44,80,72,72,72,66,51,18,18,43,43,32,57,39,22,5,30,9,90,53,53,52,23,23,50,50,77,77,55,21,0,0],"gold":70,"neow_bonus":"RANDOM_COLORLESS","is_daily":false,"chose_seed":false,"campfire_upgraded":2,"win_rate":0.0,"timestamp":1607810662,"path_taken":["M","?","M","M","M","R","M","R","T","R","$","M","M","?","R","BOSS","M","?","$","?","?","E","?","R","T","M","R","M","M","M","R","BOSS","M","$","M","M","?","R","?","R","T","?","M","M"],"items_purchased_type":["Card","Card","Card","Relic","Relic"],"build_version":"2020-11-30","purchased_purges":0,"victory":false,"max_hp_per_floor":[75,80,80,80,80,80,80,80,80,80,80,80,80,80,80,80,80,80,80,80,80,85,85,85,85,85,85,85,85,85,85,85,85,90,90,90,90,90,90,90,90,90,90,90,90,90,90],"relic_stats":{"Darkstone Periapt":0,"Emotion Chip":[82,81,1,0,0],"counters":[22,111],"Pen Nib":[16],"obtain_stats":[{"Darkstone Periapt":26,"Anchor":14,"Emotion Chip":23,"Tiny House":34,"SacredBark":17,"Pen Nib":20,"Omamori":43,"Cracked Core":0,"White Beast Statue":39,"Meat on the Bone":36},{"Darkstone Periapt":11,"Anchor":7,"Emotion Chip":10,"Tiny House":16,"SacredBark":8,"Pen Nib":9,"Omamori":19,"Cracked Core":0,"White Beast Statue":19,"Meat on the Bone":17},{"Darkstone Periapt":49,"Anchor":23,"Emotion Chip":45,"Tiny House":75,"SacredBark":33,"Pen Nib":38,"Omamori":93,"Cracked Core":0,"White Beast Statue":93,"Meat on the Bone":84}],"Meat on the Bone":36},"card_choices":[{"not_picked":["Panacea","Forethought"],"picked":"Good Instincts","floor":0.0},{"not_picked":["Rebound","Rip and Tear"],"picked":"Leap","floor":1.0},{"not_picked":["Skim","Streamline"],"picked":"Ball Lightning","floor":3.0},{"not_picked":["Leap","Fusion"],"picked":"Melter","floor":4.0},{"not_picked":["Coolheaded","Fusion","Amplify"],"picked":"SKIP","floor":5.0},{"not_picked":["Compile Driver","Sweeping Beam"],"picked":"Barrage","floor":7.0},{"not_picked":["Streamline","Meteor Strike"],"picked":"Gash","floor":12.0},{"not_picked":["Sweeping Beam","Rebound"],"picked":"Gash","floor":13.0},{"not_picked":["Buffer","Hyperbeam"],"picked":"Seek","floor":16.0},{"not_picked":["Doom and Gloom","Coolheaded+1"],"picked":"Sweeping Beam","floor":18.0},{"not_picked":["Gash","Coolheaded"],"picked":"Steam+1","floor":23.0},{"not_picked":["Reinforced Body","Stack"],"picked":"Go for the Eyes+1","floor":24.0},{"not_picked":["Turbo+1","Ball Lightning"],"picked":"White Noise+1","floor":27.0},{"not_picked":["Capacitor","Static Discharge+1"],"picked":"Conserve Battery","floor":29.0},{"not_picked":["Darkness","Force Field"],"picked":"Capacitor+1","floor":30.0},{"not_picked":["Recycle+1","Rebound","Steam Power+1"],"picked":"SKIP","floor":31.0},{"not_picked":["Recycle","Gash"],"picked":"FTL","floor":34},{"not_picked":["Barrage+1","Turbo"],"picked":"Steam+1","floor":35},{"not_picked":["Recycle+1","Force Field+1"],"picked":"Hello World+1","floor":37},{"not_picked":["Cold Snap","Stack+1"],"picked":"Redo+1","floor":38},{"not_picked":["Lockon+1","Ball Lightning+1"],"picked":"BootSequence+1","floor":44},{"not_picked":["Steam","Turbo+1"],"picked":"Streamline+1","floor":45}],"player_experience":182273,"relics_obtained":[{"floor":23.0,"key":"Emotion Chip"},{"floor":26.0,"key":"Darkstone Periapt"},{"floor":39,"key":"White Beast Statue"},{"floor":43,"key":"Omamori"}],"event_choices":[{"damage_healed":0.0,"max_hp_gain":5.0,"max_hp_loss":0.0,"gold_gain":0.0,"event_name":"Big Fish","player_choice":"Donut","floor":2.0,"gold_loss":0.0,"damage_taken":0.0},{"damage_healed":0.0,"max_hp_gain":0.0,"max_hp_loss":0.0,"gold_gain":1.0,"event_name":"betterThird:BetterScrap","player_choice":"Relic ","floor":14.0,"gold_loss":0.0,"damage_taken":3.0,"cards_obtained":["Establishment"]},{"cards_removed":["Good Instincts"],"damage_healed":0.0,"max_hp_gain":0.0,"max_hp_loss":0.0,"gold_gain":0.0,"event_name":"betterNote:BetterNote","player_choice":"Take \u0026 Give","floor":19.0,"gold_loss":0.0,"damage_taken":0.0,"cards_obtained":["Double Energy"]},{"damage_healed":0.0,"max_hp_gain":0.0,"max_hp_loss":0.0,"gold_gain":0.0,"event_name":"betterThird:BetterNest","player_choice":"Dagger","floor":21.0,"gold_loss":0.0,"damage_taken":6.0,"cards_obtained":["RitualDagger"]},{"damage_healed":0.0,"max_hp_gain":5.0,"max_hp_loss":0.0,"gold_gain":0.0,"event_name":"Forgotten Altar","player_choice":"Shed Blood","floor":22.0,"gold_loss":0.0,"damage_taken":20.0}],"is_beta":false,"boss_relics":[{"not_picked":["Runic Pyramid","beaked:MawFillet"],"picked":"SacredBark"},{"not_picked":["Fusion Hammer","Philosopher\u0027s Stone"],"picked":"Tiny House"}],"items_purged_floors":[],"is_endless":false,"potions_floor_spawned":[1,3,5,13,23,27,29,35,37,44,45],"killed_by":"Maw","ascension_level":0}}