{"host":"pwhq7648p2dwl3jg","time":1607787534,"event":{"mods":["AchievementEnabler","BaseMod","Colored Map","Minty Spire (QoL Compilation)","Rare Cards Sparkle","SuperFastMode"],"gold_per_floor":[213,213,22,36,54,54,65,65,89,89,103,103,103,278,278,381,381,394,394,0,0,0,0,0,0,0,15,15,15,15,35,35,131,131,150,250,267,267,267,267],"floor_reached":39,"playtime":1018,"items_purged":[],"score":440,"play_id":"7ee59ad7-19d8-4c60-89af-8a078e8884ff","local_time":"20201213003854","is_ascension_mode":true,"campfire_choices":[{"data":"Dualcast","floor":6,"key":"SMITH"},{"data":"Glacier","floor":8,"key":"SMITH"},{"data":"Capacitor","floor":10,"key":"SMITH"},{"floor":15,"key":"REST"},{"floor":23,"key":"REST"},{"floor":32,"key":"REST"}],"circlet_count":0,"master_deck":["Strike_B","Strike_B","Strike_B","Strike_B","Defend_B","Defend_B","Defend_B","Defend_B","Zap","Dualcast+1","Chill+1","Capacitor+1","Glacier+1","Core Surge","Coolheaded+1","Capacitor+1","Barrage","Seek","Cold Snap+1","Cold Snap+1"],"relics":["Cracked Core","ClockworkSouvenir","Omamori","Juzu Bracelet","SacredBark","PreservedInsect","The Courier","Inserter"],"acts_visited":["Exordium","TheCity","TheBeyond"],"potions_floor_usage":[16,16,18,27,28,31,33,33,39],"damage_taken":[{"damage":1,"enemies":"2 Louse","floor":1,"turns":2},{"damage":2,"enemies":"Jaw Worm","floor":4,"turns":5},{"damage":4,"enemies":"Cultist","floor":5,"turns":4},{"damage":3,"enemies":"3 Louse","floor":7,"turns":3},{"damage":0,"enemies":"Red Slaver","floor":11,"turns":4},{"damage":55,"enemies":"The Guardian","floor":16,"turns":23},{"damage":12,"enemies":"Shell Parasite","floor":18,"turns":20},{"damage":54,"enemies":"3 Byrds","floor":27,"turns":10},{"damage":3,"enemies":"Cultist and Chosen","floor":28,"turns":3},{"damage":6,"enemies":"Shelled Parasite and Fungi","floor":31,"turns":6},{"damage":26,"enemies":"Automaton","floor":33,"turns":14},{"damage":11,"enemies":"3 Shapes","floor":35,"turns":12},{"damage":42,"enemies":"Orb Walker","floor":37,"turns":7},{"damage":26,"enemies":"Mind Bloom Boss Battle","floor":39,"turns":8}],"seed_played":"2109657516045551942","potions_obtained":[{"floor":5,"key":"SpeedPotion"},{"floor":11,"key":"Swift Potion"},{"floor":16,"key":"FearPotion"},{"floor":18,"key":"Strength Potion"},{"floor":27,"key":"SmokeBomb"},{"floor":30,"key":"LiquidBronze"},{"floor":30,"key":"PowerPotion"},{"floor":30,"key":"FocusPotion"},{"floor":33,"key":"Weak Potion"},{"floor":37,"key":"BlessingOfTheForge"}],"is_trial":false,"path_per_floor":["M","?","$","M","M","R","M","R","T","R","M","?","?","?","R","B",null,"M","?","?","?","?","R","$","?","T","M","M","$","?","M","R","B",null,"M","?","M","?","?"],"character_chosen":"DEFECT","items_purchased":["Capacitor","ClockworkSouvenir"],"campfire_rested":3,"item_purchase_floors":[3,3],"current_hp_per_floor":[74,74,74,72,68,68,65,65,65,65,65,53,53,53,75,20,75,63,63,63,63,54,75,75,75,75,21,18,18,18,12,34,8,75,64,64,22,22,0,0],"gold":267,"neow_bonus":"HUNDRED_GOLD","is_daily":false,"chose_seed":false,"campfire_upgraded":3,"win_rate":0.0,"timestamp":1607787534,"path_taken":["M","?","$","M","M","R","M","R","T","R","M","?","?","?","R","BOSS","M","?","?","?","?","R","$","?","T","M","M","$","?","M","R","BOSS","M","?","M","?","?"],"items_purchased_type":["Card","Relic"],"build_version":"2020-11-30","purchased_purges":0,"victory":false,"max_hp_per_floor":[75,75,75,75,75,75,75,75,75,75,75,75,75,75,75,75,75,75,75,75,75,75,75,75,75,75,75,75,75,75,75,75,75,75,75,75,75,75,75,75],"card_choices":[{"not_picked":["Go for the Eyes","Turbo"],"picked":"Chill","floor":1},{"not_picked":["Steam","Genetic Algorithm","Sweeping Beam"],"picked":"SKIP","floor":4},{"not_picked":["Recycle","Chaos"],"picked":"Glacier","floor":5},{"not_picked":["Creative AI","Rebound","Rip and Tear"],"picked":"SKIP","floor":7},{"not_picked":["Leap","Compile Driver","Ball Lightning"],"picked":"SKIP","floor":11},{"not_picked":["Multi-Cast","Meteor Strike"],"picked":"Core Surge","floor":16},{"not_picked":["Streamline","Go for the Eyes"],"picked":"Coolheaded+1","floor":18},{"not_picked":["Compile Driver","Lockon+1"],"picked":"Barrage","floor":27},{"not_picked":["Redo","Steam Power","Scrape"],"picked":"SKIP","floor":31},{"not_picked":["Reboot","Creative AI"],"picked":"Seek","floor":33},{"not_picked":["Static Discharge+1","Conserve Battery"],"picked":"Cold Snap+1","floor":35},{"not_picked":["Hologram","Stack"],"picked":"Cold Snap+1","floor":37}],"player_experience":199338,"relics_obtained":[{"floor":9,"key":"Omamori"},{"floor":26,"key":"The Courier"}],"event_choices":[{"damage_healed":0,"gold_gain":0,"player_choice":"Ignored","damage_taken":0,"max_hp_gain":0,"max_hp_loss":0,"event_name":"Golden Wing","floor":2,"gold_loss":0},{"damage_healed":0,"gold_gain":0,"player_choice":"Success","damage_taken":12,"relics_obtained":["Juzu Bracelet"],"max_hp_gain":0,"max_hp_loss":0,"event_name":"Scrap Ooze","floor":12,"gold_loss":0},{"damage_healed":0,"gold_gain":0,"player_choice":"Forge","damage_taken":0,"max_hp_gain":0,"max_hp_loss":0,"event_name":"Accursed Blacksmith","floor":13,"gold_loss":0,"cards_upgraded":["Chill"]},{"damage_healed":0,"gold_gain":175,"player_choice":"AGREE","damage_taken":0,"max_hp_gain":0,"max_hp_loss":0,"event_name":"Liars Game","floor":14,"gold_loss":0,"cards_obtained":["Doubt"]},{"damage_healed":0,"gold_gain":0,"player_choice":"Copied","damage_taken":0,"max_hp_gain":0,"max_hp_loss":0,"event_name":"Duplicator","floor":19,"gold_loss":0,"cards_obtained":["Capacitor"]},{"damage_healed":0,"gold_gain":0,"player_choice":"Paid Fearfully","damage_taken":0,"max_hp_gain":0,"max_hp_loss":0,"event_name":"Masked Bandits","floor":20,"gold_loss":394},{"damage_healed":0,"gold_gain":0,"player_choice":"Ignored","damage_taken":0,"max_hp_gain":0,"max_hp_loss":0,"event_name":"Vampires","floor":21,"gold_loss":0},{"damage_healed":0,"gold_gain":0,"player_choice":"Stopped","damage_taken":9,"max_hp_gain":0,"max_hp_loss":0,"event_name":"Cursed Tome","floor":22,"gold_loss":0},{"damage_healed":0,"gold_gain":0,"player_choice":"Stole Relic","damage_taken":0,"relics_obtained":["PreservedInsect"],"max_hp_gain":0,"max_hp_loss":0,"event_name":"Addict","floor":25,"gold_loss":0,"cards_obtained":["Shame"]},{"damage_healed":0,"gold_gain":0,"player_choice":"Got Potions","damage_taken":0,"max_hp_gain":0,"max_hp_loss":0,"event_name":"Lab","floor":30,"gold_loss":0},{"damage_healed":0,"gold_gain":100,"player_choice":"Pray","damage_taken":0,"max_hp_gain":0,"max_hp_loss":0,"event_name":"Golden Shrine","floor":36,"gold_loss":0},{"damage_healed":0,"gold_gain":0,"player_choice":"Ignored","damage_taken":0,"max_hp_gain":0,"max_hp_loss":0,"event_name":"The Moai Head","floor":38,"gold_loss":0},{"damage_healed":0,"gold_gain":0,"player_choice":"Fight","damage_taken":0,"max_hp_gain":0,"max_hp_loss":0,"event_name":"MindBloom","floor":39,"gold_loss":0}],"is_beta":false,"boss_relics":[{"not_picked":["Black Star","Cursed Key"],"picked":"SacredBark"},{"not_picked":["Velvet Choker","Nuclear Battery"],"picked":"Inserter"}],"items_purged_floors":[],"is_endless":false,"potions_floor_spawned":[5,11,16,18,27,33,37],"killed_by":"Mind Bloom Boss Battle","ascension_level":4}}