{"host":"h9912w2erkgvaua8","time":1607752346,"event":{"mods":["AchievementEnabler","BaseMod","Colored Map","Minty Spire (QoL Compilation)","Quick Restart","StSLib","SuperFastMode","[IsaacMod]ÒÔÈö¼âËþ"],"gold_per_floor":[118,118,118,130,55,55,83,83,108,127,77,90,108,108,108,108,108],"floor_reached":16,"playtime":365,"items_purged":["Regret"],"score":213,"play_id":"e0808133-1b1f-4515-b608-e41bdb40c238","local_time":"20201212135226","is_ascension_mode":true,"campfire_choices":[{"data":"Armaments","floor":6,"key":"SMITH"},{"data":"Body Slam","floor":15,"key":"SMITH"}],"circlet_count":0,"master_deck":["AscendersBane","Strike_R","Strike_R","Strike_R","Defend_R","Defend_R","Defend_R","Defend_R","Bash","Armaments+1","Body Slam+1","Body Slam","Evolve","Intimidate"],"relics":["Burning Blood","HushsDoor","Damocles","NeowsBlessing","Ancient Tea Set","Charon\u0027s Ashes","Anchor","Prayer Wheel","Nunchaku","Tiny Chest","Singing Bowl","PreservedInsect","PillsDrop"],"acts_visited":["Exordium"],"potions_floor_usage":[],"damage_taken":[{"damage":0,"enemies":"Jaw Worm","floor":1,"turns":1},{"damage":0,"enemies":"Small Slimes","floor":4,"turns":1},{"damage":0,"enemies":"Gremlin Nob","floor":7,"turns":1},{"damage":0,"enemies":"2 Louse","floor":10,"turns":2},{"damage":0,"enemies":"Blue Slaver","floor":12,"turns":3},{"damage":0,"enemies":"Exordium Wildlife","floor":13,"turns":5},{"damage":36,"enemies":"Hexaghost","floor":16,"turns":9}],"seed_played":"588649444765479932","potions_obtained":[{"floor":4,"key":"SteroidPotion"},{"floor":13,"key":"SteroidPotion"}],"is_trial":false,"path_per_floor":["M","?","?","M","$","R","E","$","T","M","?","M","M","?","R","B"],"character_chosen":"IRONCLAD","items_purchased":[],"campfire_rested":0,"item_purchase_floors":[],"current_hp_per_floor":[74,74,74,75,75,75,75,75,75,77,77,79,81,81,81,0,0],"gold":108,"neow_bonus":"THREE_ENEMY_KILL","is_daily":false,"chose_seed":false,"campfire_upgraded":2,"win_rate":0.0,"timestamp":1607752346,"path_taken":["M","?","?","M","$","R","E","$","T","M","?","?","M","?","R","BOSS"],"items_purchased_type":[],"build_version":"2020-11-30","purchased_purges":1,"victory":false,"max_hp_per_floor":[75,75,75,75,75,75,75,75,75,77,77,79,81,81,81,81,81],"card_choices":[{"not_picked":["Carnage","Rupture","Uppercut"],"picked":"SKIP","floor":1},{"not_picked":["Headbutt","Havoc"],"picked":"Armaments","floor":4},{"not_picked":["Shockwave","Offering"],"picked":"Body Slam","floor":7},{"not_picked":["Body Slam","Havoc","Anger"],"picked":"Singing Bowl","floor":10},{"not_picked":["Flex","Clash"],"picked":"Body Slam","floor":10},{"not_picked":["True Grit","Rampage","Inflame"],"picked":"Singing Bowl","floor":12},{"not_picked":["Fire Breathing","Heavy Blade"],"picked":"Evolve","floor":12},{"not_picked":["Hemokinesis","Cleave","Bloodletting"],"picked":"Singing Bowl","floor":13},{"not_picked":["Burning Pact","Warcry"],"picked":"Intimidate","floor":13}],"player_experience":317892,"relics_obtained":[{"floor":1,"key":"Ancient Tea Set"},{"floor":4,"key":"Anchor"},{"floor":7,"key":"Prayer Wheel"},{"floor":7,"key":"Nunchaku"},{"floor":9,"key":"Tiny Chest"},{"floor":10,"key":"Singing Bowl"},{"floor":12,"key":"PreservedInsect"},{"floor":13,"key":"PillsDrop"}],"event_choices":[{"cards_removed":["Strike_R"],"damage_healed":0,"gold_gain":0,"player_choice":"Forget","damage_taken":0,"max_hp_gain":0,"max_hp_loss":0,"event_name":"Living Wall","floor":2,"gold_loss":0},{"damage_healed":0,"gold_gain":0,"player_choice":"Box","damage_taken":0,"relics_obtained":["Charon\u0027s Ashes"],"max_hp_gain":0,"max_hp_loss":0,"event_name":"Big Fish","floor":3,"gold_loss":0,"cards_obtained":["Regret"]},{"cards_removed":["Strike_R"],"damage_healed":0,"gold_gain":0,"player_choice":"Card Removal","damage_taken":0,"max_hp_gain":0,"max_hp_loss":0,"event_name":"The Cleric","floor":11,"gold_loss":50},{"damage_healed":0,"gold_gain":0,"player_choice":"Fled","damage_taken":0,"max_hp_gain":0,"max_hp_loss":0,"event_name":"Scrap Ooze","floor":14,"gold_loss":0}],"is_beta":false,"boss_relics":[],"items_purged_floors":[5],"is_endless":false,"potions_floor_spawned":[4,13],"killed_by":"Hexaghost","ascension_level":14}}