{"host":"3mdjmozz5rahgtdc","time":1607777953,"event":{"mods":["AchievementEnabler","BaseMod","Better Silent Start","Better-Laid Plans","Colored Map","Colored Powertips","Custom Start","DeckTracker","KOR Keyword Fix","Minty Spire (QoL Compilation)","Permanent Neow","StSLib","SuperFastMode"],"gold_per_floor":[112,132,151,151,167,167,167],"floor_reached":6,"playtime":269,"items_purged":[],"score":44,"play_id":"64d0798a-2632-4862-b9ca-282a4149ac65","local_time":"20201212215913","is_ascension_mode":true,"campfire_choices":[],"circlet_count":0,"master_deck":["Strike_P","Strike_P","Strike_P","Strike_P","Defend_P","Defend_P","Defend_P","Defend_P","Eruption","Vigilance","Scrawl","BattleHymn","Worship","EmptyFist","Prostrate"],"relics":["PureWater"],"acts_visited":["Exordium"],"potions_floor_usage":[6,6],"damage_taken":[{"damage":0,"enemies":"2 Louse","floor":1,"turns":2},{"damage":0,"enemies":"Cultist","floor":2,"turns":2},{"damage":8,"enemies":"Small Slimes","floor":3,"turns":3},{"damage":7,"enemies":"Exordium Thugs","floor":5,"turns":4},{"damage":1,"enemies":"3 Sentries","floor":6,"turns":3}],"seed_played":"7399734190158545589","potions_obtained":[{"floor":3,"key":"SkillPotion"},{"floor":5,"key":"SpeedPotion"}],"is_trial":false,"path_per_floor":["M","M","M","?","M","E"],"character_chosen":"WATCHER","items_purchased":[],"campfire_rested":0,"item_purchase_floors":[],"current_hp_per_floor":[65,65,57,57,50,49,49],"gold":167,"neow_bonus":"THREE_RARE_CARDS","is_daily":false,"chose_seed":false,"campfire_upgraded":0,"win_rate":0.0,"timestamp":1607777953,"path_taken":["M","M","M","?","M","E"],"items_purchased_type":[],"build_version":"2020-11-30","purchased_purges":0,"victory":false,"max_hp_per_floor":[65,65,65,65,65,65,65],"card_choices":[{"not_picked":["ConjureBlade","DeusExMachina"],"picked":"Scrawl","floor":0},{"not_picked":["CrushJoints","WindmillStrike"],"picked":"BattleHymn","floor":1},{"not_picked":["BowlingBash","EmptyBody"],"picked":"Worship","floor":2},{"not_picked":["CrushJoints","FlurryOfBlows"],"picked":"EmptyFist","floor":3},{"not_picked":["ThirdEye","ClearTheMind"],"picked":"Prostrate","floor":5}],"player_experience":263749,"relics_obtained":[],"event_choices":[{"damage_healed":0,"gold_gain":0,"player_choice":"0 cards matched","damage_taken":0,"max_hp_gain":0,"max_hp_loss":0,"event_name":"Match and Keep!","floor":4,"gold_loss":0,"cards_obtained":[]}],"is_beta":false,"boss_relics":[],"items_purged_floors":[],"is_endless":false,"potions_floor_spawned":[3,5],"killed_by":"3 Sentries","ascension_level":3}}