{"host":"jkgg7n5hn1slsm35","time":1607771880,"event":{"mods":["Aspiration","BaseMod","BetterRewards","Conspire","Googly Eyes","Gremlin Skip","Halation","Highlight Path","Hubris","Infinite Spire","Minty Spire (QoL Compilation)","Permanent Neow","StSLib","SuperFastMode","vexMod"],"gold_per_floor":[109,109,132,7,7,7,22,22,69,69,19,35,35,35,35,163,163,177,177,196,196,216,216,229,229,253,72,115,205,225,27,27,151,151,165,212,233,233,233,233,133,183,209,209,309,118,175,211,211,376,376,395,395,395,404,433,433,433,443,443,463,463,480,484,504,504,640,640,664,664,672,672,675,675,699,699,774,774,785,785,793,131,131,254,254,256,271,323,245,245,245,257,278,278,278,294,294,325,343,343,443,443,463,474,483,483,483,483,491,475,523,538,548,548,548,563,563,645,645,649,674,589,598,611,611,611,611,611,625,625,625,644,516,516,609,609,624,624,523,528,349,349,366,366,415,415,454,478,490,502,514,432,444,486,574,586,612,506,529,529,530,604,601,638,638,671,457,507,410,410,419,419,437,437,437,437,461,461,461,461,461,470,495,393,393,375,375],"floor_reached":186,"playtime":5523,"items_purged":["Strike_G","Strike_G","Strike_G","Strike_G","Defend_G","Parasite"],"score":3726,"play_id":"d5bf2f89-9a87-4782-9e4a-4db54a7fef74","local_time":"20201212121800","is_ascension_mode":false,"campfire_choices":[{"data":"Poisoned Stab","floor":6,"key":"SMITH"},{"data":"Caltrops","floor":8,"key":"SMITH"},{"data":"Escape Plan","floor":10,"key":"SMITH"},{"data":"Deflect","floor":15,"key":"SMITH"},{"data":"Corpse Explosion","floor":23,"key":"SMITH"},{"data":"Masterful Stab","floor":25,"key":"SMITH"},{"floor":32,"key":"REST"},{"data":"Envenom","floor":40,"key":"SMITH"},{"data":"Footwork","floor":44,"key":"SMITH"},{"floor":49,"key":"REST"},{"data":"infinitespire:Punishment","floor":57,"key":"SMITH"},{"data":"Noxious Fumes","floor":62,"key":"SMITH"},{"data":"conspire:SpireCoStock","floor":66,"key":"SMITH"},{"data":"Footwork","floor":74,"key":"SMITH"},{"floor":76,"key":"REST"},{"data":"Adrenaline","floor":78,"key":"SMITH"},{"data":"Panache","floor":83,"key":"SMITH"},{"data":"Caltrops","floor":91,"key":"SMITH"},{"floor":95,"key":"REST"},{"data":"Caltrops","floor":100,"key":"SMITH"},{"data":"Injury","floor":108,"key":"SMITH"},{"data":"Poisoned Stab","floor":114,"key":"SMITH"},{"data":"Noxious Fumes","floor":117,"key":"SMITH"},{"data":"Noxious Fumes","floor":125,"key":"SMITH"},{"data":"Poisoned Stab","floor":127,"key":"SMITH"},{"data":"Blur","floor":130,"key":"SMITH"},{"data":"Quick Slash","floor":134,"key":"SMITH"},{"data":"Noxious Fumes","floor":142,"key":"SMITH"},{"data":"Footwork","floor":144,"key":"SMITH"},{"data":"Bane","floor":146,"key":"SMITH"},{"data":"conspire:SpireCoStock","floor":149,"key":"SMITH"},{"data":"Bane","floor":151,"key":"SMITH"},{"data":"Panache","floor":160,"key":"SMITH"},{"data":"Footwork","floor":168,"key":"SMITH"},{"data":"Caltrops","floor":176,"key":"SMITH"},{"data":"Flash of Steel","floor":178,"key":"SMITH"},{"data":"Dodge and Roll","floor":180,"key":"SMITH"},{"data":"Panache","floor":185,"key":"SMITH"}],"circlet_count":1,"master_deck":["Defend_G+1","Defend_G+1","Defend_G+1","Defend_G+1","Neutralize","Poisoned Stab+1","Caltrops+1","Deflect+1","Escape Plan+1","Corpse Explosion+1","Quick Slash+1","Backflip+1","hubris:InfiniteBlow+6","Masterful Stab+1","Masterful Stab+1","Envenom+1","Footwork+1","Escape Plan+1","Blur","infinitespire:Fortify","conspire:SpireCoStock+1","Noxious Fumes+1","Noxious Fumes+1","Dodge and Roll+1","infinitespire:Punishment+1","Noxious Fumes+1","Escape Plan+1","Bane+1","Dodge and Roll+1","Poisoned Stab+1","Bane+1","Footwork+1","Adrenaline+1","Deflect+1","Panache+1","Caltrops+1","Bane+1","infinitespire:SevenWalls+1","Blur+1","Poisoned Stab+1","Poisoned Stab+1","Caltrops+1","Poisoned Stab+1","Noxious Fumes+1","Noxious Fumes+1","Quick Slash+1","Footwork+1","Noxious Fumes+1","Escape Plan+1","Quick Slash+1","Panache+1","Blur+1","Footwork+1","Flash of Steel+1","Caltrops+1","Poisoned Stab","Panache+1","Caltrops"],"relics":["Ring of the Snake","halation:LettersToHer","Golden Idol","hubris:Towel","Sozu","HornCleat","halation:AfternoonTea","hubris:CuriousFeather","infinitespire:Cupcake","halation:PrussianBluePaint","vexMod:PlasmaPancake","halation:IllGainedPizza","aspiration:Nostalgia","Cracked Core","Sundial","SlaversCollar","Strawberry","infinitespire:Lucky Rock","Dream Catcher","War Paint","infinitespire:WardingShard","vexMod:MysteryBossChallenge","HoveringKite","Ornamental Fan","Red Mask","infinitespire:ShieldingShard","Lizard Tail","Membership Card","Philosopher\u0027s Stone","vexMod:CardConverter","Sling","CeramicFish","PreservedInsect","Kunai","Busted Crown","Toxic Egg 2","Circlet","vexMod:MemoryStick","hubris:SlimyHat","FossilizedHelix","conspire:Boomerang","aspiration:VileToxins","Blood Vial","vexMod:Dragonfruit","hubris:RunicObelisk","Anchor","Prayer Wheel","Whetstone","Pen Nib","Calipers","MawBank","Oddly Smooth Stone","Akabeko","infinitespire:PuzzleCube","hubris:CrystalStatue","conspire:Dentures","hubris:MobiusCoin","hubris:64BitClover","Vajra","Mercury Hourglass"],"acts_visited":["Exordium","TheCity","TheBeyond","Exordium","TheCity","TheBeyond","Exordium","TheCity","TheBeyond","Exordium","TheCity"],"potions_floor_usage":[42,152],"damage_taken":[{"damage":0,"enemies":"conspire:RoseBush","floor":1,"turns":4},{"damage":5,"enemies":"Small Slimes","floor":3,"turns":3},{"damage":0,"enemies":"Jaw Worm","floor":7,"turns":3},{"damage":6,"enemies":"Exordium Thugs","floor":12,"turns":4},{"damage":22,"enemies":"The Guardian","floor":16,"turns":15},{"damage":7,"enemies":"2 Thieves","floor":18,"turns":3},{"damage":0,"enemies":"Chosen","floor":20,"turns":5},{"damage":0,"enemies":"Snake Plant","floor":22,"turns":2},{"damage":0,"enemies":"Centurion and Healer","floor":24,"turns":3},{"damage":6,"enemies":"conspire:SneckoGhost","floor":28,"turns":4},{"damage":7,"enemies":"Cultist and Chosen","floor":30,"turns":4},{"damage":35,"enemies":"Automaton","floor":33,"turns":9},{"damage":0,"enemies":"Orb Walker","floor":35,"turns":4},{"damage":31,"enemies":"conspire:MimicChest","floor":36,"turns":5},{"damage":0,"enemies":"3 Shapes","floor":37,"turns":2},{"damage":12,"enemies":"Writhing Mass","floor":42,"turns":4},{"damage":21,"enemies":"Nightmare","floor":47,"turns":6},{"damage":0,"enemies":"4 Shapes","floor":48,"turns":3},{"damage":27,"enemies":"infinitespire:MassOfShapes","floor":50,"turns":13},{"damage":0,"enemies":"Small Slimes","floor":52,"turns":2},{"damage":13,"enemies":"Jaw Worm","floor":55,"turns":2},{"damage":0,"enemies":"Cultist","floor":56,"turns":2},{"damage":15,"enemies":"Large Slime","floor":59,"turns":3},{"damage":0,"enemies":"3 Sentries","floor":61,"turns":4},{"damage":0,"enemies":"Blue Slaver","floor":63,"turns":3},{"damage":0,"enemies":"Looter","floor":64,"turns":2},{"damage":0,"enemies":"Exordium Thugs","floor":65,"turns":2},{"damage":0,"enemies":"Hexaghost","floor":67,"turns":6},{"damage":0,"enemies":"3 Byrds","floor":69,"turns":3},{"damage":7,"enemies":"2 Thieves","floor":71,"turns":3},{"damage":9,"enemies":"Snake Plant","floor":73,"turns":3},{"damage":11,"enemies":"Masked Bandits","floor":75,"turns":4},{"damage":1,"enemies":"Centurion and Healer","floor":79,"turns":5},{"damage":0,"enemies":"3 Cultists","floor":81,"turns":2},{"damage":0,"enemies":"conspire:MysteriousRune","floor":84,"turns":5},{"damage":0,"enemies":"3 Shapes","floor":86,"turns":3},{"damage":0,"enemies":"Orb Walker","floor":87,"turns":1},{"damage":25,"enemies":"2 Orb Walkers","floor":88,"turns":2},{"damage":0,"enemies":"3 Darklings","floor":92,"turns":3},{"damage":11,"enemies":"Jaw Worm Horde","floor":93,"turns":3},{"damage":0,"enemies":"Writhing Mass","floor":96,"turns":5},{"damage":2,"enemies":"Spire Growth","floor":98,"turns":3},{"damage":0,"enemies":"Giant Head","floor":99,"turns":5},{"damage":44,"enemies":"hubris:GrandSnecko","floor":101,"turns":11},{"damage":0,"enemies":"2 Louse","floor":103,"turns":1},{"damage":0,"enemies":"Cultist","floor":104,"turns":1},{"damage":0,"enemies":"Jaw Worm","floor":109,"turns":2},{"damage":0,"enemies":"2 Fungi Beasts","floor":112,"turns":2},{"damage":0,"enemies":"3 Louse","floor":113,"turns":1},{"damage":0,"enemies":"Lots of Slimes","floor":116,"turns":2},{"damage":0,"enemies":"Slime Boss","floor":118,"turns":6},{"damage":0,"enemies":"Chosen","floor":120,"turns":2},{"damage":0,"enemies":"3 Byrds","floor":121,"turns":3},{"damage":0,"enemies":"Snecko","floor":124,"turns":3},{"damage":0,"enemies":"Shelled Parasite and Fungi","floor":129,"turns":2},{"damage":0,"enemies":"Snake Plant","floor":132,"turns":2},{"damage":35,"enemies":"hubris:MusketHawk","floor":135,"turns":5},{"damage":0,"enemies":"3 Darklings","floor":137,"turns":5},{"damage":0,"enemies":"Orb Walker","floor":140,"turns":2},{"damage":0,"enemies":"3 Darklings","floor":143,"turns":4},{"damage":0,"enemies":"2 Orb Walkers","floor":147,"turns":3},{"damage":67,"enemies":"infinitespire:LordOfFortification","floor":152,"turns":45},{"damage":0,"enemies":"Jaw Worm","floor":154,"turns":2},{"damage":0,"enemies":"Small Slimes","floor":157,"turns":1},{"damage":0,"enemies":"Gremlin Nob","floor":159,"turns":1},{"damage":0,"enemies":"Cultist","floor":161,"turns":3},{"damage":0,"enemies":"Exordium Wildlife","floor":163,"turns":2},{"damage":0,"enemies":"3 Sentries","floor":164,"turns":1},{"damage":0,"enemies":"Lagavulin","floor":166,"turns":1},{"damage":70,"enemies":"infinitespire:LordOfFortification","floor":169,"turns":49},{"damage":0,"enemies":"3 Byrds","floor":171,"turns":2},{"damage":0,"enemies":"Shell Parasite","floor":173,"turns":1},{"damage":0,"enemies":"Slavers","floor":177,"turns":2},{"damage":0,"enemies":"Cultist and Chosen","floor":182,"turns":2},{"damage":0,"enemies":"Snecko","floor":183,"turns":2},{"damage":328,"enemies":"infinitespire:LordOfFortification","floor":186,"turns":14}],"seed_played":"-6142095209594652662","potions_obtained":[{"floor":3,"key":"ColorlessPotion"},{"floor":12,"key":"Energy Potion"},{"floor":16,"key":"DistilledChaos"}],"is_trial":false,"path_per_floor":["M","?","M","$","?","R","M","R","T","R","?","M","?","$","R","B",null,"M","?","M","AVR","M","R","M","R","T","$","E","?","M","$","R","B",null,"M","?","M","AVR","?","R","?","M","T","R","?","$","NM","M","R","B",null,"M","AVR","?","M","M","R","?","M","T","E","R","M","M","M","R","B",null,"M","?","M","AVR","M","R","?","R","T","R","M","?","M","$","R","B",null,"M","M","?","$","?","R","M","M","T","R","M","?","M","E","R","B",null,"M","M","?","?","?","R","M","$","T","M","M","R","T","M","R","B",null,"M","M","?","?","M","R","T","R","T","M","R","?","M","$","R","B",null,"M","?","$","M","$","R","M","R","T","R","?","T","R","T","R","B",null,"M","?","?","M","$","E","R","M","T","M","E","?","E","$","R","B",null,"M","?","M","?","?","R","E","R","T","R","?","M","M","$","R","B"],"character_chosen":"THE_SILENT","items_purchased":["Deflect","Envenom","Footwork","Noxious Fumes","aspiration:Nostalgia","Panache","Lizard Tail","Membership Card","Caltrops","Sling","Poisoned Stab","vexMod:Dragonfruit","Footwork","Anchor","Noxious Fumes","Prayer Wheel","Panache","Blur+1","Footwork","Flash of Steel","hubris:64BitClover","Panache","Caltrops"],"campfire_rested":4,"item_purchase_floors":[4,27,31,46,46,82,82,82,82,89,110,133,139,139,141,141,158,158,167,167,167,184,184],"current_hp_per_floor":[70,65,60,60,65,65,65,65,65,65,65,59,59,59,59,37,70,63,63,63,63,63,63,63,63,63,63,57,45,38,38,59,36,70,70,39,39,45,52,52,52,40,40,40,40,40,19,19,41,29,76,76,80,80,67,67,67,67,52,52,52,52,52,52,52,52,52,80,80,80,73,73,64,64,53,77,77,77,80,80,80,80,80,80,80,80,80,55,57,57,57,59,48,48,73,86,86,86,88,88,44,90,90,90,92,85,85,85,85,87,87,87,87,87,87,89,89,89,89,89,89,89,91,91,91,91,91,91,91,91,91,93,98,98,63,98,98,98,100,100,102,102,102,102,102,102,102,102,102,102,102,35,102,102,91,91,92,92,93,93,94,94,95,96,96,97,97,97,28,79,80,80,81,81,81,81,82,82,82,82,99,100,101,101,101,0,0],"gold":375,"neow_bonus":"RANDOM_COMMON_RELIC","is_daily":false,"chose_seed":false,"campfire_upgraded":34,"win_rate":0.0,"timestamp":1607771880,"path_taken":["M","?","M","$","?","R","M","R","T","R","?","M","?","$","R","BOSS","M","?","M","AVR","M","R","M","R","T","?","E","?","M","$","R","BOSS","M","?","M","AVR","?","R","?","M","T","R","?","$","NM","M","R","BOSS","M","AVR","?","?","M","R","?","M","T","E","R","M","M","M","R","BOSS","M","?","?","AVR","M","R","?","R","T","R","M","?","M","$","R","BOSS","M","M","?","$","?","R","M","M","T","R","M","?","M","E","R","BOSS","M","M","?","?","?","R","M","$","T","M","M","R","?","M","R","BOSS","M","M","?","?","?","R","?","R","T","M","R","?","M","?","R","BOSS","M","?","$","M","?","R","M","R","T","R","?","?","R","?","R","BOSS","M","?","?","?","$","E","R","M","T","M","E","?","E","?","R","BOSS","M","?","?","?","?","R","E","R","T","R","?","M","M","$","R","BOSS"],"items_purchased_type":["Card","Card","Card","Card","Relic","Card","Relic","Relic","Card","Relic","Card","Relic","Card","Relic","Card","Relic","Card","Card","Card","Card","Relic","Card","Card"],"build_version":"2020-11-30","purchased_purges":6,"victory":false,"max_hp_per_floor":[70,65,65,65,70,70,70,70,70,70,70,70,70,70,70,70,70,70,70,70,70,70,70,70,70,70,70,70,70,70,70,70,70,70,70,70,70,76,76,76,76,76,76,76,76,76,76,76,76,76,76,76,80,80,80,80,80,80,80,80,80,80,80,80,80,80,80,80,80,80,80,80,80,80,80,80,80,80,80,80,80,80,80,80,80,80,80,80,82,82,82,84,84,84,84,86,86,88,90,90,90,90,90,90,92,85,85,85,85,87,87,87,87,87,87,89,89,89,89,89,89,89,91,91,91,91,91,91,91,91,91,93,98,98,98,98,98,98,100,100,102,102,102,102,102,102,102,102,102,102,102,102,102,102,102,102,102,102,102,102,102,102,102,102,102,102,102,102,102,102,102,102,102,102,102,102,102,102,102,102,102,102,102,102,102,102,102],"card_choices":[{"not_picked":["Infinite Blades","Dagger Spray"],"picked":"Poisoned Stab","floor":1},{"not_picked":["Terror","Backflip"],"picked":"Caltrops","floor":3},{"not_picked":["Outmaneuver","Masterful Stab"],"picked":"Escape Plan","floor":7},{"not_picked":["Deadly Poison","Acrobatics","Flying Knee"],"picked":"SKIP","floor":12},{"not_picked":["Phantasmal Killer","aspiration:Lunge"],"picked":"Corpse Explosion","floor":16},{"not_picked":["hubris:SlightOfHand","Outmaneuver"],"picked":"Quick Slash","floor":18},{"not_picked":["Dagger Throw+1","PiercingWail"],"picked":"Backflip+1","floor":20},{"not_picked":["PiercingWail+1","Dagger Spray+1"],"picked":"Masterful Stab+1","floor":22},{"not_picked":["Calculated Gamble+1","Sucker Punch+1"],"picked":"Masterful Stab","floor":24},{"not_picked":["Skewer","Predator","Choke"],"picked":"SKIP","floor":28},{"not_picked":["Calculated Gamble+1","Blade Dance"],"picked":"Dodge and Roll","floor":30},{"not_picked":["hubris:Sniper","Outmaneuver"],"picked":"Escape Plan+1","floor":35},{"not_picked":["hubris:Counter+1","Accuracy"],"picked":"Blur","floor":37},{"not_picked":["Sucker Punch","Blade Dance"],"picked":"Noxious Fumes+1","floor":42},{"not_picked":["Dagger Throw+1","Heel Hook"],"picked":"Dodge and Roll","floor":47},{"not_picked":["infinitespire:FutureSight","infinitespire:Execution"],"picked":"infinitespire:Punishment","floor":47},{"not_picked":["Die Die Die","Sucker Punch","Outmaneuver"],"picked":"SKIP","floor":48},{"not_picked":["PiercingWail","Setup"],"picked":"Noxious Fumes","floor":52},{"not_picked":["Die Die Die","Underhanded Strike"],"picked":"Escape Plan","floor":55},{"not_picked":["Terror","Cloak And Dagger"],"picked":"Bane","floor":56},{"not_picked":["Finisher","Cloak And Dagger"],"picked":"Dodge and Roll","floor":59},{"not_picked":["Crippling Poison","Choke","Slice"],"picked":"SKIP","floor":61},{"not_picked":["Backflip","Quick Slash"],"picked":"Poisoned Stab","floor":63},{"not_picked":["Envenom","Quick Slash","All Out Attack"],"picked":"SKIP","floor":64},{"not_picked":["Leg Sweep","All Out Attack"],"picked":"Bane","floor":65},{"not_picked":["Slice","Dagger Throw"],"picked":"Footwork","floor":69},{"not_picked":["Cloak And Dagger","Well Laid Plans","Deadly Poison"],"picked":"SKIP","floor":71},{"not_picked":["hubris:Counter","Dagger Throw","Sucker Punch"],"picked":"SKIP","floor":73},{"not_picked":["Flechettes","Poisoned Stab"],"picked":"Adrenaline","floor":75},{"not_picked":["Outmaneuver+1","Flying Knee+1"],"picked":"Deflect+1","floor":79},{"not_picked":["Prepared","Deadly Poison","hubris:Counter+1"],"picked":"SKIP","floor":81},{"not_picked":["Prepared+1","hubris:TrickCloak+1","Dagger Throw"],"picked":"SKIP","floor":86},{"not_picked":["Heel Hook","Prepared"],"picked":"Bane+1","floor":87},{"not_picked":["infinitespire:DeathsTouch","infinitespire:Execution"],"picked":"infinitespire:SevenWalls","floor":89},{"not_picked":["Doppelganger","Cloak And Dagger+1"],"picked":"Blur","floor":92},{"not_picked":["Prepared","Deflect+1","Outmaneuver"],"picked":"SKIP","floor":93},{"not_picked":["Setup+1","Slice"],"picked":"Poisoned Stab","floor":96},{"not_picked":["infinitespire:Neurotoxin","Outmaneuver+1"],"picked":"Poisoned Stab+1","floor":98},{"not_picked":["Skewer","hubris:SlightOfHand+1"],"picked":"Caltrops","floor":99},{"not_picked":["Slice"],"picked":"SKIP","floor":103},{"not_picked":["Outmaneuver"],"picked":"SKIP","floor":104},{"not_picked":["hubris:SlightOfHand+1"],"picked":"SKIP","floor":109},{"not_picked":["Distraction+1"],"picked":"SKIP","floor":112},{"not_picked":["Endless Agony"],"picked":"SKIP","floor":113},{"not_picked":[],"picked":"Noxious Fumes","floor":116},{"not_picked":["Deadly Poison+1"],"picked":"SKIP","floor":120},{"not_picked":["Finisher"],"picked":"SKIP","floor":121},{"not_picked":["Leg Sweep+1"],"picked":"SKIP","floor":124},{"not_picked":["Slice"],"picked":"SKIP","floor":129},{"not_picked":[],"picked":"Quick Slash","floor":132},{"not_picked":["Blade Dance+1"],"picked":"SKIP","floor":137},{"not_picked":["Choke"],"picked":"SKIP","floor":140},{"not_picked":["Blade Dance+1"],"picked":"SKIP","floor":143},{"not_picked":["Dash"],"picked":"SKIP","floor":143},{"not_picked":[],"picked":"Escape Plan+1","floor":154},{"not_picked":["Dagger Spray"],"picked":"SKIP","floor":154},{"not_picked":[],"picked":"Quick Slash","floor":157},{"not_picked":["Infinite Blades"],"picked":"SKIP","floor":157},{"not_picked":["Acrobatics+1"],"picked":"SKIP","floor":159},{"not_picked":["Deadly Poison+1"],"picked":"SKIP","floor":161},{"not_picked":["Acrobatics+1"],"picked":"SKIP","floor":161},{"not_picked":["Predator"],"picked":"SKIP","floor":163},{"not_picked":["conspire:PoisonWeapons+1"],"picked":"SKIP","floor":163},{"not_picked":["Bouncing Flask+1"],"picked":"SKIP","floor":164},{"not_picked":["Prepared+1"],"picked":"SKIP","floor":166},{"not_picked":["Endless Agony"],"picked":"SKIP","floor":171},{"not_picked":["Underhanded Strike+1"],"picked":"SKIP","floor":171},{"not_picked":[],"picked":"Caltrops","floor":173},{"not_picked":["Quick Slash"],"picked":"SKIP","floor":173},{"not_picked":["Blade Dance+1"],"picked":"SKIP","floor":177},{"not_picked":["PiercingWail+1"],"picked":"SKIP","floor":182},{"not_picked":["Finisher"],"picked":"SKIP","floor":182},{"not_picked":[],"picked":"Poisoned Stab","floor":183},{"not_picked":["Sucker Punch+1"],"picked":"SKIP","floor":183}],"player_experience":1739810,"relics_obtained":[{"floor":9,"key":"halation:LettersToHer"},{"floor":26,"key":"halation:LettersToHer"},{"floor":26,"key":"halation:AfternoonTea"},{"floor":28,"key":"hubris:CuriousFeather"},{"floor":36,"key":"halation:PrussianBluePaint"},{"floor":43,"key":"halation:LettersToHer"},{"floor":43,"key":"halation:IllGainedPizza"},{"floor":47,"key":"Sundial"},{"floor":60,"key":"Dream Catcher"},{"floor":60,"key":"War Paint"},{"floor":61,"key":"infinitespire:WardingShard"},{"floor":75,"key":"Red Mask"},{"floor":77,"key":"halation:LettersToHer"},{"floor":77,"key":"infinitespire:ShieldingShard"},{"floor":88,"key":"vexMod:CardConverter"},{"floor":94,"key":"CeramicFish"},{"floor":94,"key":"PreservedInsect"},{"floor":99,"key":"Kunai"},{"floor":111,"key":"halation:LettersToHer"},{"floor":111,"key":"vexMod:MemoryStick"},{"floor":115,"key":"halation:LettersToHer"},{"floor":115,"key":"hubris:SlimyHat"},{"floor":126,"key":"halation:LettersToHer"},{"floor":126,"key":"conspire:Boomerang"},{"floor":128,"key":"aspiration:VileToxins"},{"floor":128,"key":"Blood Vial"},{"floor":145,"key":"Whetstone"},{"floor":145,"key":"Pen Nib"},{"floor":147,"key":"Calipers"},{"floor":148,"key":"halation:LettersToHer"},{"floor":148,"key":"MawBank"},{"floor":150,"key":"Oddly Smooth Stone"},{"floor":150,"key":"Akabeko"},{"floor":159,"key":"infinitespire:PuzzleCube"},{"floor":162,"key":"halation:LettersToHer"},{"floor":162,"key":"hubris:CrystalStatue"},{"floor":164,"key":"conspire:Dentures"},{"floor":166,"key":"hubris:MobiusCoin"},{"floor":177,"key":"Vajra"},{"floor":179,"key":"halation:LettersToHer"},{"floor":179,"key":"Mercury Hourglass"}],"event_choices":[{"damage_healed":0,"gold_gain":0,"player_choice":"Lose Max HP","damage_taken":0,"relics_obtained":["Golden Idol"],"max_hp_gain":0,"max_hp_loss":5,"event_name":"Golden Idol","floor":2,"gold_loss":0},{"damage_healed":0,"gold_gain":0,"player_choice":"Donut","damage_taken":0,"max_hp_gain":5,"max_hp_loss":0,"event_name":"Big Fish","floor":5,"gold_loss":0},{"cards_removed":["Strike_G"],"damage_healed":0,"gold_gain":0,"player_choice":"Card Removal","damage_taken":0,"max_hp_gain":0,"max_hp_loss":0,"event_name":"The Cleric","floor":11,"gold_loss":50},{"damage_healed":0,"gold_gain":0,"player_choice":"Upgraded","damage_taken":0,"max_hp_gain":0,"max_hp_loss":0,"event_name":"Upgrade Shrine","floor":19,"gold_loss":0,"cards_upgraded":["Quick Slash"]},{"damage_healed":0,"gold_gain":90,"player_choice":"GOLD ","damage_taken":12,"max_hp_gain":0,"max_hp_loss":0,"event_name":"Knowing Skull","floor":29,"potions_obtained":[],"gold_loss":0,"cards_obtained":[]},{"damage_healed":0,"gold_gain":0,"player_choice":"Invest 2","damage_taken":0,"max_hp_gain":0,"max_hp_loss":0,"event_name":"conspire:Investor","floor":41,"gold_loss":0},{"damage_healed":0,"gold_gain":100,"player_choice":"Pray","damage_taken":0,"max_hp_gain":0,"max_hp_loss":0,"event_name":"Golden Shrine","floor":45,"gold_loss":0},{"damage_healed":0,"gold_gain":0,"player_choice":"Gave Potion","damage_taken":0,"relics_obtained":["infinitespire:Lucky Rock"],"max_hp_gain":0,"max_hp_loss":0,"event_name":"WeMeetAgain","floor":54,"gold_loss":0},{"damage_healed":0,"gold_gain":0,"player_choice":"Grow","damage_taken":0,"max_hp_gain":0,"max_hp_loss":0,"event_name":"Living Wall","floor":58,"gold_loss":0,"cards_upgraded":["Noxious Fumes"]},{"cards_removed":["Survivor"],"damage_healed":0,"gold_gain":0,"player_choice":"Purged","damage_taken":0,"max_hp_gain":0,"max_hp_loss":0,"event_name":"Purifier","floor":70,"gold_loss":0},{"damage_healed":0,"gold_gain":0,"player_choice":"Fought Bandits","damage_taken":0,"max_hp_gain":0,"max_hp_loss":0,"event_name":"Masked Bandits","floor":75,"gold_loss":0},{"damage_healed":0,"gold_gain":0,"player_choice":"Ignored","damage_taken":0,"max_hp_gain":0,"max_hp_loss":0,"event_name":"The Mausoleum","floor":80,"gold_loss":0},{"damage_healed":0,"gold_gain":0,"player_choice":"Fight","damage_taken":0,"max_hp_gain":0,"max_hp_loss":0,"event_name":"Mysterious Sphere","floor":88,"gold_loss":0},{"cards_removed":["Dodge and Roll"],"damage_healed":0,"gold_gain":0,"player_choice":"Removed Skill","damage_taken":0,"max_hp_gain":0,"max_hp_loss":0,"event_name":"Falling","floor":97,"gold_loss":0},{"damage_healed":0,"gold_gain":0,"player_choice":"Lose Max HP","damage_taken":0,"relics_obtained":["Circlet"],"max_hp_gain":0,"max_hp_loss":7,"event_name":"Golden Idol","floor":106,"gold_loss":0},{"damage_healed":0,"gold_gain":0,"player_choice":"Obtained Relic","damage_taken":0,"relics_obtained":["FossilizedHelix"],"max_hp_gain":0,"max_hp_loss":0,"event_name":"Addict","floor":122,"gold_loss":85},{"damage_healed":0,"gold_gain":0,"player_choice":"Read","damage_taken":0,"max_hp_gain":0,"max_hp_loss":0,"event_name":"The Library","floor":123,"gold_loss":0,"cards_obtained":["Noxious Fumes"]},{"damage_healed":0,"gold_gain":0,"player_choice":"Simplicity","damage_taken":0,"max_hp_gain":0,"max_hp_loss":0,"event_name":"Back to Basics","floor":131,"gold_loss":0,"cards_upgraded":["Defend_G","Defend_G","Defend_G"]},{"damage_healed":0,"gold_gain":0,"player_choice":"Bought 0 Potions","damage_taken":0,"max_hp_gain":0,"max_hp_loss":0,"event_name":"The Woman in Blue","floor":138,"gold_loss":0},{"damage_healed":0,"gold_gain":0,"player_choice":"Fight","damage_taken":0,"max_hp_gain":0,"max_hp_loss":0,"event_name":"Mysterious Sphere","floor":147,"gold_loss":0},{"damage_healed":0,"gold_gain":75,"player_choice":"Gather Gold","damage_taken":11,"max_hp_gain":0,"max_hp_loss":0,"event_name":"World of Goop","floor":155,"gold_loss":0},{"cards_removed":["conspire:SpireCoStock"],"damage_healed":0,"gold_gain":0,"player_choice":"Purged","damage_taken":0,"max_hp_gain":0,"max_hp_loss":0,"event_name":"Purifier","floor":172,"gold_loss":0},{"damage_healed":0,"gold_gain":0,"player_choice":"Ignored","damage_taken":0,"max_hp_gain":0,"max_hp_loss":0,"event_name":"Beggar","floor":174,"gold_loss":0},{"damage_healed":0,"gold_gain":0,"player_choice":"Ignored","damage_taken":0,"max_hp_gain":0,"max_hp_loss":0,"event_name":"Ghosts","floor":175,"gold_loss":0},{"damage_healed":34,"gold_gain":0,"player_choice":"Heal","damage_taken":0,"max_hp_gain":0,"max_hp_loss":0,"event_name":"The Library","floor":181,"gold_loss":0}],"is_beta":false,"boss_relics":[{"not_picked":["conspire:SeveredTorchhead","aspiration:IroncladSkillbook"],"picked":"Sozu"},{"not_picked":["hubris:HollowSoul","Philosopher\u0027s Stone"],"picked":"infinitespire:Cupcake"},{"not_picked":["hubris:GrandSneckoEye","Runic Dome"],"picked":"SlaversCollar"},{"not_picked":["aspiration:RunicSpoon","vexMod:TanglingVine"],"picked":"vexMod:MysteryBossChallenge"},{"not_picked":["aspiration:IroncladSkillbook","vexMod:CursedCompass"],"picked":"Philosopher\u0027s Stone"},{"not_picked":["Runic Pyramid","hubris:VirtuousBlindfold"],"picked":"Busted Crown"},{"not_picked":["conspire:SeveredTorchhead","hubris:BlackHole","aspiration:BursterCore"]},{"not_picked":["aspiration:SecretTechniqueScroll","vexMod:EndlessSickness"],"picked":"hubris:RunicObelisk"},{"not_picked":["Coffee Dripper","hubris:Stopwatch","halation:Prosthetics"]},{"not_picked":["Velvet Choker","halation:ForbiddenBikini","halation:LoveArrow"]}],"items_purged_floors":[4,21,27,31,38,53],"is_endless":true,"potions_floor_spawned":[3,12,16,20,22,28,30,37,48,50,52,56,59,63,64,71,79,81,87,92,99,101,103,109,112,116,120,129,140,152,154,159,164,182,183],"killed_by":"infinitespire:LordOfFortification","ascension_level":0}}