{"host":"ea1gz0s8chhg5p89","time":1607785572,"event":{"mods":["Act Like it!","BaseMod","Decade(王小明)","Gensokyo","Marisa（F雨　魔理沙）","Minty Spire (QoL Compilation)","Pale of the Ancients","Remilia（蕾米莉亚）","Replay The Spire","StSLib","The Servant 0.9.4","WarShipGirlsR/战舰少女R mod","Youmu（魂魄妖梦）"],"gold_per_floor":[109,109,120,38,38,38,38,38,52,52,52,70,88,88,98,115,115,219,219,234,244,159,159,176,176,191,219,219,219,253,253,303,315,327,468,480,515,527,117,157,180,180,215,234,234,278,178,194,222,97,97,97,97,97],"floor_reached":53,"playtime":2828,"items_purged":["Pain","Languid","Envy_TH"],"score":1047,"play_id":"dd573337-de8a-41f0-a6a0-76278eaa0df5","local_time":"20201212230612","is_ascension_mode":false,"campfire_choices":[{"data":"rmod:steelsupply","floor":8.0,"key":"SMITH"},{"data":"rmod:luckystar","floor":10.0,"key":"SMITH"},{"data":"rmod:ammunitionsupply","floor":17.0,"key":"SMITH"},{"data":"rmod:abidefaith","floor":25,"key":"SMITH"},{"data":"rmod:lonelyqueen","floor":31,"key":"SMITH"},{"data":"rmod:basicallowance","floor":34,"key":"SMITH"},{"data":"rmod:circuitoustactics","floor":42,"key":"SMITH"},{"data":"ReplayTheSpireMod:Restless Dread","floor":51,"key":"PURGE"}],"circlet_count":0,"master_deck":["rmod:defend","rmod:defend","rmod:defend","rmod:basicallowance+1","rmod:maingunfire","rmod:circuitoustactics+1","rmod:firesupport+1","rmod:circuitoustactics","rmod:circuitoustactics+1","rmod:steelsupply+1","rmod:luckystar+1","rmod:intelligenceanalysis","rmod:lonelyqueen+1","rmod:acesubmarine","rmod:ammunitionsupply+1","rmod:supportaircraftcarrier+1","rmod:tearstotiara","rmod:generalist","rmod:abidefaith+1","rmod:bulid","rmod:diaomin","rmod:victimresponsibility+1","rmod:unsinkable+1","rmod:supportescort+1","rmod:openingtorpedo","rmod:wife+1","rmod:acesubmarine","rmod:advancebysurprise+1","rmod:fuelsupply+1","rmod:ridicule+1","Hallucinations","Looming Evil","rmod:windflower+1","rmod:fuelsupply+1","rmod:slowdown+1","rmod:intelligenceanalysis+1","rmod:steelsupply+1","rmod:steelsupply+1","Pot Of Greed+1","Pot Of Greed+1","Pot Of Greed+1","Pot Of Greed+1","rmod:aggressivemary","rmod:supportescort+1","rmod:firesupport+1","rmod:garrisonisland+1","rmod:steelsupply+1","rmod:fletcherpendant+1","Pot Of Greed+1","rmod:aluminumsupply+1","Gensokyo:ImpossibleRequest","rmod:robin+1","rmod:steelsupply+1","rmod:garrisonisland+1","rmod:fletcherpendant"],"relics":["rmod:firstchargereward","NeowsBlessing","Sundial","Prayer Wheel","ChewingGum","Eternal Feather","Toxic Egg 2","Tiny Chest","Blue Doll","Orichalcum","Ring of Greed","ReplayTheSpireMod:Ring of Addiction","White Beast Statue","Golden Idol","MawBank","SacredBark","Kintsugi","Mercury Hourglass","Grinning Jar","War Paint","Unceasing Top","Replay:Bottled Eggs","Replay:Multitool","Bag of Marbles","paleoftheancients:Timepiece","CultistMask"],"acts_visited":["Exordium","TheCity","TheBeyond","paleoftheancients:PaleOfTheAncients"],"potions_floor_usage":[35,35,37,43,43,44,44,44,52,52,52],"damage_taken":[{"damage":0.0,"enemies":"Cultist","floor":1.0,"turns":1.0},{"damage":0.0,"enemies":"Jaw Worm","floor":3.0,"turns":1.0},{"damage":0.0,"enemies":"2 Louse","floor":9.0,"turns":2.0},{"damage":8.0,"enemies":"Exordium Wildlife","floor":12.0,"turns":5.0},{"damage":0.0,"enemies":"Looter","floor":13.0,"turns":2.0},{"damage":0.0,"enemies":"Large Slime","floor":15.0,"turns":4.0},{"damage":3.0,"enemies":"2 Fungi Beasts","floor":16.0,"turns":3.0},{"damage":8.0,"enemies":"Slime Boss","floor":18.0,"turns":6.0},{"damage":7.0,"enemies":"3 Byrds","floor":20.0,"turns":5.0},{"damage":12.0,"enemies":"2 Thieves","floor":21.0,"turns":3.0},{"damage":19,"enemies":"Chosen and Byrds","floor":24,"turns":7},{"damage":4,"enemies":"Centurion and Healer","floor":26,"turns":3},{"damage":5,"enemies":"Slavers","floor":27,"turns":7},{"damage":9,"enemies":"Book of Stabbing","floor":30,"turns":5},{"damage":5,"enemies":"Pondfish","floor":35,"turns":9},{"damage":4,"enemies":"3 Shapes","floor":37,"turns":2},{"damage":0,"enemies":"3 Darklings","floor":41,"turns":4},{"damage":8,"enemies":"Giant Head","floor":43,"turns":5},{"damage":40,"enemies":"Jaw Worm Horde","floor":44,"turns":3},{"damage":7,"enemies":"Reptomancer","floor":46,"turns":3},{"damage":0,"enemies":"Sphere and 2 Shapes","floor":48,"turns":3},{"damage":0,"enemies":"Spire Growth","floor":49,"turns":3},{"damage":34,"enemies":"Awakened One","floor":52,"turns":6},{"damage":69,"enemies":"Awakened One","floor":53,"turns":4}],"seed_played":"1480954542119198548","potions_obtained":[{"floor":1.0,"key":"ColorlessPotion"},{"floor":13.0,"key":"ColorlessPotion"},{"floor":14.0,"key":"FairyPotion"},{"floor":14.0,"key":"BlessingOfTheForge"},{"floor":20.0,"key":"Elixir"},{"floor":27,"key":"Adrenaline Potion"},{"floor":32,"key":"PowerPotion"},{"floor":35,"key":"Elixir"},{"floor":37,"key":"ColorlessPotion"},{"floor":41,"key":"SteroidPotion"},{"floor":43,"key":"Languid Potion"},{"floor":44,"key":"Block Potion"},{"floor":46,"key":"Strength Potion"},{"floor":48,"key":"SpeedPotion"}],"is_trial":false,"path_per_floor":["M","?","M","$","PTL","PTL","?","R","M","R","T","M","M","?","M","M","R","B",null,"M","M","?","T","M","R","M","E","T","?","E","R","?","?","R","B",null,"M","T","$","?","M","R","E","M","T","E","$","M","M","$","R","B","M"],"character_chosen":"PRAEFECT","items_purchased":["rmod:circuitoustactics","rmod:steelsupply","rmod:intelligenceanalysis+1","rmod:steelsupply+1","Grinning Jar","War Paint"],"campfire_rested":0,"item_purchase_floors":[4,4,39,39,39,39],"current_hp_per_floor":[75,75,75,75,75,75,75,75,75,75,75,67,67,67,67,64,64,56,75,68,56,56,56,37,52,48,43,43,43,34,52,52,52,70,65,75,71,71,71,41,41,68,60,20,20,13,13,13,13,13,46,69,69,69],"gold":97,"neow_bonus":"THREE_ENEMY_KILL","is_daily":false,"chose_seed":false,"campfire_upgraded":7,"win_rate":0.0,"timestamp":1607785572,"path_taken":["M","?","?","$","PTL","PTL","?","R","?","R","T","M","M","?","M","M","R","BOSS","M","?","?","?","M","R","M","E","T","?","E","R","?","?","R","BOSS","M","?","$","?","M","R","E","M","T","E","$","M","M","$","R","BOSS","M"],"items_purchased_type":["Card","Card","Card","Card","Relic","Relic"],"build_version":"2020-11-30","purchased_purges":3,"victory":false,"max_hp_per_floor":[75,75,75,75,75,75,75,75,75,75,75,75,75,75,75,75,75,75,75,75,75,75,75,75,75,75,75,75,75,75,75,75,75,75,75,75,75,75,75,75,73,73,73,73,73,73,73,71,71,71,69,69,69,69],"card_choices":[{"not_picked":["rmod:advancebysurprise","rmod:supportescort"],"picked":"rmod:circuitoustactics","floor":1.0},{"not_picked":["rmod:fletcherpendant","rmod:fuelsupply"],"picked":"rmod:firesupport","floor":3.0},{"not_picked":["rmod:goodsister","rmod:supportaircraftcarrier"],"picked":"rmod:luckystar","floor":9.0},{"not_picked":["rmod:fletcherpendant","rmod:goodfighter"],"picked":"rmod:intelligenceanalysis","floor":12.0},{"not_picked":["rmod:aluminumsupply","rmod:tearstotiara","rmod:unsinkable"],"picked":"SKIP","floor":12.0},{"not_picked":["rmod:robin","rmod:salvage"],"picked":"rmod:lonelyqueen","floor":13.0},{"not_picked":["rmod:smokecover","rmod:diamondstrike"],"picked":"rmod:acesubmarine","floor":13.0},{"not_picked":["rmod:aggressivemary","rmod:aviationdawn"],"picked":"rmod:ammunitionsupply","floor":15.0},{"not_picked":["rmod:ammunitionsupply","rmod:guardianhero"],"picked":"rmod:supportaircraftcarrier","floor":15.0},{"not_picked":["rmod:fletcherpendant","rmod:ammunitionsupply"],"picked":"rmod:tearstotiara","floor":16.0},{"not_picked":["rmod:ammunitionsupply","rmod:stealaluminum"],"picked":"rmod:generalist","floor":16.0},{"not_picked":["rmod:u235","rmod:windflower"],"picked":"rmod:abidefaith","floor":18.0},{"not_picked":["rmod:ammunitionsupply+1","rmod:tearstotiara"],"picked":"rmod:bulid","floor":20.0},{"not_picked":["rmod:tearstotiara+1","rmod:heivgo+1"],"picked":"rmod:diaomin","floor":20.0},{"not_picked":["rmod:circuitoustactics+1","rmod:smokecover"],"picked":"rmod:victimresponsibility+1","floor":21},{"not_picked":["rmod:goodsister","rmod:aviationdawn"],"picked":"rmod:unsinkable+1","floor":21},{"not_picked":["rmod:guardianhero+1","rmod:tearstotiara+1"],"picked":"rmod:supportescort+1","floor":24},{"not_picked":["rmod:tearstotiara","rmod:fletcherpendant"],"picked":"rmod:openingtorpedo","floor":24},{"not_picked":["rmod:diamondstrike+1","rmod:steelsupply+1"],"picked":"rmod:wife+1","floor":26},{"not_picked":["rmod:luckystar","rmod:ring+1"],"picked":"rmod:acesubmarine","floor":26},{"not_picked":["rmod:circuitoustactics+1","rmod:luckystar+1"],"picked":"rmod:advancebysurprise+1","floor":27},{"not_picked":["rmod:tearstotiara+1","rmod:supriseattacks+1"],"picked":"rmod:ridicule+1","floor":30},{"not_picked":["rmod:expeditionaryescort","rmod:saltedfish+1"],"picked":"rmod:windflower+1","floor":35},{"not_picked":["rmod:tearstotiara+1","rmod:unsinkable+1"],"picked":"rmod:fuelsupply+1","floor":37},{"not_picked":["rmod:firesupport","rmod:aviationdawn+1"],"picked":"rmod:slowdown+1","floor":37},{"not_picked":["rmod:unsinkable+1","rmod:fletcherpendant"],"picked":"rmod:aggressivemary","floor":40},{"not_picked":["rmod:aviationdawn+1","rmod:unsinkable+1"],"picked":"rmod:supportescort+1","floor":41},{"not_picked":["rmod:acesubmarine","rmod:ammunitionsupply+1"],"picked":"rmod:firesupport","floor":41},{"not_picked":["rmod:unsinkable+1","rmod:aluminumsupply+1"],"picked":"rmod:garrisonisland+1","floor":43},{"not_picked":["rmod:tearstotiara+1","rmod:aviationdawn+1"],"picked":"rmod:steelsupply+1","floor":44},{"not_picked":["rmod:unsinkable+1","rmod:intelligenceanalysis+1"],"picked":"rmod:fletcherpendant+1","floor":44},{"not_picked":["rmod:windflower+1","rmod:aviationdawn+1"],"picked":"rmod:aluminumsupply+1","floor":46},{"not_picked":["rmod:intelligenceanalysis","rmod:fuelsupply+1"],"picked":"rmod:robin+1","floor":48},{"not_picked":["rmod:circuitoustactics+1","rmod:intelligenceanalysis"],"picked":"rmod:steelsupply+1","floor":48},{"not_picked":["rmod:capitalist+1","rmod:highspeedmaneuver+1"],"picked":"rmod:garrisonisland+1","floor":49},{"not_picked":["rmod:aviationdawn+1","rmod:generalist+1"],"picked":"rmod:fletcherpendant","floor":49}],"player_experience":478284,"relics_obtained":[{"floor":11.0,"key":"Prayer Wheel"},{"floor":23,"key":"Toxic Egg 2"},{"floor":27,"key":"Tiny Chest"},{"floor":28,"key":"Blue Doll"},{"floor":30,"key":"Orichalcum"},{"floor":32,"key":"Ring of Greed"},{"floor":32,"key":"ReplayTheSpireMod:Ring of Addiction"},{"floor":32,"key":"White Beast Statue"},{"floor":32,"key":"Golden Idol"},{"floor":32,"key":"MawBank"},{"floor":32,"key":"SacredBark"},{"floor":38,"key":"Mercury Hourglass"},{"floor":40,"key":"Unceasing Top"},{"floor":43,"key":"Replay:Bottled Eggs"},{"floor":45,"key":"Replay:Multitool"},{"floor":46,"key":"Bag of Marbles"}],"event_choices":[{"cards_removed":["rmod:strick"],"damage_healed":0.0,"max_hp_gain":0.0,"max_hp_loss":0.0,"gold_gain":0.0,"event_name":"Wheel of Change","player_choice":"Card Removal","floor":2.0,"gold_loss":0.0,"damage_taken":0.0},{"damage_healed":0.0,"max_hp_gain":0.0,"max_hp_loss":0.0,"gold_gain":0.0,"event_name":"WeMeetAgain","player_choice":"Gave Potion","floor":7.0,"gold_loss":0.0,"damage_taken":0.0,"relics_obtained":["Sundial"]},{"damage_healed":0.0,"max_hp_gain":0.0,"max_hp_loss":0.0,"gold_gain":0.0,"event_name":"Lab","player_choice":"Got Potions","floor":14.0,"gold_loss":0.0,"damage_taken":0.0},{"damage_healed":0,"gold_gain":0,"player_choice":"Obtained Relic","damage_taken":0,"relics_obtained":["Eternal Feather"],"max_hp_gain":0,"max_hp_loss":0,"event_name":"Addict","floor":22,"gold_loss":85},{"damage_healed":0,"gold_gain":0,"player_choice":"Read","damage_taken":0,"max_hp_gain":0,"max_hp_loss":0,"event_name":"The Library","floor":29,"gold_loss":0,"cards_obtained":["rmod:fuelsupply"]}],"is_beta":false,"boss_relics":[{"not_picked":["Ring of Chaos","Painkiller Herb"],"picked":"ChewingGum"},{"not_picked":["Replay:Bronze Core","Velvet Choker"],"picked":"Kintsugi"}],"items_purged_floors":[39,47,50],"is_endless":false,"potions_floor_spawned":[1,13,15,16,20,27,30,35,37,41,43,44,46,48,49],"killed_by":"Awakened One","ascension_level":0}}