{"host":"spdo1rkrnctwf3z7","time":1607801059,"event":{"mods":["AchievementEnabler","BaseMod","Colored Map","Minty Spire (QoL Compilation)","SuperFastMode"],"gold_per_floor":[144,144,189,39,84,84,129,154,204,204,249,249,294,339,339,639,639,684,309,334,379,424,424,514,559,584,629,0,0,0,45,45,45,45],"floor_reached":33,"playtime":3006,"items_purged":["Zap"],"score":286,"play_id":"884534f4-fe13-4167-9860-efabe58c2e7b","local_time":"20201213042419","daily_mods":["Chimera","ControlledChaos","Midas"],"is_ascension_mode":false,"campfire_choices":[{"floor":6,"key":"REST"},{"floor":10,"key":"REST"},{"floor":15,"key":"REST"},{"floor":23,"key":"REST"},{"floor":30,"key":"REST"},{"floor":32,"key":"REST"}],"circlet_count":0,"master_deck":["Bash","Survivor","Eruption","Strike_R","Strike_G","Strike_B","Defend_R","Defend_G","Defend_P","Perseverance","PathToVictory","SpiritShield","ClearTheMind","EmptyFist+1","Evaluate+1","Wallop+1","Alpha"],"relics":["PureWater","Frozen Eye","Tiny Chest","MealTicket","Dream Catcher","Strawberry","Snecko Eye","Vajra","Sling","Oddly Smooth Stone","Bag of Preparation","Smiling Mask","NlothsMask"],"acts_visited":["Exordium","TheCity"],"potions_floor_usage":[16,16,21],"damage_taken":[{"damage":13,"enemies":"Jaw Worm","floor":1,"turns":4},{"damage":2,"enemies":"Small Slimes","floor":3,"turns":3},{"damage":0,"enemies":"Cultist","floor":5,"turns":2},{"damage":0,"enemies":"Large Slime","floor":7,"turns":4},{"damage":3,"enemies":"Red Slaver","floor":11,"turns":3},{"damage":0,"enemies":"Exordium Wildlife","floor":13,"turns":4},{"damage":8,"enemies":"Large Slime","floor":14,"turns":7},{"damage":45,"enemies":"The Guardian","floor":16,"turns":10},{"damage":15,"enemies":"Spheric Guardian","floor":18,"turns":3},{"damage":21,"enemies":"2 Thieves","floor":21,"turns":4},{"damage":21,"enemies":"Snake Plant","floor":22,"turns":8},{"damage":17,"enemies":"Book of Stabbing","floor":24,"turns":7},{"damage":21,"enemies":"Snecko","floor":25,"turns":7},{"damage":12,"enemies":"Centurion and Healer","floor":27,"turns":10},{"damage":3,"enemies":"Chosen and Byrds","floor":31,"turns":7},{"damage":99999,"enemies":"Collector","floor":33,"turns":4}],"seed_played":"-2740983366772686195","potions_obtained":[{"floor":1,"key":"SteroidPotion"},{"floor":3,"key":"Strength Potion"},{"floor":12,"key":"DuplicationPotion"},{"floor":12,"key":"DistilledChaos"},{"floor":25,"key":"Fruit Juice"},{"floor":27,"key":"Dexterity Potion"},{"floor":31,"key":"Weak Potion"}],"is_trial":false,"path_per_floor":["M","?","M","$","M","R","M","T","T","R","M","?","M","M","R","B",null,"M","$","T","M","M","R","E","M","T","M","?","?","R","M","R","B"],"character_chosen":"WATCHER","items_purchased":["MealTicket","Vajra","Sling"],"campfire_rested":6,"item_purchase_floors":[4,19,19],"current_hp_per_floor":[59,41,39,39,39,60,60,60,67,79,76,76,76,68,79,34,79,64,79,79,58,37,60,43,22,22,10,10,10,33,30,53,0,0],"gold":45,"neow_bonus":"","is_daily":true,"chose_seed":false,"campfire_upgraded":0,"win_rate":0.0,"timestamp":1607801059,"path_taken":["M","?","M","$","M","R","M","?","T","R","M","?","M","?","R","BOSS","M","$","?","?","M","R","E","M","T","M","?","?","R","M","R","BOSS"],"items_purchased_type":["Relic","Relic","Relic"],"build_version":"2020-11-30","purchased_purges":1,"victory":false,"max_hp_per_floor":[72,72,72,72,72,72,72,72,79,79,79,79,79,79,79,79,79,79,79,79,79,79,79,79,79,79,79,79,79,79,79,79,79,79],"card_choices":[{"not_picked":["InnerPeace","FlyingSleeves"],"picked":"Perseverance","floor":1},{"not_picked":["TalkToTheHand","WheelKick","Crescendo"],"picked":"SKIP","floor":3},{"not_picked":["EmptyBody","Prostrate","CutThroughFate"],"picked":"SKIP","floor":5},{"not_picked":["Meditate","Perseverance","Wish"],"picked":"SKIP","floor":7},{"not_picked":["Pray","SignatureMove","CutThroughFate"],"picked":"SKIP","floor":11},{"not_picked":["Pray","SignatureMove","CutThroughFate"],"picked":"SKIP","floor":11},{"not_picked":["InnerPeace","Indignation","Collect"],"picked":"SKIP","floor":13},{"not_picked":["Devotion","ThirdEye"],"picked":"PathToVictory","floor":14},{"not_picked":["ConjureBlade","Scrawl"],"picked":"SpiritShield","floor":16},{"not_picked":["SashWhip+1","Weave","PathToVictory+1"],"picked":"SKIP","floor":18},{"not_picked":["Halt","WheelKick","Evaluate"],"picked":"SKIP","floor":21},{"not_picked":["Sanctity+1","PathToVictory","FollowUp"],"picked":"SKIP","floor":22},{"not_picked":["TalkToTheHand","FearNoEvil"],"picked":"ClearTheMind","floor":23},{"not_picked":["ClearTheMind","FollowUp"],"picked":"EmptyFist+1","floor":24},{"not_picked":["Blasphemy","Worship"],"picked":"Evaluate+1","floor":25},{"not_picked":["EmptyBody+1","Tantrum","Evaluate"],"picked":"SKIP","floor":27},{"not_picked":["CutThroughFate","FlurryOfBlows+1"],"picked":"Wallop+1","floor":30},{"not_picked":["Protect","Weave"],"picked":"Alpha","floor":31}],"player_experience":116026,"relics_obtained":[{"floor":8,"key":"Dream Catcher"},{"floor":9,"key":"Strawberry"},{"floor":20,"key":"Oddly Smooth Stone"},{"floor":24,"key":"Bag of Preparation"},{"floor":26,"key":"Smiling Mask"}],"event_choices":[{"damage_healed":0,"gold_gain":0,"player_choice":"Success","damage_taken":18,"relics_obtained":["Tiny Chest"],"max_hp_gain":0,"max_hp_loss":0,"event_name":"Scrap Ooze","floor":2,"gold_loss":0},{"damage_healed":0,"gold_gain":0,"player_choice":"Got Potions","damage_taken":0,"max_hp_gain":0,"max_hp_loss":0,"event_name":"Lab","floor":12,"gold_loss":0},{"damage_healed":0,"gold_gain":0,"player_choice":"Paid Fearfully","damage_taken":0,"max_hp_gain":0,"max_hp_loss":0,"event_name":"Masked Bandits","floor":28,"gold_loss":629},{"damage_healed":0,"gold_gain":0,"player_choice":"Trade","damage_taken":0,"relics_obtained":["NlothsMask"],"max_hp_gain":0,"max_hp_loss":0,"event_name":"FaceTrader","floor":29,"gold_loss":0}],"is_beta":false,"boss_relics":[{"not_picked":["HolyWater","Calling Bell"],"picked":"Snecko Eye"}],"items_purged_floors":[19],"is_endless":false,"potions_floor_spawned":[1,3,25,27,31],"killed_by":"Collector","ascension_level":0}}