{"host":"i09pxcjttd31eh4q","time":1607747727,"event":{"mods":["AchievementEnabler","BaseMod","Colored Map","Keyboard Shortcuts","Minty Spire (QoL Compilation)","StSLib","SuperFastMode"],"gold_per_floor":[118,118,118,43,43,77,93,93,120,120,145,145,70,120,120,120,120,140,165,180,70,70,85,104,4,4,4,40,40,58,81,81,171,171,185,209,224,52,52,52,52],"floor_reached":40,"playtime":796,"items_purged":["Defend_P","Strike_P+1"],"score":866,"play_id":"0b033a6a-c41a-4694-922f-7ce3094b6415","local_time":"20201212133527","is_ascension_mode":true,"campfire_choices":[{"data":"Eruption","floor":8.0,"key":"SMITH"},{"data":"WheelKick","floor":10.0,"key":"SMITH"},{"data":"EmptyFist","floor":12.0,"key":"SMITH"},{"floor":15.0,"key":"REST"},{"data":"Ragnarok","floor":27.0,"key":"SMITH"},{"data":"Vault","floor":32.0,"key":"SMITH"}],"circlet_count":0,"master_deck":["AscendersBane","Strike_P+1","Defend_P+1","Defend_P","Defend_P","Eruption+1","Vigilance","WheelKick+1","EmptyFist+1","Ragnarok+1","Vault+1","Vault","Scrawl"],"relics":["HolyWater","NeowsBlessing","Art of War","Golden Idol","Anchor","Pen Nib","Runic Pyramid","Letter Opener","Bronze Scales","Orrery"],"acts_visited":["Exordium","TheCity","TheBeyond"],"potions_floor_usage":[40],"damage_taken":[{"damage":0.0,"enemies":"Jaw Worm","floor":1.0,"turns":1.0},{"damage":0.0,"enemies":"Lagavulin","floor":6.0,"turns":1.0},{"damage":0.0,"enemies":"Small Slimes","floor":7.0,"turns":1.0},{"damage":0.0,"enemies":"2 Louse","floor":11.0,"turns":2.0},{"damage":27.0,"enemies":"The Guardian","floor":16.0,"turns":8.0},{"damage":0.0,"enemies":"Chosen","floor":18.0,"turns":1.0},{"damage":4.0,"enemies":"2 Thieves","floor":19.0,"turns":3.0},{"damage":0.0,"enemies":"3 Cultists","floor":20.0,"turns":4.0},{"damage":0.0,"enemies":"Sentry and Sphere","floor":23.0,"turns":2.0},{"damage":0.0,"enemies":"Centurion and Healer","floor":24.0,"turns":3.0},{"damage":0.0,"enemies":"Gremlin Leader","floor":28.0,"turns":3.0},{"damage":0.0,"enemies":"Snecko","floor":30.0,"turns":3.0},{"damage":3.0,"enemies":"Snake Plant","floor":31.0,"turns":3.0},{"damage":20.0,"enemies":"Champ","floor":33.0,"turns":7.0},{"damage":0.0,"enemies":"3 Darklings","floor":35.0,"turns":3.0},{"damage":0.0,"enemies":"3 Shapes","floor":36.0,"turns":4.0},{"damage":0.0,"enemies":"3 Darklings","floor":37.0,"turns":3.0},{"damage":24,"enemies":"Giant Head","floor":40,"turns":6}],"seed_played":"5340399861378767162","potions_obtained":[{"floor":6.0,"key":"PowerPotion"},{"floor":7.0,"key":"Weak Potion"},{"floor":20.0,"key":"Dexterity Potion"},{"floor":28.0,"key":"AttackPotion"},{"floor":35.0,"key":"Strength Potion"},{"floor":36.0,"key":"AttackPotion"}],"is_trial":false,"path_per_floor":["M","?","?","?","?","E","M","R","T","R","M","R","$","?","R","B",null,"M","M","M","?","$","M","M","$","T","R","E","?","M","M","R","B",null,"M","M","M","$","$","E"],"character_chosen":"WATCHER","items_purchased":["Orrery"],"campfire_rested":1,"item_purchase_floors":[38],"current_hp_per_floor":[61,35,35,35,16,16,16,16,16,16,16,16,16,16,34,7,48,48,44,44,44,44,44,44,44,44,44,44,44,44,41,41,21,52,52,52,52,52,52,28,28],"gold":52,"neow_bonus":"THREE_ENEMY_KILL","is_daily":false,"chose_seed":false,"campfire_upgraded":5,"win_rate":0.0,"timestamp":1607747727,"path_taken":["M","?","?","?","?","E","?","R","T","R","M","R","$","?","R","BOSS","M","?","M","?","$","M","M","?","T","R","E","?","M","M","R","BOSS","M","M","M","?","$","E"],"items_purchased_type":["Relic"],"build_version":"2020-11-30","purchased_purges":2,"victory":false,"max_hp_per_floor":[68,68,62,62,62,62,62,62,62,62,62,62,62,62,62,62,62,62,62,62,62,62,62,62,62,62,62,62,62,62,62,62,62,62,62,62,62,62,62,62,62],"card_choices":[{"not_picked":["FlurryOfBlows","Weave"],"picked":"WheelKick","floor":1.0},{"not_picked":["FollowUp","CrushJoints","ClearTheMind"],"picked":"SKIP","floor":6.0},{"not_picked":["WheelKick","Brilliance"],"picked":"EmptyFist","floor":7.0},{"not_picked":["BowlingBash","FollowUp","Prostrate"],"picked":"SKIP","floor":11.0},{"not_picked":["FlurryOfBlows","PathToVictory","ClearTheMind"],"picked":"SKIP","floor":18.0},{"not_picked":["FlurryOfBlows","PathToVictory","ClearTheMind"],"picked":"SKIP","floor":18.0},{"not_picked":["ClearTheMind","WreathOfFlame","CrushJoints"],"picked":"SKIP","floor":19.0},{"not_picked":["CutThroughFate","Pray","Prostrate"],"picked":"SKIP","floor":20.0},{"not_picked":["EmptyFist","Crescendo+1","Ragnarok"],"picked":"SKIP","floor":23.0},{"not_picked":["EmptyFist","Crescendo+1"],"picked":"Ragnarok","floor":23.0},{"not_picked":["Study","PathToVictory","CutThroughFate"],"picked":"SKIP","floor":24.0},{"not_picked":["Conclude+1","EmptyFist","CrushJoints"],"picked":"SKIP","floor":28.0},{"not_picked":["FlyingSleeves","PathToVictory","FlurryOfBlows"],"picked":"SKIP","floor":30.0},{"not_picked":["ClearTheMind","Sanctity","Wallop"],"picked":"SKIP","floor":31.0},{"not_picked":["MasterReality","SpiritShield"],"picked":"Vault","floor":33.0},{"not_picked":["FlurryOfBlows","EmptyBody","CrushJoints"],"picked":"SKIP","floor":35.0},{"not_picked":["CutThroughFate","PathToVictory","EmptyBody"],"picked":"SKIP","floor":36.0},{"not_picked":["EmptyFist","Protect","Consecrate"],"picked":"SKIP","floor":37.0},{"not_picked":["Study","EmptyMind"],"picked":"Scrawl","floor":38.0}],"player_experience":721160,"relics_obtained":[{"floor":6.0,"key":"Anchor"},{"floor":9.0,"key":"Pen Nib"},{"floor":26.0,"key":"Letter Opener"},{"floor":28.0,"key":"Bronze Scales"}],"event_choices":[{"damage_healed":0.0,"max_hp_gain":0.0,"max_hp_loss":0.0,"gold_gain":0.0,"event_name":"Scrap Ooze","player_choice":"Success","floor":2.0,"gold_loss":0.0,"damage_taken":26.0,"relics_obtained":["Art of War"]},{"damage_healed":0.0,"max_hp_gain":0.0,"max_hp_loss":6.0,"gold_gain":0.0,"event_name":"Golden Idol","player_choice":"Lose Max HP","floor":3.0,"gold_loss":0.0,"damage_taken":0.0,"relics_obtained":["Golden Idol"]},{"cards_removed":["Strike_P"],"damage_healed":0.0,"max_hp_gain":0.0,"max_hp_loss":0.0,"gold_gain":0.0,"event_name":"The Cleric","player_choice":"Card Removal","floor":4.0,"gold_loss":75.0,"damage_taken":0.0},{"damage_healed":0.0,"max_hp_gain":0.0,"max_hp_loss":0.0,"gold_gain":0.0,"event_name":"Shining Light","player_choice":"Entered Light","floor":5.0,"gold_loss":0.0,"damage_taken":19.0,"cards_upgraded":["Defend_P","Strike_P"]},{"damage_healed":0.0,"max_hp_gain":0.0,"max_hp_loss":0.0,"gold_gain":50.0,"event_name":"Golden Shrine","player_choice":"Pray","floor":14.0,"gold_loss":0.0,"damage_taken":0.0},{"cards_removed":["Strike_P"],"damage_healed":0.0,"max_hp_gain":0.0,"max_hp_loss":0.0,"gold_gain":0.0,"event_name":"Designer","player_choice":"Upgrade and Remove","floor":21.0,"gold_loss":110.0,"damage_taken":0.0,"cards_upgraded":["Strike_P"]},{"damage_healed":0.0,"max_hp_gain":0.0,"max_hp_loss":0.0,"gold_gain":0.0,"event_name":"Match and Keep!","player_choice":"1 cards matched","floor":29.0,"gold_loss":0.0,"damage_taken":0.0,"cards_obtained":["Vault"]}],"is_beta":false,"boss_relics":[{"not_picked":["Coffee Dripper","Philosopher\u0027s Stone"],"picked":"Runic Pyramid"},{"not_picked":["Astrolabe","Fusion Hammer"],"picked":"HolyWater"}],"items_purged_floors":[13,25],"is_endless":false,"potions_floor_spawned":[6,7,20,23,28,31,35,36],"killed_by":"Giant Head","ascension_level":18}}