{"host":"ow9msrs9p2ctkx99","time":1607815962,"event":{"mods":["AchievementEnabler","BaseMod","Colored Map","Colored Powertips","Minty Spire (QoL Compilation)","Permanent Neow","Quick Restart","SuperFastMode"],"gold_per_floor":[116,129,17,17,17,43,43,193,220,220,239,28,61,77,77,154,154,172,172,189,189,189,13,13,13,36,52,52,52],"floor_reached":28,"playtime":1638,"items_purged":["Strike_G","Strike_G"],"score":392,"play_id":"c0e0b971-796b-457f-9d7c-319a5f2b1f25","local_time":"20201213003242","is_ascension_mode":true,"campfire_choices":[{"data":"Cloak And Dagger","floor":7.0,"key":"SMITH"},{"floor":10.0,"key":"REST"},{"data":"Infinite Blades","floor":15.0,"key":"SMITH"},{"data":"Terror","floor":25.0,"key":"SMITH"}],"circlet_count":0,"master_deck":["AscendersBane","Strike_G","Strike_G","Strike_G","Defend_G","Defend_G","Defend_G","Defend_G","Defend_G","Survivor","Neutralize+1","Dagger Spray","Backstab","Cloak And Dagger+1","Finisher","Footwork","Infinite Blades+1","Dagger Throw","Storm of Steel","Accuracy","Terror+1","Footwork","Acrobatics"],"relics":["WristBlade","Regal Pillow","Omamori","PreservedInsect","Oddly Smooth Stone","Pen Nib","SacredBark","Juzu Bracelet"],"acts_visited":["Exordium","TheCity"],"potions_floor_usage":[28],"damage_taken":[{"damage":2.0,"enemies":"Small Slimes","floor":1.0,"turns":4.0},{"damage":3.0,"enemies":"Jaw Worm","floor":2.0,"turns":5.0},{"damage":22.0,"enemies":"Lagavulin","floor":6.0,"turns":11.0},{"damage":0.0,"enemies":"2 Louse","floor":11.0,"turns":2.0},{"damage":11.0,"enemies":"Gremlin Nob","floor":13.0,"turns":4.0},{"damage":0.0,"enemies":"Exordium Wildlife","floor":14.0,"turns":2.0},{"damage":42.0,"enemies":"The Guardian","floor":16.0,"turns":10.0},{"damage":24.0,"enemies":"2 Thieves","floor":18.0,"turns":3.0},{"damage":6.0,"enemies":"Shell Parasite","floor":20.0,"turns":3.0},{"damage":22,"enemies":"3 Cultists","floor":27,"turns":5},{"damage":15,"enemies":"Slavers","floor":28,"turns":1}],"seed_played":"-4003626774164215254","potions_obtained":[{"floor":1.0,"key":"Ancient Potion"},{"floor":2.0,"key":"DuplicationPotion"},{"floor":11.0,"key":"Swift Potion"},{"floor":27,"key":"SteroidPotion"}],"is_trial":false,"path_per_floor":["M","M","$","?","?","E","R","?","T","R","M","$","E","M","R","B",null,"M","?","M","?","?","$","$","R","T","M","E"],"character_chosen":"THE_SILENT","items_purchased":["Backstab","Footwork","Oddly Smooth Stone","Footwork"],"campfire_rested":1,"item_purchase_floors":[3,12,12,23],"current_hp_per_floor":[57,54,54,54,43,21,21,21,21,55,55,55,44,44,44,2,50,26,26,20,33,33,33,33,33,33,11,0,0],"gold":52,"neow_bonus":"BOSS_RELIC","is_daily":false,"chose_seed":false,"campfire_upgraded":3,"win_rate":0.0,"timestamp":1607815962,"path_taken":["M","M","$","?","?","E","R","?","T","R","?","$","E","M","R","BOSS","M","?","M","?","?","?","$","R","T","M","E"],"items_purchased_type":["Card","Card","Relic","Card"],"build_version":"2020-11-30","purchased_purges":2,"victory":false,"max_hp_per_floor":[66,66,66,66,66,66,66,66,66,66,66,66,66,66,66,66,66,66,66,66,66,66,66,66,66,66,66,66,66],"card_choices":[{"not_picked":["Flying Knee","Infinite Blades"],"picked":"Dagger Spray","floor":1.0},{"not_picked":["Choke","Outmaneuver","Dodge and Roll"],"picked":"SKIP","floor":2.0},{"not_picked":["Tactician","Leg Sweep"],"picked":"Cloak And Dagger","floor":6.0},{"not_picked":["Reflex","Dagger Spray"],"picked":"Finisher","floor":11.0},{"not_picked":["Unload","Deadly Poison"],"picked":"Infinite Blades","floor":13.0},{"not_picked":["Dodge and Roll","Setup"],"picked":"Dagger Throw","floor":14.0},{"not_picked":["Tools of the Trade","Grand Finale"],"picked":"Storm of Steel","floor":16.0},{"not_picked":["Skewer","Flying Knee"],"picked":"Accuracy","floor":18.0},{"not_picked":["Dash","Slice"],"picked":"Terror","floor":20.0},{"not_picked":["Dagger Spray","Underhanded Strike"],"picked":"Acrobatics","floor":27}],"player_experience":968253,"relics_obtained":[{"floor":6.0,"key":"Omamori"},{"floor":9.0,"key":"PreservedInsect"},{"floor":13.0,"key":"Pen Nib"},{"floor":26.0,"key":"Juzu Bracelet"}],"event_choices":[{"damage_healed":0.0,"max_hp_gain":0.0,"max_hp_loss":0.0,"gold_gain":0.0,"event_name":"Living Wall","player_choice":"Grow","floor":4.0,"gold_loss":0.0,"damage_taken":0.0,"cards_upgraded":["Neutralize"]},{"damage_healed":0.0,"max_hp_gain":0.0,"max_hp_loss":0.0,"gold_gain":0.0,"event_name":"Scrap Ooze","player_choice":"Success","floor":5.0,"gold_loss":0.0,"damage_taken":11.0,"relics_obtained":["Regal Pillow"]},{"damage_healed":0.0,"max_hp_gain":0.0,"max_hp_loss":0.0,"gold_gain":150.0,"event_name":"Liars Game","player_choice":"AGREE","floor":8.0,"gold_loss":0.0,"damage_taken":0.0,"cards_obtained":["Doubt"]},{"damage_healed":0.0,"max_hp_gain":0.0,"max_hp_loss":0.0,"gold_gain":0.0,"event_name":"Forgotten Altar","player_choice":"Smashed Altar","floor":19.0,"gold_loss":0.0,"damage_taken":0.0,"cards_obtained":["Decay"]},{"damage_healed":13.0,"max_hp_gain":0.0,"max_hp_loss":0.0,"gold_gain":0.0,"event_name":"The Library","player_choice":"Heal","floor":21.0,"gold_loss":0.0,"damage_taken":0.0},{"damage_healed":0.0,"max_hp_gain":0.0,"max_hp_loss":0.0,"gold_gain":0.0,"event_name":"Vampires","player_choice":"Ignored","floor":22.0,"gold_loss":0.0,"damage_taken":0.0}],"is_beta":false,"boss_relics":[{"not_picked":["Ectoplasm","Snecko Eye"],"picked":"SacredBark"}],"items_purged_floors":[3,23],"is_endless":false,"potions_floor_spawned":[1,2,11,27],"killed_by":"Slavers","ascension_level":15}}