{"host":"d0379l13u4uktr5h","time":1607741722,"event":{"mods":["AchievementEnabler","Act Like it!","BaseMod","Colored Map","Colored Powertips","Conspire","Downfall","Gensokyo","Koishi","Marisa（F雨　魔理沙）","Minty Spire (QoL Compilation)","Pale of the Ancients","Prisma Mod","Quick Restart","Replay The Spire","RumiaBox-露米娅的神秘盒子","Shop Mod","Spicy Shops","StSLib","The Administrix","The Animator","Waifu the Spire","noobMod"],"gold_per_floor":[111,9,9,9,9,9,9],"floor_reached":6,"playtime":73,"items_purged":[],"score":69,"play_id":"5b44cbfe-0961-41dd-8a6f-60b46c6336b5","local_time":"20201212105522","is_ascension_mode":false,"campfire_choices":[],"circlet_count":0,"master_deck":["animator:Strike_Konosuba","animator:Defend_Konosuba","animator:Strike","animator:Strike","animator:Strike","animator:Defend","animator:Defend","animator:Defend","animator:Kazuma","animator:Aqua","animator:YuiTsuruno","animator:Shichika"],"relics":["animator:LivingPicture","animator:TheMissingPiece","ice","animator:PurgingStone","NeowsBlessing"],"acts_visited":["Exordium"],"potions_floor_usage":[],"damage_taken":[{"damage":0,"enemies":"Cultist","floor":1,"turns":1},{"damage":0,"enemies":"Jaw Worm","floor":5,"turns":1},{"damage":0,"enemies":"Replay:BlueRogue","floor":6,"turns":1}],"seed_played":"7268189321651351268","potions_obtained":[],"is_trial":false,"path_per_floor":["M","$","?","$","M","E"],"character_chosen":"THE_ANIMATOR","items_purchased":["animator:Shichika"],"campfire_rested":0,"item_purchase_floors":[2],"current_hp_per_floor":[66,66,66,66,66,66,66],"gold":9,"neow_bonus":"THREE_ENEMY_KILL","is_daily":false,"chose_seed":false,"campfire_upgraded":0,"win_rate":0.0,"timestamp":1607741722,"path_taken":["M","$","?","?","?","E"],"items_purchased_type":["Card"],"build_version":"2020-11-30","purchased_purges":0,"victory":false,"max_hp_per_floor":[66,66,66,66,66,66,66],"card_choices":[{"not_picked":["animator:DolaSchwi","animator:Chris"],"picked":"animator:YuiTsuruno","floor":1},{"not_picked":["animator:OrikoMikuni","animator:Ara","animator:Ciel"],"picked":"SKIP","floor":5},{"not_picked":["animator:Rider","animator:Entoma","animator:Shinoa"],"picked":"SKIP","floor":6}],"player_experience":49575,"relics_obtained":[],"event_choices":[{"damage_healed":0,"gold_gain":0,"player_choice":"Ignored","damage_taken":0,"max_hp_gain":0,"max_hp_loss":0,"event_name":"WeMeetAgain","floor":3,"gold_loss":0}],"is_beta":false,"boss_relics":[],"items_purged_floors":[],"is_endless":false,"potions_floor_spawned":[5],"killed_by":"Replay:BlueRogue","ascension_level":0}}