{"host":"ipk67jpu1niyju9z","time":1607743189,"event":{"mods":["Aspiration","Bard","BaseMod","Conspire","Downfall","Energized Spire","Fiend Mod","GifTheSpireLib","Hermit","Hubris","Jorbs\u0027s Wanderer Trilogy","Marked Mod","Minty Spire (QoL Compilation)","Replay The Spire","Shade Mod","Somnambulant","Spikes Relics","StSLib","Stuff the Spire","The Blue Laboratory","The Cursed","The Disciple","The Forsaken","The Hierophant","The Judge","The Mystic","The Runesmith","The Servant 0.9.4","The Spell Scribe","TheArtist"],"gold_per_floor":[112,37,37,52,52,52,62,62,62,62,73,73,102,129,141,248,260,292,304,415,387,418,430,461,489,528,540,160,160,191,208,208,312,312,326,345,345,362,382,382,407,407,452,452,464,464,464,479,479,479,479],"floor_reached":50,"playtime":3866,"items_purged":["theScribe:PriceOfKnowledge","theScribe:Dark"],"score":742,"play_id":"a6cf4348-21cf-4aa7-9c31-7b4078df1713","local_time":"20201211211949","daily_mods":["Draft","Specialized","downfall:Jewelcrafting","Binary"],"is_ascension_mode":false,"campfire_choices":[{"data":"Guardian:ExploitGems","floor":10,"key":"SMITH"},{"data":"Guardian:ExploitGems","floor":12,"key":"SMITH"},{"data":"theScribe:QuickStudy","floor":23,"key":"SMITH"},{"data":"theScribe:ArcaneArcing","floor":27,"key":"SMITH"},{"data":"theScribe:FalseLife","floor":29,"key":"SMITH"},{"floor":32,"key":"REST"},{"floor":40,"key":"REST"},{"floor":42,"key":"REST"},{"floor":44,"key":"REST"},{"floor":46,"key":"REST"},{"floor":49,"key":"REST"}],"circlet_count":0,"master_deck":["Guardian:ExploitGems+1","Guardian:ExploitGems+1","theScribe:RecurringRime+1","theScribe:RecurringRime+1","theScribe:RecurringRime+1","theScribe:RecurringRime","theScribe:RecurringRime+1","theScribe:FrostvenomToxin+1","theScribe:AmplifyingSpellstone","theScribe:WeirdToxin","theScribe:LightningBolt","theScribe:AmplifyingSpellstone+1","theScribe:MirrorImage","theScribe:FrostvenomToxin","theScribe:ArcaneArcing+1","theScribe:QuickStudy+1","theScribe:LightningBolt+1","theScribe:LightningBolt+1","theScribe:EnchantedStrike","theScribe:EnchantedStrike","theScribe:Thunder","theScribe:FalseLife+1","expansioncontent:GoopSpray+1","theScribe:BlankScroll+1","theScribe:CapacitanceScroll","theForsaken:PlagueCurse"],"relics":["theScribe:StarterRelic1","Busted Crown","replay:Trail_Library","Guardian:PickAxe","Potion Belt","RetroEgg","MawBank","hubris:TerracottaHorce","Enchiridion","War Paint","Gremlin Food","sneckomod:BlankCard","energizedSpire:SpiderWeb","Tiny Chest","Juzu Bracelet","theForsaken:PlagueMask"],"acts_visited":["Exordium","TheCity","TheBeyond"],"potions_floor_usage":[33,41,50,50,50,50,50],"damage_taken":[{"damage":0,"enemies":"Jaw Worm","floor":1,"turns":2},{"damage":0,"enemies":"Cultist","floor":4,"turns":2},{"damage":0,"enemies":"2 Louse","floor":7,"turns":2},{"damage":6,"enemies":"2 Fungi Beasts","floor":11,"turns":3},{"damage":0,"enemies":"Gremlin Nob","floor":13,"turns":2},{"damage":2,"enemies":"Exordium Thugs","floor":14,"turns":3},{"damage":50,"enemies":"The Guardian","floor":16,"turns":9},{"damage":0,"enemies":"Spheric Guardian","floor":18,"turns":2},{"damage":8,"enemies":"Shell Parasite","floor":22,"turns":3},{"damage":9,"enemies":"Cultist and Chosen","floor":24,"turns":6},{"damage":0,"enemies":"3 Cultists","floor":25,"turns":4},{"damage":0,"enemies":"Book of Stabbing","floor":30,"turns":3},{"damage":6,"enemies":"Centurion and Healer","floor":31,"turns":5},{"damage":7,"enemies":"Champ","floor":33,"turns":5},{"damage":6,"enemies":"3 Shapes","floor":35,"turns":4},{"damage":0,"enemies":"Orb Walker","floor":36,"turns":3},{"damage":17,"enemies":"4 Shapes","floor":38,"turns":6},{"damage":26,"enemies":"Spire Growth","floor":39,"turns":4},{"damage":28,"enemies":"Nemesis","floor":41,"turns":4},{"damage":34,"enemies":"Jaw Worm Horde","floor":45,"turns":3},{"damage":31,"enemies":"Sphere and 2 Shapes","floor":48,"turns":8},{"damage":40,"enemies":"hubris:GrandSnecko","floor":50,"turns":7}],"seed_played":"2006968744362233313","potions_obtained":[{"floor":4,"key":"Weak Potion"},{"floor":7,"key":"Block Potion"},{"floor":14,"key":"blueLaboratory:NullPotion"},{"floor":18,"key":"blueLaboratory:NullPotion"},{"floor":21,"key":"DistilledChaos"},{"floor":21,"key":"Cursed Concoction"},{"floor":21,"key":"Flashbang"},{"floor":31,"key":"Block Potion"},{"floor":33,"key":"Block Potion"},{"floor":36,"key":"blueLaboratory:PyrophylliteBrew"},{"floor":41,"key":"blueLaboratory:BottleOfVodka"}],"is_trial":true,"path_per_floor":["M","$","?","M","?","R","M","R","T","R","M","R","E","M","R","B",null,"M","?","?","?","M","R","M","M","T","R","$","R","E","M","R","B",null,"M","M","?","M","M","R","E","R","T","R","M","R","?","M","R","B"],"character_chosen":"THE_SCRIBE","items_purchased":["Gremlin Food","expansioncontent:GoopSpray","theScribe:BlankScroll+1"],"campfire_rested":6,"item_purchase_floors":[28,28,28],"current_hp_per_floor":[75,75,63,63,63,63,63,63,63,63,57,57,57,55,55,5,58,58,42,42,42,34,34,25,25,25,25,25,25,25,19,41,34,65,59,59,59,42,16,38,10,32,32,54,20,42,42,11,33,0,0],"gold":479,"neow_bonus":"","is_daily":false,"chose_seed":false,"campfire_upgraded":5,"win_rate":0.0,"timestamp":1607743189,"path_taken":["M","$","?","M","?","R","?","R","T","R","M","R","E","M","R","BOSS","M","?","?","?","M","R","?","M","T","R","$","R","E","M","R","BOSS","M","M","?","?","M","R","E","R","T","R","M","R","?","M","R","BOSS"],"items_purchased_type":["Relic","Card","Card"],"build_version":"2020-11-30","purchased_purges":2,"victory":false,"max_hp_per_floor":[75,75,75,75,75,75,75,75,75,75,75,75,75,75,75,75,75,75,75,75,75,75,75,75,75,75,75,75,75,75,75,75,75,75,75,75,75,75,75,75,75,75,75,75,75,75,75,75,75,75,75],"card_choices":[{"not_picked":["theScribe:FocusingBlow","theScribe:QuickStudy"],"picked":"theScribe:FrostvenomToxin","floor":0},{"not_picked":["theScribe:Thunder","theScribe:ArcaneBarrier"],"picked":"theScribe:AmplifyingSpellstone","floor":0},{"not_picked":["theScribe:BluntWeapons","theScribe:CrystalShield"],"picked":"theScribe:WeirdToxin","floor":0},{"not_picked":["theScribe:Thunder","theScribe:RecklessResponse"],"picked":"theScribe:LightningBolt","floor":0},{"not_picked":["theScribe:ThrownScroll","theScribe:InvigoratingStrike"],"picked":"theScribe:Dark","floor":0},{"not_picked":["theScribe:Split","theScribe:IcicleBlast"],"picked":"theScribe:AmplifyingSpellstone","floor":0},{"not_picked":["theScribe:FocusingBlow","theScribe:ScrollOfShadows"],"picked":"theScribe:MirrorImage","floor":0},{"not_picked":["theScribe:LightningBlade","theScribe:MagicMissiles"],"picked":"theScribe:FrostvenomToxin","floor":0},{"not_picked":["theScribe:LightningBlade","theScribe:Thunder"],"picked":"theScribe:ArcaneArcing","floor":0},{"not_picked":["theScribe:ThrownScroll","theScribe:FranticSearch"],"picked":"theScribe:PriceOfKnowledge","floor":0},{"not_picked":["theScribe:EnchantedStrike","theScribe:ScrollOfPoison"],"picked":"theScribe:QuickStudy","floor":0},{"not_picked":["theScribe:ToxicSpellstone","theScribe:EnchantedStrike"],"picked":"theScribe:LightningBolt","floor":0},{"not_picked":["theScribe:TelumSpellstone","theScribe:FocusingBlow"],"picked":"theScribe:LightningBolt","floor":0},{"not_picked":["theScribe:InvigoratingStrike","theScribe:Incendio"],"picked":"theScribe:EnchantedStrike","floor":0},{"not_picked":["theScribe:FocusingBlow","theScribe:InvigoratingStrike"],"picked":"theScribe:EnchantedStrike","floor":0}],"player_experience":72880,"relics_obtained":[{"floor":9,"key":"RetroEgg"},{"floor":13,"key":"MawBank"},{"floor":19,"key":"Enchiridion"},{"floor":26,"key":"War Paint"},{"floor":30,"key":"sneckomod:BlankCard"},{"floor":41,"key":"Tiny Chest"},{"floor":43,"key":"Juzu Bracelet"}],"event_choices":[{"damage_healed":0,"gold_gain":0,"player_choice":"Success","damage_taken":12,"relics_obtained":["Potion Belt"],"max_hp_gain":0,"max_hp_loss":0,"event_name":"Scrap Ooze","floor":3,"gold_loss":0},{"damage_healed":0,"gold_gain":0,"player_choice":"Ignored","damage_taken":0,"max_hp_gain":0,"max_hp_loss":0,"event_name":"NoteForYourself","floor":5,"gold_loss":0},{"damage_healed":0,"gold_gain":0,"player_choice":"Obtained Book","damage_taken":16,"max_hp_gain":0,"max_hp_loss":0,"event_name":"Cursed Tome","floor":19,"gold_loss":0},{"damage_healed":0,"gold_gain":99,"player_choice":"Stole From Cult","damage_taken":0,"max_hp_gain":0,"max_hp_loss":0,"event_name":"Nest","floor":20,"gold_loss":0},{"damage_healed":0,"gold_gain":0,"player_choice":"Bought 3 Potions","damage_taken":0,"max_hp_gain":0,"max_hp_loss":0,"event_name":"The Woman in Blue","floor":21,"gold_loss":0},{"damage_healed":0,"gold_gain":0,"player_choice":"Upgraded","damage_taken":0,"max_hp_gain":0,"max_hp_loss":0,"event_name":"Upgrade Shrine","floor":37,"gold_loss":0,"cards_upgraded":["theScribe:RecurringRime"]},{"damage_healed":0,"gold_gain":0,"player_choice":"Obtain Plague Curse","damage_taken":0,"max_hp_gain":0,"max_hp_loss":0,"event_name":"Plague Doctor","floor":47,"gold_loss":0,"cards_obtained":["theForsaken:PlagueCurse"]}],"is_beta":false,"boss_relics":[{"not_picked":["Cursed Key","aspiration:BardSkillbook"],"picked":"hubris:TerracottaHorce"},{"not_picked":["energizedSpire:DeadBattery","conspire:SpecialSausage"],"picked":"energizedSpire:SpiderWeb"}],"items_purged_floors":[2,28],"is_endless":true,"potions_floor_spawned":[4,7,14,18,31,33,36,41,48],"killed_by":"hubris:GrandSnecko","ascension_level":0}}