{"host":"4edbuligkc8x13l4","time":1607779898,"event":{"mods":["BaseMod","Minty Spire (QoL Compilation)","StSLib","SuperFastMode"],"gold_per_floor":[211,221,221,70,83,118,68,96,96,76,96,96,116,145,145,223,223,235,195,213,213,138,138,138,138,138,138,138,138,138],"floor_reached":29,"playtime":748,"items_purged":["Strike_R"],"score":427,"play_id":"9b86590b-bb54-4b4c-85a9-a4023f19bba7","local_time":"20201212213138","is_ascension_mode":true,"campfire_choices":[{"floor":12.0,"key":"REST"},{"data":"Berserk","floor":15,"key":"SMITH"},{"floor":24,"key":"REST"},{"data":"Blood for Blood","floor":28,"key":"SMITH"}],"circlet_count":0,"master_deck":["AscendersBane","Strike_R","Strike_R","Strike_R","Defend_R","Defend_R","Defend_R","Defend_R","Bash","Sword Boomerang","Armaments+1","Blood for Blood+1","Shrug It Off","Spot Weakness","Flex","Berserk+1","Metallicize","Sword Boomerang","Fiend Fire","Corruption","Heavy Blade","Bloodletting"],"relics":["Burning Blood","Mummified Hand","Odd Mushroom","Bronze Scales","Vajra","Sozu","Question Card"],"acts_visited":["Exordium","TheCity"],"potions_floor_usage":[14,14,27],"damage_taken":[{"damage":1.0,"enemies":"Cultist","floor":1.0,"turns":3.0},{"damage":8.0,"enemies":"Small Slimes","floor":2.0,"turns":3.0},{"damage":7.0,"enemies":"2 Louse","floor":5.0,"turns":3.0},{"damage":43.0,"enemies":"3 Sentries","floor":6.0,"turns":10.0},{"damage":15.0,"enemies":"The Mushroom Lair","floor":8.0,"turns":4.0},{"damage":5.0,"enemies":"Lots of Slimes","floor":11.0,"turns":3.0},{"damage":10.0,"enemies":"3 Louse","floor":13.0,"turns":4.0},{"damage":20,"enemies":"Gremlin Nob","floor":14,"turns":3},{"damage":18,"enemies":"Hexaghost","floor":16,"turns":9},{"damage":25,"enemies":"Shell Parasite","floor":18,"turns":6},{"damage":1,"enemies":"Chosen","floor":20,"turns":3},{"damage":0,"enemies":"Shelled Parasite and Fungi","floor":27,"turns":1},{"damage":56,"enemies":"Gremlin Leader","floor":29,"turns":5}],"seed_played":"7832079696206814328","potions_obtained":[{"floor":5.0,"key":"Dexterity Potion"},{"floor":10.0,"key":"HeartOfIron"},{"floor":11.0,"key":"LiquidBronze"},{"floor":13.0,"key":"DistilledChaos"},{"floor":14,"key":"SmokeBomb"}],"is_trial":false,"path_per_floor":["M","M","?","$","M","E","$","?","T","?","M","R","M","E","R","B",null,"M","$","M","?","?","$","R","$","T","M","R","E"],"character_chosen":"IRONCLAD","items_purchased":["Blood for Blood","Flex","Bloodletting"],"campfire_rested":2,"item_purchase_floors":[4,7,19],"current_hp_per_floor":[73,71,71,71,70,33,33,24,24,24,25,47,43,29,29,17,61,42,42,47,26,26,26,50,50,50,56,56,0,0],"gold":138,"neow_bonus":"HUNDRED_GOLD","is_daily":false,"chose_seed":false,"campfire_upgraded":2,"win_rate":0.0,"timestamp":1607779898,"path_taken":["M","M","?","?","?","E","$","?","T","?","M","R","?","E","R","BOSS","M","$","M","?","?","$","R","?","T","M","R","E"],"items_purchased_type":["Card","Card","Card"],"build_version":"2020-11-30","purchased_purges":1,"victory":false,"max_hp_per_floor":[75,75,75,75,75,75,75,75,75,75,75,75,75,75,75,75,75,75,75,75,80,80,80,80,80,80,80,80,80,80],"card_choices":[{"not_picked":["Iron Wave","Anger"],"picked":"Sword Boomerang","floor":1.0},{"not_picked":["Thunderclap","Heavy Blade"],"picked":"Armaments","floor":2.0},{"not_picked":["Iron Wave","Flame Barrier"],"picked":"Shrug It Off","floor":5.0},{"not_picked":["Wild Strike","Armaments"],"picked":"Spot Weakness","floor":6.0},{"not_picked":["Blood for Blood","Entrench"],"picked":"Berserk","floor":8.0},{"not_picked":["Combust","Headbutt"],"picked":"Metallicize","floor":11.0},{"not_picked":["Havoc","Body Slam"],"picked":"Sword Boomerang","floor":13.0},{"not_picked":["Burning Pact","Rampage"],"picked":"Fiend Fire","floor":14},{"not_picked":["Fiend Fire","Immolate"],"picked":"Corruption","floor":16},{"not_picked":["Entrench","Carnage"],"picked":"Heavy Blade","floor":18},{"not_picked":["Ghostly Armor","Intimidate","Perfected Strike+1"],"picked":"SKIP","floor":20}],"player_experience":898190,"relics_obtained":[{"floor":6.0,"key":"Mummified Hand"},{"floor":8.0,"key":"Odd Mushroom"},{"floor":9.0,"key":"Bronze Scales"},{"floor":14,"key":"Vajra"},{"floor":26,"key":"Question Card"}],"event_choices":[{"damage_healed":0.0,"max_hp_gain":0.0,"max_hp_loss":0.0,"gold_gain":0.0,"event_name":"Accursed Blacksmith","player_choice":"Forge","floor":3.0,"gold_loss":0.0,"damage_taken":0.0,"cards_upgraded":["Armaments"]},{"damage_healed":0.0,"max_hp_gain":0.0,"max_hp_loss":0.0,"gold_gain":0.0,"event_name":"Mushrooms","player_choice":"Fought Mushrooms","floor":8.0,"gold_loss":0.0,"damage_taken":0.0},{"damage_healed":0.0,"max_hp_gain":0.0,"max_hp_loss":0.0,"gold_gain":0.0,"event_name":"The Woman in Blue","player_choice":"Bought 1 Potion","floor":10.0,"gold_loss":0.0,"damage_taken":0.0},{"damage_healed":0,"gold_gain":0,"player_choice":"Shed Blood","damage_taken":26,"max_hp_gain":5,"max_hp_loss":0,"event_name":"Forgotten Altar","floor":21,"gold_loss":0},{"cards_removed":["Strike_R"],"damage_healed":0,"gold_gain":0,"player_choice":"Gave Gold","damage_taken":0,"max_hp_gain":0,"max_hp_loss":0,"event_name":"Beggar","floor":22,"gold_loss":75}],"is_beta":false,"boss_relics":[{"not_picked":["SlaversCollar","Snecko Eye"],"picked":"Sozu"}],"items_purged_floors":[4],"is_endless":false,"potions_floor_spawned":[5,11,13,14,18],"killed_by":"Gremlin Leader","ascension_level":17}}