{"host":"o7j6aatxjwpw1421","time":1607759144,"event":{"mods":["2.2 Compatiblity","BaseMod","Colored Map","DeckTracker","Highlight Path","Keyboard Shortcuts","Minty Spire (QoL Compilation)","Permanent Neow","Quick Restart","StSLib","SuperFastMode","everything is the same but u backflip on backflip"],"gold_per_floor":[118,43,43,143,161,161,189,200,223,50,50,84,84,102,102,179,179,193,193,193,205,221,221,270,14,14,41,53,80,20,30,30,107,107,117,117,22,32,32,32,48,63,137,153,173,188,188,43,43,43,43],"floor_reached":50,"playtime":3029,"items_purged":[],"score":812,"play_id":"20023f39-94d5-47f3-890b-700927813c0d","local_time":"20201212164544","is_ascension_mode":true,"campfire_choices":[{"data":"Dagger Spray","floor":6.0,"key":"SMITH"},{"data":"Sadistic Nature","floor":11.0,"key":"SMITH"},{"data":"Strike_G","floor":13.0,"key":"PURGE"},{"data":"Defend_G","floor":15.0,"key":"PURGE"},{"data":"Strike_G","floor":23.0,"key":"PURGE"},{"data":"Strike_G","floor":28.0,"key":"PURGE"},{"floor":32.0,"key":"REST"},{"data":"Mind Blast","floor":40.0,"key":"SMITH"},{"data":"Envenom","floor":47.0,"key":"SMITH"},{"data":"Defend_G","floor":49.0,"key":"PURGE"}],"circlet_count":0,"master_deck":["AscendersBane","Strike_G","Strike_G","Defend_G","Defend_G+1","Defend_G","Survivor","Neutralize","Sadistic Nature+1","Noxious Fumes","Dagger Spray+1","Quick Slash","PiercingWail","Poisoned Stab","Die Die Die","Escape Plan+1","Adrenaline","Flying Knee+1","Sadistic Nature+1","Deadly Poison","Adrenaline","Reflex","Prepared","Footwork","Backflip","Deflect+1","Mind Blast+1","Dramatic Entrance","Well Laid Plans","Envenom"],"relics":["Ring of the Snake","PreservedInsect","Vajra","Bag of Preparation","Peace Pipe","Philosopher\u0027s Stone","MutagenicStrength","War Paint","InkBottle","Boot","MawBank","Sozu","Ninja Scroll","TwistedFunnel"],"acts_visited":["Exordium","TheCity","TheBeyond"],"potions_floor_usage":[],"damage_taken":[{"damage":2.0,"enemies":"2 Louse","floor":1.0,"turns":4.0},{"damage":0.0,"enemies":"Cultist","floor":5.0,"turns":4.0},{"damage":12.0,"enemies":"3 Sentries","floor":7.0,"turns":5.0},{"damage":1.0,"enemies":"Jaw Worm","floor":8.0,"turns":4.0},{"damage":10.0,"enemies":"Gremlin Nob","floor":12.0,"turns":3.0},{"damage":0.0,"enemies":"Looter","floor":14.0,"turns":3.0},{"damage":2.0,"enemies":"Slime Boss","floor":16.0,"turns":7.0},{"damage":0.0,"enemies":"Shell Parasite","floor":18.0,"turns":3.0},{"damage":4.0,"enemies":"Spheric Guardian","floor":21.0,"turns":3.0},{"damage":0.0,"enemies":"Centurion and Healer","floor":22.0,"turns":5.0},{"damage":10.0,"enemies":"Slavers","floor":24.0,"turns":3.0},{"damage":5.0,"enemies":"Gremlin Leader","floor":27.0,"turns":3.0},{"damage":19.0,"enemies":"Snecko","floor":29.0,"turns":3.0},{"damage":0.0,"enemies":"Snake Plant","floor":31.0,"turns":2.0},{"damage":46.0,"enemies":"Champ","floor":33.0,"turns":7.0},{"damage":0.0,"enemies":"3 Darklings","floor":35.0,"turns":3.0},{"damage":4.0,"enemies":"Orb Walker","floor":38.0,"turns":3.0},{"damage":0.0,"enemies":"Jaw Worm Horde","floor":41.0,"turns":1.0},{"damage":0.0,"enemies":"Maw","floor":42.0,"turns":5.0},{"damage":0.0,"enemies":"Transient","floor":44.0,"turns":5.0},{"damage":3.0,"enemies":"Sphere and 2 Shapes","floor":45.0,"turns":3.0},{"damage":9.0,"enemies":"3 Darklings","floor":46.0,"turns":4.0},{"damage":43,"enemies":"Awakened One","floor":50,"turns":4}],"seed_played":"-5895273373952780111","potions_obtained":[{"floor":1.0,"key":"PowerPotion"},{"floor":8.0,"key":"SteroidPotion"},{"floor":14.0,"key":"SmokeBomb"},{"floor":18.0,"key":"ColorlessPotion"},{"floor":24.0,"key":"EntropicBrew"},{"floor":33.0,"key":"SteroidPotion"}],"is_trial":false,"path_per_floor":["M","$","?","?","M","R","E","M","T","$","R","E","R","M","R","B",null,"M","?","?","M","M","R","E","$","T","E","R","M","$","M","R","B",null,"M","?","$","M","?","R","M","M","T","M","M","M","R","$","R","B"],"character_chosen":"THE_SILENT","items_purchased":["Noxious Fumes","Poisoned Stab","Bag of Preparation","InkBottle","Footwork","Dramatic Entrance","TwistedFunnel"],"campfire_rested":1,"item_purchase_floors":[2,10,10,25,30,37,48],"current_hp_per_floor":[61,61,61,61,61,61,49,48,48,48,48,38,38,38,38,36,56,56,56,56,52,52,52,42,42,42,37,37,18,18,18,36,18,52,52,42,42,38,38,38,38,38,38,38,35,26,26,26,26,1,1],"gold":43,"neow_bonus":"RANDOM_COLORLESS_2","is_daily":false,"chose_seed":false,"campfire_upgraded":4,"win_rate":0.0,"timestamp":1607759144,"path_taken":["M","$","?","?","?","R","E","M","T","$","R","E","R","M","R","BOSS","M","?","?","M","M","R","E","$","T","E","R","?","$","M","R","BOSS","M","?","$","M","?","R","M","M","T","M","M","M","R","$","R","BOSS"],"items_purchased_type":["Card","Card","Relic","Relic","Card","Card","Relic"],"build_version":"2020-11-30","purchased_purges":0,"victory":false,"max_hp_per_floor":[63,63,63,63,63,63,63,63,63,63,63,63,63,63,63,63,63,63,63,63,63,63,63,63,63,63,63,63,63,63,63,63,63,63,63,63,63,63,60,60,60,60,60,60,60,60,60,60,60,60,60],"card_choices":[{"not_picked":["Thinking Ahead","Magnetism"],"picked":"Sadistic Nature","floor":0.0},{"not_picked":["Dodge and Roll","Terror"],"picked":"Dagger Spray","floor":5.0},{"not_picked":["Endless Agony","Bullet Time"],"picked":"Quick Slash","floor":7.0},{"not_picked":["Acrobatics","Infinite Blades"],"picked":"PiercingWail","floor":8.0},{"not_picked":["Sucker Punch","Bouncing Flask"],"picked":"Die Die Die","floor":12.0},{"not_picked":["Underhanded Strike","Cloak And Dagger"],"picked":"Escape Plan","floor":14.0},{"not_picked":["Glass Knife","Malaise"],"picked":"Adrenaline","floor":16.0},{"not_picked":["Slice","Dagger Throw"],"picked":"Flying Knee+1","floor":18.0},{"not_picked":["PiercingWail","Choke"],"picked":"Deadly Poison","floor":21.0},{"not_picked":["Dodge and Roll","Sucker Punch","Deadly Poison"],"picked":"SKIP","floor":22.0},{"not_picked":["Finisher","Cloak And Dagger"],"picked":"Adrenaline","floor":24.0},{"not_picked":["Dagger Throw","Slice"],"picked":"Reflex","floor":27.0},{"not_picked":["Poisoned Stab","Well Laid Plans"],"picked":"Prepared","floor":29.0},{"not_picked":["Acrobatics","Escape Plan"],"picked":"Backflip","floor":31.0},{"not_picked":["PiercingWail","Quick Slash"],"picked":"Deflect+1","floor":35.0},{"not_picked":["Impatience","Deep Breath"],"picked":"Mind Blast","floor":36.0},{"not_picked":["Prepared","Bane"],"picked":"Well Laid Plans","floor":38.0},{"not_picked":["Cloak And Dagger","Catalyst","Quick Slash"],"picked":"SKIP","floor":41.0},{"not_picked":["Outmaneuver","Cloak And Dagger","Dagger Spray"],"picked":"SKIP","floor":42.0},{"not_picked":["Caltrops","Underhanded Strike","PiercingWail"],"picked":"SKIP","floor":44.0},{"not_picked":["Leg Sweep","Masterful Stab+1","Bane"],"picked":"SKIP","floor":45.0},{"not_picked":["Underhanded Strike","Backstab"],"picked":"Envenom","floor":46.0}],"player_experience":208763,"relics_obtained":[{"floor":7.0,"key":"PreservedInsect"},{"floor":9.0,"key":"Vajra"},{"floor":12.0,"key":"Peace Pipe"},{"floor":24.0,"key":"War Paint"},{"floor":26.0,"key":"Boot"},{"floor":27.0,"key":"MawBank"},{"floor":43.0,"key":"Ninja Scroll"}],"event_choices":[{"damage_healed":0.0,"max_hp_gain":0.0,"max_hp_loss":0.0,"gold_gain":0.0,"event_name":"Liars Game","player_choice":"Ignored","floor":3.0,"gold_loss":0.0,"damage_taken":0.0},{"damage_healed":0.0,"max_hp_gain":0.0,"max_hp_loss":0.0,"gold_gain":100.0,"event_name":"Golden Shrine","player_choice":"Pray","floor":4.0,"gold_loss":0.0,"damage_taken":0.0},{"damage_healed":0.0,"max_hp_gain":0.0,"max_hp_loss":0.0,"gold_gain":0.0,"event_name":"Drug Dealer","player_choice":"Inject Mutagens","floor":19.0,"gold_loss":0.0,"damage_taken":0.0,"relics_obtained":["MutagenicStrength"]},{"damage_healed":0.0,"max_hp_gain":0.0,"max_hp_loss":0.0,"gold_gain":0.0,"event_name":"Duplicator","player_choice":"Copied","floor":20.0,"gold_loss":0.0,"damage_taken":0.0,"cards_obtained":["Sadistic Nature"]},{"damage_healed":0.0,"max_hp_gain":0.0,"max_hp_loss":0.0,"gold_gain":0.0,"event_name":"SensoryStone","player_choice":"Memory 3","floor":36.0,"gold_loss":0.0,"damage_taken":10.0},{"damage_healed":0.0,"max_hp_gain":0.0,"max_hp_loss":3.0,"gold_gain":0.0,"event_name":"Winding Halls","player_choice":"Max HP","floor":39.0,"gold_loss":0.0,"damage_taken":0.0}],"is_beta":false,"boss_relics":[{"not_picked":["Velvet Choker","Calling Bell"],"picked":"Philosopher\u0027s Stone"},{"not_picked":["Ring of the Serpent","Empty Cage"],"picked":"Sozu"}],"items_purged_floors":[],"is_endless":false,"potions_floor_spawned":[1,8,14,18,24,33,35],"killed_by":"Awakened One","ascension_level":13}}