{"host":"re9xirrjoezsqg3h","time":1607790838,"event":{"mods":["AchievementEnabler","BaseMod","Dota2Spire","Downfall","GifTheSpireLib","Hermit","Luminous","Minty Spire (QoL Compilation)","Replay The Spire","Robot Space Explorer","StSLib","The Administrix","The Bug Knight","The Cursed","[IsaacMod]ÒÔÈö¼âËþ"],"gold_per_floor":[111,186,136,148,148,148,22,22,22,33,52,52,64,82,82,82,82],"floor_reached":16,"playtime":450,"items_purged":[],"score":92,"play_id":"3c5fb11a-ffca-44dd-bd41-8fa7fb130716","local_time":"20201213003358","is_ascension_mode":false,"campfire_choices":[{"data":"TheCursedMod:CircleOfFlame","floor":6,"key":"SMITH"},{"data":"Metamorphosis","floor":8,"key":"SMITH"},{"data":"TheCursedMod:CursedWand","floor":15,"key":"SMITH"}],"circlet_count":0,"master_deck":["TheCursedMod:Strike_TheCursed","TheCursedMod:Strike_TheCursed","TheCursedMod:Strike_TheCursed","TheCursedMod:Defend_TheCursed","TheCursedMod:Defend_TheCursed","TheCursedMod:Defend_TheCursed","TheCursedMod:CursedWand+1","TheCursedMod:CleanUpWorkshop","TheCursedMod:Dregs","TheCursedMod:CircleOfFlame+1","TheCursedMod:Stigma","Metamorphosis+1","expansioncontent:PrepareCrush","TheCursedMod:CursedSpellbook"],"relics":["TheCursedMod:BlackMagic101","HushsDoor","DoctorsRemote","NeowsBlessing","ReplayTheSpireMod:ShopPack","Singing Bowl"],"acts_visited":["Exordium"],"potions_floor_usage":[],"damage_taken":[{"damage":0,"enemies":"Jaw Worm","floor":1,"turns":1},{"damage":0,"enemies":"2 Louse","floor":4,"turns":1},{"damage":0,"enemies":"Small Slimes","floor":10,"turns":1},{"damage":1,"enemies":"2 Fungi Beasts","floor":11,"turns":3},{"damage":2,"enemies":"Blue Slaver","floor":13,"turns":3},{"damage":0,"enemies":"Looter","floor":14,"turns":2},{"damage":166,"enemies":"Fading Forest","floor":16,"turns":6}],"seed_played":"-5851045286239247642","potions_obtained":[{"floor":1,"key":"EssenceOfSteel"},{"floor":10,"key":"Fire Potion"},{"floor":13,"key":"AttackPotion"}],"is_trial":false,"path_per_floor":["M","?","?","M","?","R","$","R","T","M","M","$","M","M","R","B"],"character_chosen":"THE_CURSED","items_purchased":["ReplayTheSpireMod:ShopPack"],"campfire_rested":0,"item_purchase_floors":[7],"current_hp_per_floor":[75,64,64,64,57,57,57,57,57,59,60,60,60,60,60,0,0],"gold":82,"neow_bonus":"THREE_ENEMY_KILL","is_daily":false,"chose_seed":false,"campfire_upgraded":3,"win_rate":0.0,"timestamp":1607790838,"path_taken":["M","?","?","M","?","R","$","R","T","M","M","?","?","M","R","BOSS"],"items_purchased_type":["Relic"],"build_version":"2020-11-30","purchased_purges":0,"victory":false,"max_hp_per_floor":[75,75,75,75,75,75,75,75,75,77,79,79,81,81,81,81,81],"card_choices":[{"not_picked":["TheCursedMod:Stretching","TheCursedMod:CursedSpellbook"],"picked":"TheCursedMod:CircleOfFlame","floor":1},{"not_picked":["TheCursedMod:SpreadPlague","TheCursedMod:RapidMovement"],"picked":"TheCursedMod:Stigma","floor":4},{"not_picked":["ReplayTheSpireMod:Brewmster","The Bomb"],"picked":"Metamorphosis","floor":7},{"not_picked":["Panache","expansioncontent:GoopSpray"],"picked":"expansioncontent:PrepareCrush","floor":7},{"not_picked":["TheCursedMod:Stretching","TheCursedMod:RavingStaff","TheCursedMod:Mangle"],"picked":"Singing Bowl","floor":10},{"not_picked":["TheCursedMod:SaltUponWound","TheCursedMod:RapidMovement","TheCursedMod:CircleOfCorruption"],"picked":"Singing Bowl","floor":11},{"not_picked":["TheCursedMod:CircleOfBlood","TheCursedMod:Hemoplague","TheCursedMod:SmokeScreen"],"picked":"Singing Bowl","floor":13},{"not_picked":["TheCursedMod:ForbiddenAlchemy","TheCursedMod:Evocation"],"picked":"TheCursedMod:CursedSpellbook","floor":14}],"player_experience":266980,"relics_obtained":[{"floor":9,"key":"Singing Bowl"}],"event_choices":[{"damage_healed":0,"gold_gain":75,"player_choice":"Gather Gold","damage_taken":11,"max_hp_gain":0,"max_hp_loss":0,"event_name":"World of Goop","floor":2,"gold_loss":0},{"cards_removed":["TheCursedMod:Defend_TheCursed"],"damage_healed":0,"gold_gain":0,"player_choice":"Card Removal","damage_taken":0,"max_hp_gain":0,"max_hp_loss":0,"event_name":"The Cleric","floor":3,"gold_loss":50},{"cards_removed":["TheCursedMod:Strike_TheCursed"],"damage_healed":0,"gold_gain":0,"player_choice":"Card Removal","damage_taken":7,"max_hp_gain":0,"max_hp_loss":0,"event_name":"Golden Wing","floor":5,"gold_loss":0}],"is_beta":false,"boss_relics":[],"items_purged_floors":[],"is_endless":false,"potions_floor_spawned":[1,10,13],"killed_by":"Fading Forest","ascension_level":0}}