{"host":"og6lam4kt3nibbw0","time":1607733800,"event":{"mods":["AchievementEnabler","BaseMod","Colored Map","DeckTracker","Highlight Path","Keyboard Shortcuts","Minty Spire (QoL Compilation)","Permanent Neow","Quick Restart","StSLib","SuperFastMode"],"gold_per_floor":[116,136,148,73,98,124,124,157,183,217,228,228,37,48,48,48,48],"floor_reached":16,"playtime":461,"items_purged":["Strike_G"],"score":240,"play_id":"d3e7347f-db24-4ac7-b547-7a38b3ec60d3","local_time":"20201212094320","is_ascension_mode":true,"campfire_choices":[{"data":"Metamorphosis","floor":7.0,"key":"SMITH"},{"data":"Escape Plan","floor":12.0,"key":"SMITH"},{"floor":15,"key":"REST"}],"circlet_count":0,"master_deck":["AscendersBane","Strike_G+1","Strike_G+1","Strike_G","Strike_G","Defend_G","Defend_G","Defend_G","Defend_G","Defend_G","Survivor","Neutralize","Metamorphosis+1","Backstab","Quick Slash","Finisher","Blur","Escape Plan+1","Backflip"],"relics":["Ring of the Snake","Bag of Preparation","Whetstone","Pocketwatch","Strawberry","Membership Card"],"acts_visited":["Exordium"],"potions_floor_usage":[14,16],"damage_taken":[{"damage":0.0,"enemies":"Cultist","floor":1.0,"turns":3.0},{"damage":4.0,"enemies":"Jaw Worm","floor":2.0,"turns":3.0},{"damage":0.0,"enemies":"2 Louse","floor":3.0,"turns":3.0},{"damage":8.0,"enemies":"Gremlin Nob","floor":6.0,"turns":3.0},{"damage":20.0,"enemies":"Lagavulin","floor":8.0,"turns":7.0},{"damage":3.0,"enemies":"Gremlin Nob","floor":10.0,"turns":3.0},{"damage":7.0,"enemies":"2 Fungi Beasts","floor":11.0,"turns":3.0},{"damage":0,"enemies":"Gremlin Gang","floor":14,"turns":3},{"damage":45,"enemies":"Hexaghost","floor":16,"turns":9}],"seed_played":"-5928034204454626133","potions_obtained":[{"floor":2.0,"key":"Explosive Potion"},{"floor":3.0,"key":"Strength Potion"},{"floor":11.0,"key":"Weak Potion"}],"is_trial":false,"path_per_floor":["M","M","M","$","T","E","R","E","T","E","M","R","$","M","R","B"],"character_chosen":"THE_SILENT","items_purchased":["Membership Card","Backflip"],"campfire_rested":1,"item_purchase_floors":[13,13],"current_hp_per_floor":[59,55,55,55,55,47,47,27,27,31,24,24,24,24,44,0,0],"gold":48,"neow_bonus":"RANDOM_COLORLESS_2","is_daily":false,"chose_seed":false,"campfire_upgraded":2,"win_rate":0.0,"timestamp":1607733800,"path_taken":["M","M","M","?","?","E","R","E","T","E","?","R","$","?","R","BOSS"],"items_purchased_type":["Relic","Card"],"build_version":"2020-11-30","purchased_purges":1,"victory":false,"max_hp_per_floor":[60,60,60,60,60,60,60,60,60,67,67,67,67,67,67,67,67],"card_choices":[{"not_picked":["Sadistic Nature","Secret Weapon"],"picked":"Metamorphosis","floor":0.0},{"not_picked":["Blade Dance","Poisoned Stab"],"picked":"Backstab","floor":1.0},{"not_picked":["Calculated Gamble","Crippling Poison"],"picked":"Quick Slash","floor":2.0},{"not_picked":["Dash","Riddle With Holes"],"picked":"Finisher","floor":3.0},{"not_picked":["Flechettes","Deadly Poison"],"picked":"Blur","floor":6.0},{"not_picked":["Riddle With Holes","Heel Hook","Bane"],"picked":"SKIP","floor":8.0},{"not_picked":["Outmaneuver","Malaise","Underhanded Strike"],"picked":"SKIP","floor":10.0},{"not_picked":["Deflect","Expertise"],"picked":"Escape Plan","floor":11.0},{"not_picked":["Leg Sweep","Deflect","Well Laid Plans"],"picked":"SKIP","floor":14}],"player_experience":724441,"relics_obtained":[{"floor":5.0,"key":"Bag of Preparation"},{"floor":6.0,"key":"Whetstone"},{"floor":8.0,"key":"Pocketwatch"},{"floor":10.0,"key":"Strawberry"}],"event_choices":[],"is_beta":false,"boss_relics":[],"items_purged_floors":[4],"is_endless":false,"potions_floor_spawned":[2,3,11],"killed_by":"Hexaghost","ascension_level":20}}