{"host":"is2s59edl8twrhoj","time":1607784497,"event":{"mods":["BaseMod","Colored Map","Colored Powertips","DeckTracker","Minty Spire (QoL Compilation)","StSLib"],"gold_per_floor":[118,136,136,211,221,252,252,37,83,44,44,60,60,60,60,149,149,165,188,188,188,212,212,247,247,271,300,334,334,334],"floor_reached":29,"playtime":1188,"items_purged":[],"score":413,"play_id":"31bf503e-d005-403f-a890-401d433ccfa8","local_time":"20201212144817","is_ascension_mode":true,"campfire_choices":[{"data":"Trip","floor":7,"key":"SMITH"},{"data":"Neutralize","floor":11,"key":"SMITH"},{"floor":15,"key":"REST"},{"data":"Footwork","floor":23,"key":"SMITH"},{"data":"Choke","floor":25,"key":"SMITH"}],"circlet_count":0,"master_deck":["AscendersBane","Strike_G+1","Strike_G+1","Strike_G+1","Strike_G+1","Strike_G+1","Defend_G+1","Defend_G+1","Defend_G+1","Defend_G+1","Defend_G+1","Survivor","Neutralize+1","Trip+1","Backflip","Choke+1","Unload","Footwork+1","Quick Slash","Bullet Time","Quick Slash","Endless Agony","Footwork","Adrenaline","Escape Plan","Dash"],"relics":["Ring of the Snake","Omamori","Ancient Tea Set","Whetstone","Boot","Golden Idol","Sozu","Darkstone Periapt","CeramicFish"],"acts_visited":["Exordium","TheCity"],"potions_floor_usage":[6,16],"damage_taken":[{"damage":0.0,"enemies":"Cultist","floor":1.0,"turns":3.0},{"damage":4.0,"enemies":"2 Louse","floor":2.0,"turns":4.0},{"damage":0.0,"enemies":"Small Slimes","floor":5.0,"turns":3.0},{"damage":17,"enemies":"3 Sentries","floor":6,"turns":12},{"damage":0,"enemies":"Blue Slaver","floor":12,"turns":1},{"damage":20,"enemies":"Hexaghost","floor":16,"turns":11},{"damage":16,"enemies":"Spheric Guardian","floor":18,"turns":5},{"damage":1,"enemies":"2 Thieves","floor":19,"turns":4},{"damage":1,"enemies":"Cultist and Chosen","floor":22,"turns":6},{"damage":1,"enemies":"Book of Stabbing","floor":24,"turns":5},{"damage":16,"enemies":"Sentry and Sphere","floor":27,"turns":6},{"damage":0,"enemies":"Snake Plant","floor":28,"turns":4},{"damage":22,"enemies":"Gremlin Leader","floor":29,"turns":4}],"seed_played":"-2457320561211752906","potions_obtained":[{"floor":1.0,"key":"Fruit Juice"},{"floor":5.0,"key":"Explosive Potion"},{"floor":6,"key":"Swift Potion"},{"floor":12,"key":"Energy Potion"}],"is_trial":false,"path_per_floor":["M","M","T","?","M","E","R","$","T","$","R","M","$","?","R","B",null,"M","M","?","?","M","R","E","R","T","M","M","E"],"character_chosen":"THE_SILENT","items_purchased":["Unload","Whetstone","Footwork"],"campfire_rested":1,"item_purchase_floors":[8,8,10],"current_hp_per_floor":[64,60,60,49,49,32,32,32,32,32,32,32,32,15,36,16,57,41,40,40,40,39,39,38,38,38,22,22,0,0],"gold":334,"neow_bonus":"RANDOM_COLORLESS","is_daily":false,"chose_seed":false,"campfire_upgraded":4,"win_rate":0.0,"timestamp":1607784497,"path_taken":["M","M","?","?","M","E","R","$","T","$","R","M","$","?","R","BOSS","M","M","?","?","?","R","E","R","T","M","M","E"],"items_purchased_type":["Card","Relic","Card"],"build_version":"2020-11-30","purchased_purges":0,"victory":false,"max_hp_per_floor":[71,71,71,71,71,71,71,71,71,71,71,71,71,71,71,71,71,71,71,71,71,71,71,71,71,71,71,71,71,71],"card_choices":[{"not_picked":["Purity","Blind"],"picked":"Trip","floor":0.0},{"not_picked":["Sucker Punch","Acrobatics","Finisher"],"picked":"SKIP","floor":1.0},{"not_picked":["Finisher","Distraction"],"picked":"Backflip","floor":2.0},{"not_picked":["Slice","Concentrate","Deflect"],"picked":"SKIP","floor":5.0},{"not_picked":["Distraction","Slice"],"picked":"Choke","floor":6},{"not_picked":["Acrobatics","Footwork"],"picked":"Quick Slash","floor":12},{"not_picked":["Doppelganger","Envenom"],"picked":"Bullet Time","floor":16},{"not_picked":["Distraction","Flying Knee","Sucker Punch"],"picked":"SKIP","floor":18},{"not_picked":["Cloak And Dagger","Sucker Punch"],"picked":"Quick Slash","floor":19},{"not_picked":["Poisoned Stab","Slice"],"picked":"Footwork","floor":22},{"not_picked":["Backflip","Quick Slash"],"picked":"Adrenaline","floor":24},{"not_picked":["Deadly Poison","Blade Dance"],"picked":"Escape Plan","floor":27},{"not_picked":["Skewer","Outmaneuver"],"picked":"Dash","floor":28}],"player_experience":602116,"relics_obtained":[{"floor":3.0,"key":"Omamori"},{"floor":6,"key":"Ancient Tea Set"},{"floor":9,"key":"Boot"},{"floor":24,"key":"Darkstone Periapt"},{"floor":26,"key":"CeramicFish"}],"event_choices":[{"damage_healed":0.0,"max_hp_gain":0.0,"max_hp_loss":0.0,"gold_gain":75.0,"event_name":"World of Goop","player_choice":"Gather Gold","floor":4.0,"gold_loss":0.0,"damage_taken":11.0},{"damage_healed":0,"gold_gain":0,"player_choice":"Take Damage","damage_taken":17,"relics_obtained":["Golden Idol"],"max_hp_gain":0,"max_hp_loss":0,"event_name":"Golden Idol","floor":14,"gold_loss":0},{"damage_healed":0,"gold_gain":0,"player_choice":"Simplicity","damage_taken":0,"max_hp_gain":0,"max_hp_loss":0,"event_name":"Back to Basics","floor":20,"gold_loss":0,"cards_upgraded":["Strike_G","Strike_G","Strike_G","Defend_G","Defend_G","Defend_G","Defend_G","Defend_G"]},{"damage_healed":0,"gold_gain":0,"player_choice":"1 cards matched","damage_taken":0,"max_hp_gain":0,"max_hp_loss":0,"event_name":"Match and Keep!","floor":21,"gold_loss":0,"cards_obtained":["Endless Agony"]}],"is_beta":false,"boss_relics":[{"not_picked":["Philosopher\u0027s Stone","Tiny House"],"picked":"Sozu"}],"items_purged_floors":[],"is_endless":false,"potions_floor_spawned":[1,5,6,12,18,24,28],"killed_by":"Gremlin Leader","ascension_level":14}}