{"host":"nk1hwk2qadwaubm5","time":1607788365,"event":{"mods":["BaseMod","Hermit","Infinite Spire","Minty Spire (QoL Compilation)","Replay The Spire","StSLib","The Animator","The Cursed","The Jungle","The Servant 0.9.4"],"gold_per_floor":[113,113,60,60,79,111,111,123,123,123,177,187,187,200,200,304,304,314,330,341,355,367,392,404,426,438,483,495,507,529,555,567,675,687,717,746,777,416,435,467,467,477,501,501,512,512,523,556,556,657,657,669,678,687,687,430,450,461,470,521,521,621,621,496,508,508,591,591,603,601,603,603,613,641,652,680,680,694,695,706,521,534,534,616,616,621,592,592],"floor_reached":87,"playtime":3970,"items_purged":["Normality","Strike_R","Defend_R"],"score":1842,"play_id":"7a9ae782-9d96-4d01-84a4-be02bcb72dc1","local_time":"20201212165245","is_ascension_mode":false,"campfire_choices":[{"data":"infinitespire:OneForAll","floor":7,"key":"SMITH"},{"data":"Shrug It Off","floor":15,"key":"SMITH"},{"data":"Pommel Strike","floor":29,"key":"SMITH"},{"floor":32,"key":"REST"},{"data":"Pommel Strike","floor":41,"key":"SMITH"},{"data":"Bash","floor":44,"key":"SMITH"},{"data":"True Grit","floor":49,"key":"SMITH"},{"data":"Shrug It Off","floor":61,"key":"SMITH"},{"data":"Impervious","floor":66,"key":"SMITH"},{"data":"Seeing Red","floor":83,"key":"SMITH"}],"circlet_count":0,"master_deck":["Strike_R+1","Defend_R+1","Defend_R","Bash+1","Pommel Strike+1","ReplayTheSpireMod:LeadingStrike+1","Pommel Strike+1","infinitespire:OneForAll+1","Shrug It Off+1","Metallicize+1","Impervious+1","AbeCurse","Double Tap+1","Offering+1","True Grit+1","Corruption+1","Shrug It Off+1","Seeing Red+1","infinitespire:OneForAll+1","infinitespire:NeuralNetwork+1"],"relics":["Burning Blood","NeowsBlessing","infinitespire:Bottled Soul","Frozen Egg 2","Centennial Puzzle","Abe\u0027s Treasure","MawBank","Golden Egg","Replay:Bottled Steam","ReplayTheSpireMod:Ring of Collecting","ReplayTheSpireMod:Ring of Sloth","Replay:Rubber Ducky","Pen Nib","King of Hearts","ReplayTheSpireMod:Ring of Challenge","Boot","infinitespire:Lucky Rock","infinitespire:Burning Sword","DollysMirror","infinitespire:EmpoweringShard","Dream Catcher","Replay:Wanted Poster","Bronze Scales","Painkiller Herb","Gremlin Food","infinitespire:ShieldingShard","Ring of Hypnosis","Unceasing Top","theJungle:Creamberry","Runic Pyramid"],"acts_visited":["Exordium","Exordium","TheBeyond","Exordium","Exordium","TheBeyond"],"potions_floor_usage":[4,16,31,45,50,50,50,87,87],"damage_taken":[{"damage":0,"enemies":"Jaw Worm","floor":1,"turns":1},{"damage":0,"enemies":"2 Louse","floor":5,"turns":1},{"damage":0,"enemies":"Replay:BlueRogue","floor":6,"turns":1},{"damage":17,"enemies":"infinitespire:Voidling","floor":8,"turns":3},{"damage":9,"enemies":"Blue Slaver","floor":12,"turns":4},{"damage":4,"enemies":"2 Fungi Beasts","floor":14,"turns":3},{"damage":39,"enemies":"Hexaghost","floor":16,"turns":10},{"damage":8,"enemies":"theJungle:GiantWrat","floor":18,"turns":5},{"damage":3,"enemies":"theJungle:5_Spyders","floor":19,"turns":4},{"damage":0,"enemies":"Snake Plant","floor":20,"turns":1},{"damage":0,"enemies":"theJungle:2_Snecko_Cultists","floor":21,"turns":3},{"damage":0,"enemies":"theJungle:SlimyTreeVines","floor":22,"turns":2},{"damage":6,"enemies":"theJungle:Cassacara","floor":23,"turns":4},{"damage":0,"enemies":"theJungle:Lyon","floor":25,"turns":3},{"damage":46,"enemies":"Nightmare","floor":27,"turns":5},{"damage":12,"enemies":"theJungle:2_Snecko_Cultists","floor":30,"turns":4},{"damage":32,"enemies":"theJungle:2_Flameangoes","floor":31,"turns":7},{"damage":0,"enemies":"theJungle:QueenSpyder","floor":33,"turns":7},{"damage":0,"enemies":"Orb Walker","floor":35,"turns":1},{"damage":0,"enemies":"3 Shapes","floor":36,"turns":7},{"damage":9,"enemies":"Sphere and 2 Shapes","floor":37,"turns":4},{"damage":0,"enemies":"Writhing Mass","floor":39,"turns":4},{"damage":39,"enemies":"Nemesis","floor":40,"turns":3},{"damage":2,"enemies":"Jaw Worm Horde","floor":42,"turns":4},{"damage":11,"enemies":"Transient","floor":45,"turns":5},{"damage":6,"enemies":"Sphere and 2 Shapes","floor":47,"turns":3},{"damage":16,"enemies":"Reptomancer","floor":48,"turns":3},{"damage":34,"enemies":"Donu and Deca","floor":50,"turns":7},{"damage":0,"enemies":"Jaw Worm","floor":52,"turns":1},{"damage":0,"enemies":"Small Slimes","floor":53,"turns":2},{"damage":0,"enemies":"2 Louse","floor":54,"turns":1},{"damage":2,"enemies":"3 Sentries","floor":57,"turns":4},{"damage":6,"enemies":"2 Fungi Beasts","floor":58,"turns":1},{"damage":0,"enemies":"Large Slime","floor":59,"turns":2},{"damage":0,"enemies":"Looter","floor":65,"turns":1},{"damage":6,"enemies":"Fading Forest","floor":67,"turns":2},{"damage":6,"enemies":"theJungle:Flameango_and_Byrd","floor":69,"turns":1},{"damage":6,"enemies":"theJungle:5_Spyders","floor":70,"turns":2},{"damage":0,"enemies":"theJungle:2_Snecko_Cultists","floor":71,"turns":2},{"damage":0,"enemies":"theJungle:2_Flameangoes","floor":73,"turns":1},{"damage":0,"enemies":"Nightmare","floor":74,"turns":2},{"damage":6,"enemies":"theJungle:JungleHuntersEncounter","floor":75,"turns":1},{"damage":0,"enemies":"theJungle:Cassacara","floor":76,"turns":2},{"damage":0,"enemies":"Snake Plant","floor":78,"turns":1},{"damage":0,"enemies":"theJungle:2_Snecko_Cultists","floor":79,"turns":2},{"damage":0,"enemies":"theJungle:SlimyTreeVines","floor":80,"turns":1},{"damage":3,"enemies":"theJungle:Lyon","floor":82,"turns":1},{"damage":3,"enemies":"theJungle:QueenSpyder","floor":84,"turns":3},{"damage":0,"enemies":"Orb Walker","floor":86,"turns":2},{"damage":0,"enemies":"infinitespire:Three Voidlings","floor":87,"turns":2},{"damage":97,"enemies":"Nightmare_Alpha","floor":87,"turns":5}],"seed_played":"4761259760337388407","potions_obtained":[{"floor":1,"key":"Adrenaline Potion"},{"floor":4,"key":"LifebloodPotion"},{"floor":4,"key":"Fruit Juice"},{"floor":4,"key":"Strength Potion"},{"floor":16,"key":"SteroidPotion"},{"floor":18,"key":"BloodPotion"},{"floor":31,"key":"DuplicationPotion"},{"floor":45,"key":"Fruit Juice"},{"floor":50,"key":"Block Potion"},{"floor":58,"key":"HeartOfIron"},{"floor":65,"key":"DistilledChaos"}],"is_trial":false,"path_per_floor":["M","?","$","?","M","E","R","M","T","?","T","M","?","M","R","B",null,"M","M","M","M","M","E","?","M","T","NM","?","R","M","M","R","B",null,"M","M","M","$","M","E","R","M","T","R","M","?","M","E","R","B",null,"M","M","M","?","$","E","M","M","T","R","AVR","?","$","M","R","B",null,"?","?","?","?","?","NM","?","E","T","?","?","?","?","?","T","B",null,"?","?"],"character_chosen":"IRONCLAD","items_purchased":["Pommel Strike","Replay:Rubber Ducky","Pen Nib","DollysMirror"],"campfire_rested":1,"item_purchase_floors":[3,38,38,56],"current_hp_per_floor":[80,80,80,85,85,85,85,78,78,71,71,68,51,53,53,20,85,83,85,85,85,85,85,85,85,85,45,45,45,39,30,55,61,85,85,85,82,82,85,52,52,56,56,56,51,51,51,41,41,18,90,90,90,90,90,90,90,90,90,90,90,90,90,90,90,90,90,90,90,90,90,85,91,95,95,95,95,95,95,95,95,95,95,95,95,95,0,0],"gold":592,"neow_bonus":"THREE_ENEMY_KILL","is_daily":false,"chose_seed":false,"campfire_upgraded":9,"win_rate":0.0,"timestamp":1607788365,"path_taken":["M","?","$","?","M","E","R","?","T","?","?","M","?","M","R","BOSS","M","M","M","M","M","E","?","?","T","NM","?","R","M","M","R","BOSS","M","M","M","$","M","E","R","M","T","R","M","?","M","E","R","BOSS","M","M","?","?","?","E","?","M","T","R","AVR","?","$","M","R","BOSS","?","?","?","?","?","NM","?","E","T","?","?","?","?","?","T","BOSS","?","?"],"items_purchased_type":["Card","Relic","Relic","Relic"],"build_version":"2020-11-30","purchased_purges":3,"victory":false,"max_hp_per_floor":[80,80,80,85,85,85,85,85,85,85,85,85,85,85,85,85,85,85,85,85,85,85,85,85,85,85,85,85,85,85,85,85,85,85,85,85,85,85,85,85,85,85,85,85,85,85,85,85,85,90,90,90,90,90,90,90,90,90,90,90,90,90,90,90,90,90,90,90,90,90,90,95,95,95,95,95,95,95,95,95,95,95,95,95,95,95,95,95],"card_choices":[{"not_picked":["Shrug It Off","ReplayReversal"],"picked":"Pommel Strike","floor":1},{"not_picked":["Dark Embrace","Clothesline"],"picked":"infinitespire:OneForAll","floor":5},{"not_picked":["Life Link","Juggernaut","Entrench"],"picked":"SKIP","floor":6},{"not_picked":["Warcry","Massacre","Seeing Red"],"picked":"SKIP","floor":8},{"not_picked":["Body Slam","True Grit"],"picked":"Shrug It Off","floor":12},{"not_picked":["Run Through","Demonic Infusion"],"picked":"Metallicize+1","floor":14},{"not_picked":["Juggernaut+1","Bludgeon"],"picked":"Impervious","floor":16},{"not_picked":["Armaments","Pommel Strike","Cleave"],"picked":"SKIP","floor":18},{"not_picked":["Run Through","ReplayTheSpireMod:Corrosion Curse+1","Ghostly Armor"],"picked":"SKIP","floor":19},{"not_picked":["Infernal Blade+1","ReplayTheSpireMod:Strike From Hell","True Grit"],"picked":"SKIP","floor":20},{"not_picked":["Replay:Undeath\u0027s Touch+1","Rage","Run Through"],"picked":"SKIP","floor":21},{"not_picked":["Perfected Strike","Pommel Strike+1","Combust+1"],"picked":"SKIP","floor":22},{"not_picked":["Combust+1","Pommel Strike","Cleave"],"picked":"SKIP","floor":23},{"not_picked":["Flex","Clash","Fire Breathing+1"],"picked":"SKIP","floor":25},{"not_picked":["Pummel","Offering","Second Wind"],"picked":"SKIP","floor":27},{"not_picked":["Pummel","Offering","Second Wind"],"picked":"SKIP","floor":27},{"not_picked":["Run Through","Cleave"],"picked":"Rupture+1","floor":30},{"not_picked":["Fire Breathing+1","Uppercut","Cleave"],"picked":"SKIP","floor":31},{"not_picked":["Impervious","Replay:Many Hands"],"picked":"Double Tap","floor":33},{"not_picked":["Clothesline+1","Run Through","Iron Wave+1"],"picked":"SKIP","floor":35},{"not_picked":["Warcry","Cleave+1","Shockwave"],"picked":"SKIP","floor":36},{"not_picked":["Thunderclap","Perfected Strike","Combust+1"],"picked":"SKIP","floor":37},{"not_picked":["Flex+1","Bloodletting+1","Offering"],"picked":"SKIP","floor":39},{"not_picked":["ReplayTheSpireMod:LeadingStrike","Pummel+1","Shockwave"],"picked":"SKIP","floor":40},{"not_picked":["ReplayTheSpireMod:Strike From Hell","Flex","Ghostly Armor+1"],"picked":"SKIP","floor":42},{"not_picked":["Feel No Pain+1","Cleave+1","Shockwave"],"picked":"SKIP","floor":45},{"not_picked":["Clothesline+1","Power Through"],"picked":"True Grit","floor":47},{"not_picked":["Impervious","Armaments"],"picked":"Corruption+1","floor":48},{"not_picked":["Thunderclap","Twin Strike","Infernal Blade"],"picked":"SKIP","floor":52},{"not_picked":["Burning Pact","Headbutt"],"picked":"Shrug It Off","floor":53},{"not_picked":["Iron Wave","Thunderclap","Sword Boomerang"],"picked":"SKIP","floor":54},{"not_picked":["Sword Boomerang","Cleave","Body Slam"],"picked":"SKIP","floor":57},{"not_picked":["Sword Boomerang","Cleave","Body Slam"],"picked":"SKIP","floor":57},{"not_picked":["Power Through","Fiend Fire","Dropkick"],"picked":"SKIP","floor":58},{"not_picked":["Massacre","Warcry","Anger"],"picked":"SKIP","floor":59},{"not_picked":["ReplayTheSpireMod:Strike From Hell","Headbutt","Anger"],"picked":"SKIP","floor":65},{"not_picked":["infinitespire:TheBestDefense","infinitespire:Punishment"],"picked":"infinitespire:NeuralNetwork","floor":68},{"not_picked":["Twin Strike+1","Perfected Strike","Dual Wield+1"],"picked":"SKIP","floor":69},{"not_picked":["Combust+1","Headbutt+1","Iron Wave"],"picked":"SKIP","floor":70},{"not_picked":["Dark Embrace+1","Pommel Strike","Replay:Undeath\u0027s Touch"],"picked":"SKIP","floor":71},{"not_picked":["Hemogenesis","Perfected Strike+1","Replay:Undeath\u0027s Touch"],"picked":"SKIP","floor":73},{"not_picked":["Twin Strike","Perfected Strike","Rage"],"picked":"SKIP","floor":74},{"not_picked":["Armaments+1","Clothesline","Run Through"],"picked":"SKIP","floor":75},{"not_picked":["Clothesline","Combust+1","Clash+1"],"picked":"SKIP","floor":76},{"not_picked":["Juggernaut+1","Body Slam","Run Through"],"picked":"SKIP","floor":78},{"not_picked":["Warcry","Replay:Undeath\u0027s Touch","Body Slam+1"],"picked":"SKIP","floor":79},{"not_picked":["Replay:Undeath\u0027s Touch","Cleave","Ghostly Armor"],"picked":"SKIP","floor":80},{"not_picked":["Combust+1","infinitespire:OneForAll+1","Perfected Strike"],"picked":"SKIP","floor":82},{"not_picked":["Thunderclap","Body Slam+1","Pommel Strike"],"picked":"SKIP","floor":86}],"player_experience":132260,"relics_obtained":[{"floor":6,"key":"infinitespire:Bottled Soul"},{"floor":9,"key":"Frozen Egg 2"},{"floor":11,"key":"Centennial Puzzle"},{"floor":23,"key":"MawBank"},{"floor":26,"key":"Golden Egg"},{"floor":27,"key":"Replay:Bottled Steam"},{"floor":28,"key":"ReplayTheSpireMod:Ring of Collecting"},{"floor":28,"key":"ReplayTheSpireMod:Ring of Sloth"},{"floor":40,"key":"King of Hearts"},{"floor":43,"key":"ReplayTheSpireMod:Ring of Challenge"},{"floor":43,"key":"Boot"},{"floor":48,"key":"infinitespire:Lucky Rock"},{"floor":57,"key":"infinitespire:EmpoweringShard"},{"floor":60,"key":"Dream Catcher"},{"floor":74,"key":"Gremlin Food"},{"floor":76,"key":"infinitespire:ShieldingShard"},{"floor":77,"key":"Ring of Hypnosis"},{"floor":77,"key":"Unceasing Top"}],"event_choices":[{"damage_healed":0,"gold_gain":0,"player_choice":"Got Potions","damage_taken":0,"max_hp_gain":0,"max_hp_loss":0,"event_name":"Lab","floor":4,"gold_loss":0},{"cards_removed":["Strike_R"],"damage_healed":0,"gold_gain":0,"player_choice":"Card Removal","damage_taken":7,"max_hp_gain":0,"max_hp_loss":0,"event_name":"Golden Wing","floor":10,"gold_loss":0},{"damage_healed":0,"gold_gain":0,"player_choice":"Entered Light","damage_taken":17,"max_hp_gain":0,"max_hp_loss":0,"event_name":"Shining Light","floor":13,"gold_loss":0,"cards_upgraded":["Defend_R","Strike_R"]},{"damage_healed":0,"gold_gain":0,"player_choice":"Gold","damage_taken":0,"max_hp_gain":0,"max_hp_loss":0,"event_name":"Wheel of Change","floor":24,"gold_loss":0},{"damage_healed":0,"gold_gain":0,"cards_transformed":["Strike_R"],"player_choice":"Transformed","damage_taken":0,"max_hp_gain":0,"max_hp_loss":0,"event_name":"Transmorgrifier","floor":46,"gold_loss":0,"cards_obtained":["Offering"]},{"damage_healed":0,"gold_gain":0,"cards_transformed":["Rupture"],"player_choice":"Transformed","damage_taken":0,"max_hp_gain":0,"max_hp_loss":0,"event_name":"Transmorgrifier","floor":55,"gold_loss":0,"cards_obtained":["Seeing Red"]},{"cards_removed":["Strike_R"],"damage_healed":0,"gold_gain":0,"player_choice":"Forget","damage_taken":0,"max_hp_gain":0,"max_hp_loss":0,"event_name":"Living Wall","floor":63,"gold_loss":0}],"is_beta":false,"boss_relics":[{"not_picked":["Runic Cube","infinitespire:Cupcake"],"picked":"Abe\u0027s Treasure"},{"not_picked":[]},{"not_picked":["Cursed Key","Calling Bell"],"picked":"infinitespire:Burning Sword"},{"not_picked":["Snecko Eye","ReplayTheSpireMod:SealedPack"],"picked":"Painkiller Herb"},{"not_picked":["Philosopher\u0027s Stone","Replay:Grab Bag"],"picked":"Runic Pyramid"}],"items_purged_floors":[38,56,64],"is_endless":true,"potions_floor_spawned":[1,5,16,18,19,21,25,30,31,33,35,45,47,48,50,58,65,75,76,79,80,82,84,86],"killed_by":"Nightmare_Alpha","ascension_level":0}}