{"host":"3mdjmozz5rahgtdc","time":1607783025,"event":{"mods":["AchievementEnabler","BaseMod","Better Silent Start","Better-Laid Plans","Colored Map","Colored Powertips","Custom Start","DeckTracker","KOR Keyword Fix","Minty Spire (QoL Compilation)","Permanent Neow","StSLib","SuperFastMode"],"gold_per_floor":[109,128,17,27,41,41,61,61,61,92,92,112,112,143,143,143,143],"floor_reached":16,"playtime":370,"items_purged":["Strike_G"],"score":118,"play_id":"223270bb-d71d-4517-9250-412781c81d3c","local_time":"20201212232345","is_ascension_mode":true,"campfire_choices":[{"floor":6,"key":"REST"},{"floor":11,"key":"REST"},{"floor":15,"key":"REST"}],"circlet_count":0,"master_deck":["Strike_G","Strike_G","Strike_G","Defend_G","Defend_G","Defend_G","Defend_G","Survivor","Neutralize","Dagger Spray","Quick Slash","Crippling Poison","Masterful Stab","Deadly Poison","Leg Sweep"],"relics":["Fusion Hammer","The Specimen","TungstenRod","Torii"],"acts_visited":["Exordium"],"potions_floor_usage":[14],"damage_taken":[{"damage":0,"enemies":"2 Louse","floor":1,"turns":3},{"damage":2,"enemies":"Small Slimes","floor":2,"turns":3},{"damage":0,"enemies":"Cultist","floor":4,"turns":3},{"damage":3,"enemies":"Exordium Wildlife","floor":5,"turns":4},{"damage":5,"enemies":"Gremlin Gang","floor":7,"turns":3},{"damage":2,"enemies":"3 Sentries","floor":10,"turns":7},{"damage":2,"enemies":"Large Slime","floor":12,"turns":5},{"damage":15,"enemies":"Lagavulin","floor":14,"turns":6},{"damage":75,"enemies":"Slime Boss","floor":16,"turns":10}],"seed_played":"-2290435888946426715","potions_obtained":[{"floor":1,"key":"Poison Potion"},{"floor":2,"key":"LiquidBronze"},{"floor":4,"key":"Ancient Potion"},{"floor":14,"key":"SmokeBomb"}],"is_trial":false,"path_per_floor":["M","M","$","M","M","R","M","$","T","E","R","M","?","E","R","B"],"character_chosen":"THE_SILENT","items_purchased":["Crippling Poison"],"campfire_rested":3,"item_purchase_floors":[3],"current_hp_per_floor":[70,68,68,68,65,70,65,65,65,63,70,68,73,58,75,0,0],"gold":143,"neow_bonus":"BOSS_RELIC","is_daily":false,"chose_seed":false,"campfire_upgraded":0,"win_rate":0.0,"timestamp":1607783025,"path_taken":["M","M","$","M","M","R","M","$","T","E","R","M","?","E","R","BOSS"],"items_purchased_type":["Card"],"build_version":"2020-11-30","purchased_purges":1,"victory":false,"max_hp_per_floor":[70,70,70,70,70,70,70,70,70,70,70,70,75,75,75,75,75],"card_choices":[{"not_picked":["Bane","Dodge and Roll"],"picked":"Dagger Spray","floor":1},{"not_picked":["Dagger Spray","Footwork"],"picked":"Quick Slash","floor":2},{"not_picked":["Underhanded Strike","Terror"],"picked":"Masterful Stab","floor":4},{"not_picked":["Dagger Throw","Outmaneuver","Prepared"],"picked":"SKIP","floor":5},{"not_picked":["Eviscerate","Poisoned Stab","Cloak And Dagger"],"picked":"SKIP","floor":7},{"not_picked":["Bane","Reflex"],"picked":"Deadly Poison","floor":10},{"not_picked":["Quick Slash","Slice","Prepared"],"picked":"SKIP","floor":12},{"not_picked":["Caltrops","A Thousand Cuts"],"picked":"Leg Sweep","floor":14}],"player_experience":268520,"relics_obtained":[{"floor":9,"key":"The Specimen"},{"floor":10,"key":"TungstenRod"},{"floor":14,"key":"Torii"}],"event_choices":[{"damage_healed":0,"gold_gain":0,"player_choice":"Donut","damage_taken":0,"max_hp_gain":5,"max_hp_loss":0,"event_name":"Big Fish","floor":13,"gold_loss":0}],"is_beta":false,"boss_relics":[],"items_purged_floors":[3],"is_endless":false,"potions_floor_spawned":[1,2,4,14],"killed_by":"Slime Boss","ascension_level":1}}