{"host":"agga6lej02o7kt08","time":1607779355,"event":{"mods":["Arknights The Spire","Aspiration","BaseMod","Better Third Choice","CapriCore","Colored Map","Colored Powertips","Hermit","Hubris","Infinite Spire","Koishi","Marisa£¨Ùöéë¡¡Øª×âÞÞ£©","Minty Spire (QoL Compilation)","Reimu£¨ÚÏ???£©","Replay The Spire","Spicy Shops","StSLib","The Immortal","¡¼?Úª?ø«¡½REMEMod"],"gold_per_floor":[118,118,43,43,60,60,91,106,106,6,40,40,40,40,68,68,68,68,68],"floor_reached":18,"playtime":632,"items_purged":["ats:Defend Up","ats:Powerful Strike"],"score":242,"play_id":"99b5c152-2d7b-49e0-b9f3-4b9cb8ab049d","local_time":"20201212222235","is_ascension_mode":true,"campfire_choices":[{"data":"Scorching Beam","floor":6,"key":"SMITH"},{"data":"ats:Emotion Absorption","floor":14,"key":"SMITH"},{"data":"ats:Emotion Absorption","floor":17,"key":"SMITH"}],"circlet_count":0,"master_deck":["AscendersBane","ats:Powerful Strike","ats:Armor Crushing Shot","ats:Defend Up","ats:Defend Up","ats:Defend Up","ats:Emotion Absorption+1","ats:Emotion Absorption+1","PrayRite:ReiMu","Scorching Beam+1","ats:Wolf Pack"],"relics":["ats:Sanity","REME_ComplimentaryCards","aspiration:Nostalgia","Iron Core","Anchor","hubris:DeckOfHolding","Orichalcum","Replay:Bottled Steam","WingedGreaves"],"acts_visited":["Exordium"],"potions_floor_usage":[11,11],"damage_taken":[{"damage":0,"enemies":"Small Slimes","floor":1,"turns":2},{"damage":7,"enemies":"2 Louse","floor":5,"turns":3},{"damage":3,"enemies":"Replay:BlueRogue","floor":7,"turns":6},{"damage":2,"enemies":"Jaw Worm","floor":8,"turns":2},{"damage":0,"enemies":"3 Sentries","floor":11,"turns":5},{"damage":10,"enemies":"Lagavulin","floor":15,"turns":5},{"damage":52,"enemies":"Hexaghost","floor":18,"turns":15}],"seed_played":"-6582088548415353060","potions_obtained":[{"floor":1,"key":"AttackPotion"},{"floor":5,"key":"Adrenaline Potion"}],"is_trial":false,"path_per_floor":["M","?","$","?","M","R","E","M","T","$","E","PTL","PTL","R","E","T","R","B"],"character_chosen":"DOCTOR_CLASS","items_purchased":[],"campfire_rested":0,"item_purchase_floors":[],"current_hp_per_floor":[65,65,65,65,58,58,55,53,53,53,53,53,53,53,43,43,43,0,0],"gold":68,"neow_bonus":"NOSTALGIA","is_daily":false,"chose_seed":false,"campfire_upgraded":3,"win_rate":0.0,"timestamp":1607779355,"path_taken":["M","?","$","?","M","R","E","M","T","?","E","PTL","PTL","R","E","?","R","BOSS"],"items_purchased_type":[],"build_version":"2020-11-30","purchased_purges":2,"victory":false,"max_hp_per_floor":[72,72,72,72,72,72,72,72,72,72,72,72,72,72,72,72,72,72,72],"card_choices":[{"not_picked":["Body Slam","ats:Rapid Magazine"],"picked":"Scorching Beam","floor":1},{"not_picked":["ats:Encircling Forest","Gash","ats:Curse Doll"],"picked":"SKIP","floor":5},{"not_picked":["Body Slam","ats:Sunburst","Glacier"],"picked":"SKIP","floor":7},{"not_picked":["ats:Poison Spread","ats:Thorns","Flex"],"picked":"SKIP","floor":8},{"not_picked":["Iron Wave","Rip and Tear"],"picked":"ats:Wolf Pack","floor":11},{"not_picked":["Reaper","Body Slam","Firewall"],"picked":"SKIP","floor":15}],"player_experience":1399388,"relics_obtained":[{"floor":7,"key":"Anchor"},{"floor":9,"key":"hubris:DeckOfHolding"},{"floor":11,"key":"Orichalcum"},{"floor":15,"key":"Replay:Bottled Steam"},{"floor":16,"key":"WingedGreaves"}],"event_choices":[],"is_beta":false,"boss_relics":[],"items_purged_floors":[3,10],"is_endless":false,"potions_floor_spawned":[1,5,8],"killed_by":"Hexaghost","ascension_level":12}}