{"host":"d8hh7rr4yzitjeuj","time":1607799133,"event":{"mods":["2.2 Compatiblity","AchievementEnabler","BaseMod","CapriCore","Colored Map","Colored Powertips","Highlight Path","Keyboard Shortcuts","Minty Spire (QoL Compilation)","Permanent Neow","Quick Restart","StSLib","SuperFastMode"],"gold_per_floor":[110,121,139,139,139,139,171,171,195,212,262,262,289,1,1,78,78,96,96,107,24,40,65,65,112,112,127,52,52,2,35,35,111,111,129,147,147,161,171,202,202,221,221,233,264,264,280,290,290,290,290,290,290,19,50,50,50],"floor_reached":56,"playtime":1712,"items_purged":["Strike_B","Strike_B+1"],"score":2139,"play_id":"6726b6e2-0fa2-4cc5-99c6-47a3f6ed9c5f","local_time":"20201213035213","is_ascension_mode":true,"campfire_choices":[{"data":"Zap","floor":6.0,"key":"SMITH"},{"floor":8.0,"key":"REST"},{"floor":12.0,"key":"REST"},{"data":"Coolheaded","floor":15.0,"key":"SMITH"},{"data":"White Noise","floor":24.0,"key":"SMITH"},{"data":"White Noise","floor":29.0,"key":"SMITH"},{"data":"White Noise","floor":32.0,"key":"SMITH"},{"data":"Creative AI","floor":41.0,"key":"SMITH"},{"data":"Amplify","floor":46.0,"key":"SMITH"},{"floor":49.0,"key":"RECALL"},{"data":"Storm","floor":53.0,"key":"SMITH"}],"circlet_count":0,"master_deck":["AscendersBane","Strike_B+1","Defend_B","Defend_B","Defend_B","Zap+1","Dualcast","Defragment+1","Compile Driver+1","Fusion","Coolheaded+1","Doom and Gloom","Conserve Battery","Electrodynamics","Ball Lightning","Core Surge","Auto Shields+1","White Noise+1","White Noise+1","White Noise+1","Creative AI+1","Coolheaded+1","Storm+1","Capacitor","White Noise+1","Amplify+1","Skim"],"relics":["SlaversCollar","Whetstone","Akabeko","Mummified Hand","Lee\u0027s Waffle","Nuclear Battery","Eternal Feather","Bag of Preparation","Torii","Toy Ornithopter","Empty Cage","Girya","MealTicket","Medical Kit","Anchor"],"acts_visited":["Exordium","TheCity","TheBeyond","TheEnding"],"potions_floor_usage":[],"damage_taken":[{"damage":4.0,"enemies":"Jaw Worm","floor":1.0,"turns":5.0},{"damage":5.0,"enemies":"2 Louse","floor":2.0,"turns":3.0},{"damage":7.0,"enemies":"Cultist","floor":3.0,"turns":4.0},{"damage":20.0,"enemies":"Lagavulin","floor":7.0,"turns":6.0},{"damage":10.0,"enemies":"Red Slaver","floor":10.0,"turns":4.0},{"damage":25.0,"enemies":"3 Sentries","floor":13.0,"turns":5.0},{"damage":36.0,"enemies":"The Guardian","floor":16.0,"turns":9.0},{"damage":11.0,"enemies":"Spheric Guardian","floor":18.0,"turns":3.0},{"damage":29.0,"enemies":"2 Thieves","floor":20.0,"turns":4.0},{"damage":7.0,"enemies":"Sentry and Sphere","floor":22.0,"turns":4.0},{"damage":27.0,"enemies":"Slavers","floor":23.0,"turns":4.0},{"damage":0.0,"enemies":"Snecko","floor":27.0,"turns":4.0},{"damage":0.0,"enemies":"Book of Stabbing","floor":31.0,"turns":5.0},{"damage":0.0,"enemies":"Collector","floor":33.0,"turns":8.0},{"damage":0.0,"enemies":"3 Shapes","floor":35.0,"turns":2.0},{"damage":0.0,"enemies":"Orb Walker","floor":36.0,"turns":2.0},{"damage":0.0,"enemies":"Maw","floor":38.0,"turns":8.0},{"damage":0.0,"enemies":"3 Darklings","floor":39.0,"turns":2.0},{"damage":0.0,"enemies":"Giant Head","floor":40.0,"turns":6.0},{"damage":0.0,"enemies":"4 Shapes","floor":42.0,"turns":3.0},{"damage":0.0,"enemies":"Spire Growth","floor":44.0,"turns":4.0},{"damage":28.0,"enemies":"Nemesis","floor":45.0,"turns":5.0},{"damage":12.0,"enemies":"Sphere and 2 Shapes","floor":47.0,"turns":4.0},{"damage":0.0,"enemies":"4 Shapes","floor":48.0,"turns":3.0},{"damage":55.0,"enemies":"Time Eater","floor":50.0,"turns":4.0},{"damage":9.0,"enemies":"Donu and Deca","floor":51.0,"turns":2.0},{"damage":30.0,"enemies":"Shield and Spear","floor":55.0,"turns":3.0},{"damage":86,"enemies":"The Heart","floor":56,"turns":3}],"seed_played":"-8331274918002347063","potions_obtained":[{"floor":1.0,"key":"SneckoOil"},{"floor":7.0,"key":"FocusPotion"},{"floor":13.0,"key":"Regen Potion"},{"floor":20.0,"key":"Explosive Potion"},{"floor":23.0,"key":"Fruit Juice"},{"floor":27.0,"key":"Dexterity Potion"},{"floor":31.0,"key":"SneckoOil"},{"floor":35.0,"key":"PotionOfCapacity"},{"floor":36.0,"key":"PowerPotion"},{"floor":37.0,"key":"Swift Potion"},{"floor":55.0,"key":"CultistPotion"}],"is_trial":false,"path_per_floor":["M","M","M","?","?","R","E","R","T","M","?","R","E","$","R","B",null,"M","?","M","$","M","E","R","T","T","M","$","R","?","E","R","B",null,"M","M","?","M","M","E","R","M","T","M","E","R","M","M","R","B","B",null,"R","$","E","B"],"character_chosen":"DEFECT","items_purchased":["Electrodynamics","Lee\u0027s Waffle","Ball Lightning","White Noise","Medical Kit"],"campfire_rested":2,"item_purchase_floors":[14,14,14,21,54],"current_hp_per_floor":[60,55,48,27,27,27,7,28,28,18,11,32,7,78,78,42,69,58,58,41,41,34,7,24,24,24,24,24,36,36,36,48,53,76,76,76,76,76,76,76,83,83,83,83,55,70,58,58,73,18,14,66,81,83,53,0,0],"gold":50,"neow_bonus":"BOSS_RELIC","is_daily":false,"chose_seed":false,"campfire_upgraded":8,"win_rate":0.0,"timestamp":1607799133,"path_taken":["M","M","M","?","?","R","E","R","T","M","?","R","E","$","R","BOSS","M","?","M","$","?","E","R","?","T","M","?","R","?","E","R","BOSS","M","?","?","M","M","E","R","M","T","M","E","R","?","M","R","BOSS","BOSS","R","$","E","BOSS"],"items_purchased_type":["Card","Relic","Card","Card","Relic"],"build_version":"2020-11-30","purchased_purges":2,"victory":false,"max_hp_per_floor":[71,71,71,71,71,71,71,71,71,71,71,71,71,78,78,78,78,78,78,78,78,78,78,83,83,83,83,83,83,83,83,83,83,83,83,83,83,83,83,83,83,83,83,83,83,83,83,83,83,83,83,83,83,83,83,83,83],"card_choices":[{"not_picked":["Undo","Aggregate"],"picked":"Defragment","floor":1.0},{"not_picked":["Leap","Stack"],"picked":"Compile Driver","floor":2.0},{"not_picked":["Force Field","Steam"],"picked":"Fusion","floor":3.0},{"not_picked":["Glacier","Tempest"],"picked":"Coolheaded","floor":7.0},{"not_picked":["Blizzard","Steam"],"picked":"Doom and Gloom","floor":10.0},{"not_picked":["Turbo","Melter"],"picked":"Conserve Battery","floor":13.0},{"not_picked":["All For One","Echo Form"],"picked":"Core Surge","floor":16.0},{"not_picked":["Gash","Darkness"],"picked":"Auto Shields+1","floor":18.0},{"not_picked":["Gash","Steam","Turbo"],"picked":"SKIP","floor":20.0},{"not_picked":["Scrape","Doom and Gloom"],"picked":"White Noise","floor":22.0},{"not_picked":["Steam","Streamline","Beam Cell"],"picked":"SKIP","floor":23.0},{"not_picked":["Gash","Reinforced Body+1","Steam"],"picked":"SKIP","floor":27.0},{"not_picked":["Barrage","Gash","Glacier"],"picked":"SKIP","floor":31.0},{"not_picked":["Amplify","Multi-Cast"],"picked":"Creative AI","floor":33.0},{"not_picked":["Beam Cell+1","Lockon"],"picked":"Coolheaded+1","floor":35.0},{"not_picked":["FTL","Rip and Tear+1","Chill"],"picked":"SKIP","floor":36.0},{"not_picked":["Compile Driver","Hologram+1","Skim"],"picked":"SKIP","floor":38.0},{"not_picked":["Rebound","Loop+1"],"picked":"Storm","floor":39.0},{"not_picked":["Storm","Barrage"],"picked":"Capacitor","floor":40.0},{"not_picked":["Rebound","Ball Lightning"],"picked":"White Noise+1","floor":42.0},{"not_picked":["Genetic Algorithm","Barrage","Hologram"],"picked":"SKIP","floor":44.0},{"not_picked":["Streamline+1","Multi-Cast"],"picked":"Amplify","floor":45.0},{"not_picked":["Capacitor","Rip and Tear","Cold Snap+1"],"picked":"SKIP","floor":47.0},{"not_picked":["Hologram","Sunder"],"picked":"Skim","floor":48.0},{"not_picked":["Stack","Self Repair","Barrage"],"picked":"SKIP","floor":55.0}],"player_experience":1330502,"relics_obtained":[{"floor":7.0,"key":"Whetstone"},{"floor":9.0,"key":"Akabeko"},{"floor":13.0,"key":"Mummified Hand"},{"floor":23.0,"key":"Eternal Feather"},{"floor":25.0,"key":"Bag of Preparation"},{"floor":26.0,"key":"Torii"},{"floor":31.0,"key":"Toy Ornithopter"},{"floor":40.0,"key":"Girya"},{"floor":45.0,"key":"MealTicket"},{"floor":55.0,"key":"Anchor"}],"event_choices":[{"damage_healed":0.0,"max_hp_gain":0.0,"max_hp_loss":0.0,"gold_gain":0.0,"event_name":"Shining Light","player_choice":"Entered Light","floor":4.0,"gold_loss":0.0,"damage_taken":21.0,"cards_upgraded":["Compile Driver","Strike_B"]},{"damage_healed":0.0,"max_hp_gain":0.0,"max_hp_loss":0.0,"gold_gain":0.0,"event_name":"Living Wall","player_choice":"Grow","floor":5.0,"gold_loss":0.0,"damage_taken":0.0,"cards_upgraded":["Defragment"]},{"damage_healed":0.0,"max_hp_gain":0.0,"max_hp_loss":0.0,"gold_gain":50.0,"event_name":"FaceTrader","player_choice":"Touch","floor":11.0,"gold_loss":0.0,"damage_taken":7.0},{"damage_healed":0.0,"max_hp_gain":0.0,"max_hp_loss":0.0,"gold_gain":0.0,"event_name":"Match and Keep!","player_choice":"1 cards matched","floor":19.0,"gold_loss":0.0,"damage_taken":0.0,"cards_obtained":["White Noise"]},{"damage_healed":0.0,"max_hp_gain":0.0,"max_hp_loss":0.0,"gold_gain":0.0,"event_name":"The Joust","player_choice":"Bet on Owner","floor":30.0,"gold_loss":50.0,"damage_taken":0.0},{"damage_healed":0.0,"max_hp_gain":0.0,"max_hp_loss":0.0,"gold_gain":0.0,"event_name":"Lab","player_choice":"Got Potions","floor":37.0,"gold_loss":0.0,"damage_taken":0.0}],"is_beta":false,"boss_relics":[{"not_picked":["Tiny House","Sozu"],"picked":"Nuclear Battery"},{"not_picked":["SacredBark","Black Star"],"picked":"Empty Cage"}],"items_purged_floors":[28,54],"is_endless":false,"potions_floor_spawned":[1,7,13,16,20,23,27,31,35,36,40,42,48,55],"killed_by":"The Heart","ascension_level":20}}