{"host":"8dhn6p16jorj0i1s","time":1607731829,"event":{"mods":["BaseMod","Colored Map","Minty Spire (QoL Compilation)","Permanent Neow","Quick Restart"],"gold_per_floor":[118,293,312,312,312,339,339,339,339,352,208,208,220,240,240,342,342,357,357,357,357,184,184,184],"floor_reached":23,"playtime":959,"items_purged":["Regret","Decay"],"score":233,"play_id":"e6eabf65-52f4-4b7f-915f-95e7ae6c6c4c","local_time":"20201212011029","is_ascension_mode":true,"campfire_choices":[{"data":"Crippling Poison","floor":7.0,"key":"SMITH"},{"data":"Noxious Fumes","floor":12.0,"key":"SMITH"},{"data":"Bouncing Flask","floor":15.0,"key":"SMITH"}],"circlet_count":0,"master_deck":["Strike_G+1","Strike_G+1","Strike_G","Strike_G","Strike_G","Defend_G","Defend_G","Defend_G","Defend_G","Defend_G","Survivor","Neutralize","Crippling Poison+1","Acrobatics","Noxious Fumes+1","Bouncing Flask+1","Corpse Explosion","Crippling Poison"],"relics":["Ring of the Snake","NeowsBlessing","Tiny Chest","Whetstone","NlothsMask","Coffee Dripper","Enchiridion"],"acts_visited":["Exordium","TheCity"],"potions_floor_usage":[23,23],"damage_taken":[{"damage":0.0,"enemies":"2 Louse","floor":1.0,"turns":1.0},{"damage":0.0,"enemies":"Small Slimes","floor":3.0,"turns":1.0},{"damage":0.0,"enemies":"Gremlin Nob","floor":6.0,"turns":1.0},{"damage":7.0,"enemies":"Cultist","floor":10.0,"turns":4.0},{"damage":5.0,"enemies":"2 Fungi Beasts","floor":13.0,"turns":3.0},{"damage":9.0,"enemies":"Blue Slaver","floor":14.0,"turns":3.0},{"damage":12.0,"enemies":"Hexaghost","floor":16.0,"turns":8.0},{"damage":42,"enemies":"2 Thieves","floor":18,"turns":4},{"damage":12,"enemies":"Book of Stabbing","floor":23,"turns":3}],"seed_played":"-8966622511248864030","potions_obtained":[{"floor":6.0,"key":"EntropicBrew"},{"floor":10.0,"key":"Explosive Potion"},{"floor":14.0,"key":"Energy Potion"}],"is_trial":false,"path_per_floor":["M","?","M","?","?","E","R","?","T","M","$","R","M","M","R","B",null,"M","?","T","?","$","E"],"character_chosen":"THE_SILENT","items_purchased":["Noxious Fumes","Crippling Poison"],"campfire_rested":0,"item_purchase_floors":[11,22],"current_hp_per_floor":[70,70,70,63,63,63,63,63,63,56,56,56,51,42,42,30,70,28,28,28,12,12,0,0],"gold":184,"neow_bonus":"THREE_ENEMY_KILL","is_daily":false,"chose_seed":false,"campfire_upgraded":3,"win_rate":0.0,"timestamp":1607731829,"path_taken":["M","?","M","?","?","E","R","?","T","?","$","R","M","M","R","BOSS","M","?","?","?","$","E"],"items_purchased_type":["Card","Card"],"build_version":"2020-11-30","purchased_purges":2,"victory":false,"max_hp_per_floor":[70,70,70,70,70,70,70,70,70,70,70,70,70,70,70,70,70,70,70,70,70,70,70,70],"card_choices":[{"not_picked":["Outmaneuver","Finisher","Backflip"],"picked":"SKIP","floor":1.0},{"not_picked":["Escape Plan","Outmaneuver"],"picked":"Crippling Poison","floor":3.0},{"not_picked":["All Out Attack","Venomology"],"picked":"Acrobatics","floor":6.0},{"not_picked":["Underhanded Strike","Prepared","Flying Knee"],"picked":"SKIP","floor":10.0},{"not_picked":["Deflect","Backstab"],"picked":"Bouncing Flask","floor":13.0},{"not_picked":["Caltrops","Slice","Quick Slash"],"picked":"SKIP","floor":14.0},{"not_picked":["Storm of Steel","Wraith Form v2"],"picked":"Corpse Explosion","floor":16.0},{"not_picked":["Prepared","Escape Plan","Dagger Spray"],"picked":"SKIP","floor":18}],"player_experience":257804,"relics_obtained":[{"floor":6.0,"key":"Whetstone"},{"floor":21,"key":"Enchiridion"}],"event_choices":[{"damage_healed":0.0,"max_hp_gain":0.0,"max_hp_loss":0.0,"gold_gain":175.0,"event_name":"Liars Game","player_choice":"AGREE","floor":2.0,"gold_loss":0.0,"damage_taken":0.0,"cards_obtained":["Doubt"]},{"cards_removed":["Doubt"],"damage_healed":0.0,"max_hp_gain":0.0,"max_hp_loss":0.0,"gold_gain":0.0,"event_name":"Golden Wing","player_choice":"Card Removal","floor":4.0,"gold_loss":0.0,"damage_taken":7.0},{"damage_healed":0.0,"max_hp_gain":0.0,"max_hp_loss":0.0,"gold_gain":0.0,"event_name":"Big Fish","player_choice":"Box","floor":5.0,"gold_loss":0.0,"damage_taken":0.0,"relics_obtained":["Tiny Chest"],"cards_obtained":["Regret"]},{"damage_healed":0.0,"max_hp_gain":0.0,"max_hp_loss":0.0,"gold_gain":0.0,"event_name":"FaceTrader","player_choice":"Trade","floor":8.0,"gold_loss":0.0,"damage_taken":0.0,"relics_obtained":["NlothsMask"]},{"damage_healed":0,"gold_gain":0,"player_choice":"Smashed Altar","damage_taken":0,"max_hp_gain":0,"max_hp_loss":0,"event_name":"Forgotten Altar","floor":19,"gold_loss":0,"cards_obtained":["Decay"]},{"damage_healed":0,"gold_gain":0,"player_choice":"Obtained Book","damage_taken":16,"max_hp_gain":0,"max_hp_loss":0,"event_name":"Cursed Tome","floor":21,"gold_loss":0}],"is_beta":false,"boss_relics":[{"not_picked":["Black Star","Snecko Eye"],"picked":"Coffee Dripper"}],"items_purged_floors":[11,22],"is_endless":false,"potions_floor_spawned":[6,10,14],"killed_by":"Book of Stabbing","ascension_level":2}}