{"host":"l2821e3dgmq4sghh","time":1607808695,"event":{"mods":["BaseMod","Colored Powertips","Minty Spire (QoL Compilation)","StSLib"],"gold_per_floor":[119,44,44,54,70,105,124,124,124,157,173,23,58,58,58,58,58],"floor_reached":16,"playtime":1824,"items_purged":["Strike_G","Pain"],"score":276,"play_id":"332451b9-3a6a-4826-a128-94b11dbe86ff","local_time":"20201212223135","is_ascension_mode":true,"campfire_choices":[{"floor":8.0,"key":"REST"},{"floor":15,"key":"REST"}],"circlet_count":0,"master_deck":["AscendersBane","Strike_G","Strike_G","Strike_G","Strike_G","Defend_G","Defend_G","Defend_G","Defend_G","Defend_G","Survivor","Neutralize","Slice","Skewer","Dash","Calculated Gamble","Sucker Punch","Blur","Footwork","Backflip","Calculated Gamble"],"relics":["Ring of the Snake","NeowsBlessing","WarpedTongs","Paper Crane","Question Card","Pen Nib","Bottled Flame","Ornamental Fan"],"acts_visited":["Exordium"],"potions_floor_usage":[10,10,13,13],"damage_taken":[{"damage":0.0,"enemies":"Jaw Worm","floor":1.0,"turns":1.0},{"damage":0.0,"enemies":"Cultist","floor":4.0,"turns":1.0},{"damage":0.0,"enemies":"Small Slimes","floor":5.0,"turns":1.0},{"damage":49.0,"enemies":"Gremlin Nob","floor":6.0,"turns":5.0},{"damage":2.0,"enemies":"Red Slaver","floor":7.0,"turns":3.0},{"damage":22,"enemies":"3 Sentries","floor":10,"turns":10},{"damage":3,"enemies":"3 Louse","floor":11,"turns":4},{"damage":0,"enemies":"Gremlin Nob","floor":13,"turns":3},{"damage":25,"enemies":"Slime Boss","floor":16,"turns":16}],"seed_played":"-5607532788796314034","potions_obtained":[{"floor":5.0,"key":"SpeedPotion"},{"floor":6.0,"key":"GamblersBrew"},{"floor":10,"key":"Poison Potion"},{"floor":11,"key":"CunningPotion"}],"is_trial":false,"path_per_floor":["M","$","?","M","M","E","M","R","T","E","M","$","E","T","R","B"],"character_chosen":"THE_SILENT","items_purchased":["Backflip"],"campfire_rested":2,"item_purchase_floors":[12],"current_hp_per_floor":[59,59,59,59,59,10,8,27,27,5,2,2,2,2,21,0,0],"gold":58,"neow_bonus":"THREE_ENEMY_KILL","is_daily":false,"chose_seed":false,"campfire_upgraded":0,"win_rate":0.0,"timestamp":1607808695,"path_taken":["M","$","?","M","M","E","M","R","T","E","M","?","E","?","R","BOSS"],"items_purchased_type":["Card"],"build_version":"2020-11-30","purchased_purges":2,"victory":false,"max_hp_per_floor":[66,66,66,66,66,66,66,66,66,66,66,66,66,66,66,66,66],"card_choices":[{"not_picked":["Riddle With Holes","Dodge and Roll"],"picked":"Slice","floor":1.0},{"not_picked":["Poisoned Stab","Finisher"],"picked":"Skewer","floor":4.0},{"not_picked":["Sucker Punch","Deadly Poison"],"picked":"Dash","floor":5.0},{"not_picked":["Prepared","Unload"],"picked":"Calculated Gamble","floor":6.0},{"not_picked":["Endless Agony","Underhanded Strike"],"picked":"Sucker Punch","floor":7.0},{"not_picked":["Flechettes","Choke","Dash"],"picked":"Blur","floor":10},{"not_picked":["Crippling Poison","Blade Dance","Underhanded Strike"],"picked":"Footwork","floor":11},{"not_picked":["Quick Slash","Tactician","Cloak And Dagger"],"picked":"Calculated Gamble","floor":13}],"player_experience":5294465,"relics_obtained":[{"floor":6.0,"key":"Paper Crane"},{"floor":9.0,"key":"Question Card"},{"floor":10,"key":"Pen Nib"},{"floor":13,"key":"Bottled Flame"},{"floor":14,"key":"Ornamental Fan"}],"event_choices":[{"damage_healed":0.0,"max_hp_gain":0.0,"max_hp_loss":0.0,"gold_gain":0.0,"event_name":"Accursed Blacksmith","player_choice":"Rummage","floor":3.0,"gold_loss":0.0,"damage_taken":0.0,"relics_obtained":["WarpedTongs"],"cards_obtained":["Pain"]}],"is_beta":false,"boss_relics":[],"items_purged_floors":[2,12],"is_endless":false,"potions_floor_spawned":[5,6,10,11],"killed_by":"Slime Boss","ascension_level":18}}