{"host":"9eojso4kl4lidi9b","time":1607800021,"event":{"mods":["BaseMod","Beaked The Cultist","Better Skull","Colored Map","Colored Powertips","Conspire","Downfall","GifTheSpireLib","Minty Spire (QoL Compilation)","Random Character Button","Relic Sorter","Replay The Spire","Small Relic Pack","StSLib","Stuff the Spire","The Blackbeard","The Druid","The Factory","The Judge","The Necromancer","The Poker Player","The Wild Card","Trackpad","Unceasing Turn Reminder","Yuri Mod"],"gold_per_floor":[114,129,129,154,154,184,199,214,264,264,294,309,10,25,25,125,125,140,68,118,133,148,148,163,193,218,218,218,248,248,263,263,363,363,378,378,393,408,408,408,423,423,448,448,463,463,485,485,485,485],"floor_reached":51,"playtime":2521,"items_purged":[],"score":747,"play_id":"573f763b-e72f-4617-a4ef-0d3188427b2e","local_time":"20201212130701","daily_mods":["Heirloom","Green Cards","downfall:Hexed"],"is_ascension_mode":false,"campfire_choices":[{"floor":10,"key":"REST"},{"data":"SandsOfTime","floor":15,"key":"SMITH"},{"floor":23,"key":"REST"},{"floor":27,"key":"REST"},{"floor":30,"key":"REST"},{"data":"1","floor":32,"key":"LIFT"},{"data":"2","floor":40,"key":"LIFT"},{"data":"3","floor":42,"key":"LIFT"},{"data":"Dash","floor":44,"key":"SMITH"},{"floor":46,"key":"REST"},{"floor":49,"key":"REST"}],"circlet_count":0,"master_deck":["Strike_P","Strike_P","Strike_P","Strike_P","Defend_P","Defend_P","Defend_P","Defend_P","Vigilance","Dagger Spray","Dash+1","Dagger Spray","Noxious Fumes","Bouncing Flask","EmptyFist","DeceiveReality","StuffTheSpire:BrimstoneBlast","LikeWater","SandsOfTime+1","ReplayTheSpireMod:From All Sides","Poisoned Stab+1","StuffTheSpire:BrimstoneBlast","conspire:PoisonWeapons","StuffTheSpire:MirrorStance","Poisoned Stab","Accuracy+1","WindmillStrike","Poison Darts","Devotion+1","Prostrate","ThirdEye","Bouncing Flask","StuffTheSpire:Sprint","FollowUp+1","BowlingBash+1","StuffTheSpire:BrainWave"],"relics":["HolyWater","Velvet Choker","Girya","trackpad:CultistFigurine","trackpad:WritersBlock","Omamori","Potion Belt","Lee\u0027s Waffle","Velvet Choker","Anchor","Ancient Tea Set","HornCleat","ReplayTheSpireMod:Lightbulb","Replay:Rubber Ducky","Art of War"],"acts_visited":["Exordium","TheCity","TheBeyond"],"potions_floor_usage":[6,11,22,33,38,47,50,50,50,50,50,50,50,50],"damage_taken":[{"damage":3,"enemies":"Jaw Worm","floor":1,"turns":3},{"damage":2,"enemies":"conspire:RoseBush","floor":2,"turns":2},{"damage":24,"enemies":"Gremlin Nob","floor":6,"turns":4},{"damage":1,"enemies":"Cultist","floor":7,"turns":3},{"damage":0,"enemies":"Large Slime","floor":8,"turns":4},{"damage":5,"enemies":"Lagavulin","floor":11,"turns":6},{"damage":3,"enemies":"Red Slaver","floor":12,"turns":3},{"damage":8,"enemies":"Exordium Wildlife","floor":14,"turns":3},{"damage":23,"enemies":"Fading Forest","floor":16,"turns":11},{"damage":9,"enemies":"Spheric Guardian","floor":18,"turns":4},{"damage":16,"enemies":"conspire:FuzzyDice","floor":21,"turns":4},{"damage":28,"enemies":"Snake Plant","floor":22,"turns":4},{"damage":0,"enemies":"Snecko","floor":24,"turns":3},{"damage":8,"enemies":"conspire:Head Lice","floor":25,"turns":4},{"damage":11,"enemies":"Book of Stabbing","floor":29,"turns":4},{"damage":0,"enemies":"Centurion and Healer","floor":31,"turns":5},{"damage":20,"enemies":"Collector","floor":33,"turns":6},{"damage":0,"enemies":"3 Darklings","floor":35,"turns":3},{"damage":0,"enemies":"3 Shapes","floor":37,"turns":3},{"damage":1,"enemies":"Spire Growth","floor":38,"turns":5},{"damage":5,"enemies":"4 Shapes","floor":41,"turns":2},{"damage":0,"enemies":"Maw","floor":45,"turns":6},{"damage":20,"enemies":"conspire:MimicChest","floor":47,"turns":3},{"damage":20,"enemies":"Awakened One","floor":50,"turns":8}],"seed_played":"-2740983366772686195","potions_obtained":[{"floor":1,"key":"Swift Potion"},{"floor":2,"key":"BlessingOfTheForge"},{"floor":6,"key":"Weak Potion"},{"floor":18,"key":"Slimebound:ThreeZeroPotion"},{"floor":24,"key":"ColorlessPotion"},{"floor":25,"key":"Death Potion"},{"floor":33,"key":"Energy Potion"},{"floor":35,"key":"Dexterity Potion"},{"floor":37,"key":"AttackPotion"},{"floor":45,"key":"EntropicBrew"}],"is_trial":false,"path_per_floor":["M","M","?","T","?","E","M","M","T","R","E","M","$","M","R","B",null,"M","$","?","M","M","R","M","E","T","R","?","E","R","M","R","B",null,"M","?","M","M","?","R","M","R","T","R","M","R","?","?","R","B",null],"character_chosen":"WATCHER","items_purchased":["Lee\u0027s Waffle","StuffTheSpire:BrimstoneBlast","LikeWater","StuffTheSpire:BrimstoneBlast"],"campfire_rested":6,"item_purchase_floors":[13,13,13,19],"current_hp_per_floor":[69,67,67,67,67,43,42,42,42,63,58,55,79,71,71,72,79,70,70,70,54,26,49,49,41,41,64,57,46,69,69,69,49,79,79,79,79,78,78,78,73,73,73,73,73,79,59,59,72,52],"gold":485,"neow_bonus":"","is_daily":true,"chose_seed":false,"campfire_upgraded":2,"win_rate":0.0,"timestamp":1607800021,"path_taken":["M","M","?","?","?","E","M","?","T","R","E","M","$","M","R","BOSS","M","$","?","?","M","R","M","E","T","R","?","E","R","M","R","BOSS","M","?","?","M","?","R","M","R","T","R","M","R","?","?","R","BOSS"],"items_purchased_type":["Relic","Card","Card","Card"],"build_version":"2020-11-30","purchased_purges":0,"victory":true,"max_hp_per_floor":[72,72,72,72,72,72,72,72,72,72,72,72,79,79,79,79,79,79,79,79,79,79,79,79,79,79,79,79,79,79,79,79,79,79,79,79,79,79,79,79,79,79,79,79,79,79,79,72,72,72],"card_choices":[{"not_picked":["StuffTheSpire:Incursion","StuffTheSpire:BrimstoneBlast"],"picked":"Dagger Spray","floor":1},{"not_picked":["Perseverance","Acrobatics"],"picked":"Dash","floor":2},{"not_picked":["CrushJoints","Cloak And Dagger"],"picked":"Dagger Spray","floor":6},{"not_picked":["DeceiveReality","Dagger Spray"],"picked":"Noxious Fumes","floor":7},{"not_picked":["Underhanded Strike","ThirdEye"],"picked":"Bouncing Flask","floor":8},{"not_picked":["Replay:Vibes","Tantrum"],"picked":"EmptyFist","floor":11},{"not_picked":["Replay:Poison Smokescreen","WheelKick"],"picked":"DeceiveReality","floor":12},{"not_picked":["Dagger Spray","Underhanded Strike"],"picked":"SandsOfTime","floor":14},{"not_picked":["Establishment","Wraith Form v2"],"picked":"ReplayTheSpireMod:From All Sides","floor":16},{"not_picked":["StuffTheSpire:BumpUp+1","Fluid Movement"],"picked":"Poisoned Stab+1","floor":18},{"not_picked":["Crescendo","Replay:ManipulateFuture"],"picked":"conspire:PoisonWeapons","floor":21},{"not_picked":["Masterful Stab","FlurryOfBlows"],"picked":"StuffTheSpire:MirrorStance","floor":22},{"not_picked":["Halt","BowlingBash"],"picked":"Poisoned Stab","floor":24},{"not_picked":["StuffTheSpire:Incursion+1","Expertise"],"picked":"Accuracy+1","floor":25},{"not_picked":["Hidden Blade+1","Meditate"],"picked":"WindmillStrike","floor":29},{"not_picked":["CutThroughFate+1","Terror"],"picked":"Poison Darts","floor":31},{"not_picked":["Bullet Time","Vault"],"picked":"Devotion","floor":33},{"not_picked":["Dagger Spray+1","Endless Agony"],"picked":"Prostrate","floor":35},{"not_picked":["StuffTheSpire:BumpUp+1","Halt"],"picked":"ThirdEye","floor":37},{"not_picked":["Replay:ManipulateFuture+1","WaveOfTheHand"],"picked":"Bouncing Flask","floor":38},{"not_picked":["MasterReality","ReplayTheSpireMod:Exploit Weakness+1"],"picked":"StuffTheSpire:Sprint","floor":41},{"not_picked":["WindmillStrike","Halt"],"picked":"FollowUp+1","floor":45},{"not_picked":["FollowUp","Flying Knee"],"picked":"BowlingBash+1","floor":47}],"player_experience":1149310,"relics_obtained":[{"floor":4,"key":"trackpad:CultistFigurine"},{"floor":6,"key":"trackpad:WritersBlock"},{"floor":9,"key":"Omamori"},{"floor":11,"key":"Potion Belt"},{"floor":25,"key":"Anchor"},{"floor":26,"key":"Ancient Tea Set"},{"floor":29,"key":"ReplayTheSpireMod:Lightbulb"},{"floor":43,"key":"Replay:Rubber Ducky"},{"floor":47,"key":"Art of War"}],"event_choices":[{"damage_healed":0,"gold_gain":0,"player_choice":"Disagree","damage_taken":0,"max_hp_gain":0,"max_hp_loss":0,"event_name":"conspire:LoneGhost","floor":3,"gold_loss":0},{"cards_removed":["Eruption"],"damage_healed":0,"gold_gain":0,"player_choice":"Offered Basic","damage_taken":0,"max_hp_gain":0,"max_hp_loss":0,"event_name":"Bonfire Elementals","floor":5,"gold_loss":0},{"damage_healed":0,"gold_gain":100,"player_choice":"Bet on Murderer","damage_taken":0,"max_hp_gain":0,"max_hp_loss":0,"event_name":"The Joust","floor":20,"gold_loss":50},{"damage_healed":0,"gold_gain":0,"player_choice":"HornCleat","damage_taken":0,"relics_obtained":["HornCleat"],"max_hp_gain":0,"max_hp_loss":0,"event_name":"blackbeard:ShipwreckEvent","floor":28,"gold_loss":0},{"damage_healed":0,"gold_gain":0,"player_choice":"Upgraded","damage_taken":0,"max_hp_gain":0,"max_hp_loss":0,"event_name":"Upgrade Shrine","floor":36,"gold_loss":0,"cards_upgraded":["Devotion"]}],"is_beta":false,"boss_relics":[{"not_picked":["expansioncontent:StudyCardRelic","Busted Crown"],"picked":"Velvet Choker"},{"not_picked":["Kintsugi","sneckomod:SneckoTalon"],"picked":"HolyWater"}],"items_purged_floors":[],"is_endless":false,"potions_floor_spawned":[1,2,6,18,24,25,33,35,37,45],"ascension_level":0}}