{"host":"ow9msrs9p2ctkx99","time":1607814265,"event":{"mods":["AchievementEnabler","BaseMod","Colored Map","Colored Powertips","Minty Spire (QoL Compilation)","Permanent Neow","Quick Restart","SuperFastMode"],"gold_per_floor":[369,382,7,26,46,46,60,60,60],"floor_reached":8,"playtime":225,"items_purged":["Normality"],"score":88,"play_id":"2370d9a4-178c-48e5-988f-e970ce0c13ce","local_time":"20201213000425","is_ascension_mode":true,"campfire_choices":[{"floor":6,"key":"DIG"}],"circlet_count":0,"master_deck":["AscendersBane","Strike_G","Strike_G","Strike_G","Strike_G","Strike_G","Defend_G","Defend_G","Defend_G","Defend_G","Defend_G","Survivor","Neutralize","Well Laid Plans","Underhanded Strike","Choke","Dagger Spray","Cloak And Dagger"],"relics":["Ring of the Snake","Shovel","Gremlin Horn"],"acts_visited":["Exordium"],"potions_floor_usage":[8],"damage_taken":[{"damage":10,"enemies":"Jaw Worm","floor":1,"turns":7},{"damage":1,"enemies":"Cultist","floor":2,"turns":5},{"damage":4,"enemies":"Small Slimes","floor":4,"turns":4},{"damage":15,"enemies":"Blue Slaver","floor":5,"turns":5},{"damage":2,"enemies":"2 Fungi Beasts","floor":7,"turns":3},{"damage":7,"enemies":"Lagavulin","floor":8,"turns":5}],"seed_played":"4342862489575484564","potions_obtained":[{"floor":1,"key":"ColorlessPotion"},{"floor":5,"key":"SneckoOil"},{"floor":7,"key":"BlessingOfTheForge"}],"is_trial":false,"path_per_floor":["M","M","$","M","M","R","M","E"],"character_chosen":"THE_SILENT","items_purchased":["Shovel"],"campfire_rested":0,"item_purchase_floors":[3],"current_hp_per_floor":[49,48,48,44,29,29,27,20,20],"gold":60,"neow_bonus":"TWO_FIFTY_GOLD","is_daily":false,"chose_seed":false,"campfire_upgraded":0,"win_rate":0.0,"timestamp":1607814265,"path_taken":["M","M","$","M","M","R","M","E"],"items_purchased_type":["Relic"],"build_version":"2020-11-30","purchased_purges":1,"victory":false,"max_hp_per_floor":[66,66,66,66,66,66,66,66,66],"card_choices":[{"not_picked":["Reflex","Bane"],"picked":"Well Laid Plans","floor":1},{"not_picked":["Flying Knee","Quick Slash"],"picked":"Underhanded Strike","floor":2},{"not_picked":["Underhanded Strike","Deflect"],"picked":"Choke","floor":4},{"not_picked":["Cloak And Dagger","Slice"],"picked":"Dagger Spray","floor":5},{"not_picked":["Masterful Stab","Flying Knee"],"picked":"Cloak And Dagger","floor":7}],"player_experience":968253,"relics_obtained":[{"floor":6,"key":"Gremlin Horn"}],"event_choices":[],"is_beta":false,"boss_relics":[],"items_purged_floors":[3],"is_endless":false,"potions_floor_spawned":[1,5,7],"killed_by":"Lagavulin","ascension_level":15}}