{"host":"fdq5pmhluajjrf8d","time":1607795875,"event":{"mods":["BaseMod","Minty Spire (QoL Compilation)"],"gold_per_floor":[114,129,145,145,162,162,87,106,152,167,167,66,66,66,66,66,66],"floor_reached":16,"playtime":647,"items_purged":[],"score":179,"play_id":"70cdcd53-d44d-4eea-8200-7ca5cc7cdf4c","local_time":"20201212125755","is_ascension_mode":true,"campfire_choices":[{"data":"Zap","floor":6,"key":"SMITH"},{"floor":11,"key":"REST"},{"floor":15,"key":"REST"}],"circlet_count":0,"master_deck":["AscendersBane","Strike_B","Strike_B+1","Strike_B","Strike_B","Defend_B","Defend_B","Defend_B+1","Defend_B","Zap+1","Dualcast","Electrodynamics","Leap","Hologram","Capacitor","Lockon","Recycle","Finesse"],"relics":["Cracked Core","Akabeko"],"acts_visited":["Exordium"],"potions_floor_usage":[10],"damage_taken":[{"damage":2,"enemies":"Cultist","floor":1,"turns":4},{"damage":7,"enemies":"Small Slimes","floor":2,"turns":3},{"damage":0,"enemies":"2 Louse","floor":3,"turns":1},{"damage":11,"enemies":"Looter","floor":5,"turns":3},{"damage":15,"enemies":"Lots of Slimes","floor":8,"turns":4},{"damage":18,"enemies":"Large Slime","floor":10,"turns":3},{"damage":33,"enemies":"Hexaghost","floor":16,"turns":9}],"seed_played":"3677364855408364068","potions_obtained":[{"floor":2,"key":"BlessingOfTheForge"},{"floor":3,"key":"PotionOfCapacity"}],"is_trial":false,"path_per_floor":["M","M","M","?","M","R","$","M","T","M","R","$","?","$","R","B"],"character_chosen":"DEFECT","items_purchased":["Capacitor","Finesse"],"campfire_rested":2,"item_purchase_floors":[7,12],"current_hp_per_floor":[62,55,55,55,44,44,44,29,29,11,30,30,11,11,30,0,0],"gold":66,"neow_bonus":"THREE_RARE_CARDS","is_daily":false,"chose_seed":false,"campfire_upgraded":1,"win_rate":0.0,"timestamp":1607795875,"path_taken":["M","M","M","?","M","R","$","M","T","M","R","$","?","$","R","BOSS"],"items_purchased_type":["Card","Card"],"build_version":"2020-11-30","purchased_purges":0,"victory":false,"max_hp_per_floor":[64,64,64,64,64,64,64,64,64,64,64,64,64,64,64,64,64],"card_choices":[{"not_picked":["Biased Cognition","Meteor Strike"],"picked":"Electrodynamics","floor":0},{"not_picked":["Hologram","BootSequence"],"picked":"Leap","floor":1},{"not_picked":["Gash","Turbo"],"picked":"Hologram","floor":2},{"not_picked":["Sweeping Beam","Conserve Battery","Force Field"],"picked":"SKIP","floor":3},{"not_picked":["Cold Snap","Gash","Hello World"],"picked":"SKIP","floor":5},{"not_picked":["Conserve Battery","Hologram"],"picked":"Lockon","floor":8},{"not_picked":["All For One","Steam"],"picked":"Recycle","floor":10}],"player_experience":1827211,"relics_obtained":[{"floor":9,"key":"Akabeko"}],"event_choices":[{"damage_healed":0,"gold_gain":0,"player_choice":"Leave","damage_taken":0,"max_hp_gain":0,"max_hp_loss":0,"event_name":"The Cleric","floor":4,"gold_loss":0},{"damage_healed":0,"gold_gain":0,"player_choice":"Entered Light","damage_taken":19,"max_hp_gain":0,"max_hp_loss":0,"event_name":"Shining Light","floor":13,"gold_loss":0,"cards_upgraded":["Defend_B","Strike_B"]}],"is_beta":false,"boss_relics":[],"items_purged_floors":[],"is_endless":false,"potions_floor_spawned":[2,3],"killed_by":"Hexaghost","ascension_level":19}}