{"host":"swphzoo6hmc78epl","time":1607812240,"event":{"mods":["BaseMod","Highlight Path","Minty Spire (QoL Compilation)","Quick Restart"],"gold_per_floor":[109,128,147,167,177,177,187,198,198,198,198,198,148,38,38,38,38],"floor_reached":16,"playtime":615,"items_purged":["Strike_P"],"score":113,"play_id":"d54a4f01-c58e-4077-b0ec-fa7a8041d1c4","local_time":"20201212173040","is_ascension_mode":true,"campfire_choices":[{"data":"Scrawl","floor":6,"key":"SMITH"},{"data":"Study","floor":12,"key":"SMITH"},{"data":"FlurryOfBlows","floor":15,"key":"SMITH"}],"circlet_count":0,"master_deck":["Strike_P","Strike_P","Defend_P+1","Defend_P+1","Defend_P","Defend_P","Eruption","Vigilance","ClearTheMind","Indignation","FlurryOfBlows","FlurryOfBlows+1","Scrawl+1","Tantrum","FollowUp","Study+1","MentalFortress"],"relics":["PureWater","Bottled Flame","Prayer Wheel"],"acts_visited":["Exordium"],"potions_floor_usage":[8,8,8],"damage_taken":[{"damage":4,"enemies":"2 Louse","floor":1,"turns":3},{"damage":2,"enemies":"Cultist","floor":2,"turns":4},{"damage":1,"enemies":"Small Slimes","floor":3,"turns":3},{"damage":3,"enemies":"Blue Slaver","floor":4,"turns":3},{"damage":17,"enemies":"Lots of Slimes","floor":5,"turns":4},{"damage":0,"enemies":"Red Slaver","floor":7,"turns":2},{"damage":0,"enemies":"Gremlin Gang","floor":8,"turns":1},{"damage":13,"enemies":"The Guardian","floor":16,"turns":5}],"seed_played":"-580510025016557395","potions_obtained":[{"floor":2,"key":"GamblersBrew"},{"floor":5,"key":"DuplicationPotion"},{"floor":7,"key":"AttackPotion"}],"is_trial":false,"path_per_floor":["M","M","M","M","M","R","M","M","T","?","?","R","?","$","R","B"],"character_chosen":"WATCHER","items_purchased":["MentalFortress"],"campfire_rested":0,"item_purchase_floors":[14],"current_hp_per_floor":[68,66,65,62,45,45,45,45,45,27,13,13,13,13,13,0,0],"gold":38,"neow_bonus":"THREE_CARDS","is_daily":false,"chose_seed":false,"campfire_upgraded":3,"win_rate":0.0,"timestamp":1607812240,"path_taken":["M","M","M","M","M","R","M","M","T","?","?","R","?","$","R","BOSS"],"items_purchased_type":["Card"],"build_version":"2020-11-30","purchased_purges":1,"victory":false,"max_hp_per_floor":[72,72,72,72,72,72,72,72,72,72,72,72,72,72,72,72,72],"card_choices":[{"not_picked":["Adaptation","WreathOfFlame"],"picked":"ClearTheMind","floor":0},{"not_picked":["CrushJoints","Halt"],"picked":"Indignation","floor":1},{"not_picked":["WreathOfFlame","Tantrum"],"picked":"FlurryOfBlows","floor":2},{"not_picked":["Prostrate","EmptyBody"],"picked":"FlurryOfBlows","floor":3},{"not_picked":["EmptyBody","ClearTheMind"],"picked":"Scrawl","floor":4},{"not_picked":["WindmillStrike","Halt"],"picked":"Tantrum","floor":5},{"not_picked":["EmptyFist","Vengeance"],"picked":"FollowUp","floor":7},{"not_picked":["ThirdEye","Weave"],"picked":"Study","floor":8}],"player_experience":726498,"relics_obtained":[{"floor":9,"key":"Bottled Flame"}],"event_choices":[{"damage_healed":0,"gold_gain":0,"player_choice":"Success","damage_taken":18,"relics_obtained":["Prayer Wheel"],"max_hp_gain":0,"max_hp_loss":0,"event_name":"Scrap Ooze","floor":10,"gold_loss":0},{"damage_healed":0,"gold_gain":0,"player_choice":"Entered Light","damage_taken":14,"max_hp_gain":0,"max_hp_loss":0,"event_name":"Shining Light","floor":11,"gold_loss":0,"cards_upgraded":["Defend_P","Defend_P"]},{"cards_removed":["Strike_P"],"damage_healed":0,"gold_gain":0,"player_choice":"Card Removal","damage_taken":0,"max_hp_gain":0,"max_hp_loss":0,"event_name":"The Cleric","floor":13,"gold_loss":50}],"is_beta":false,"boss_relics":[],"items_purged_floors":[14],"is_endless":false,"potions_floor_spawned":[2,5,7],"killed_by":"The Guardian","ascension_level":4}}