{"host":"mbjdlts9b6456t85","time":1607791080,"event":{"mods":["2.2 Compatiblity","AchievementEnabler","Aspiration","BaseMod","Better Altar","Better Match","Better Note","Better Sensory Stone","Better Skull","Better Third Choice","BetterRewards","CCEM","Clawfect","Colored Map","Conspire","Downfall","GifTheSpireLib","Googly Eyes","Halation","Highlight Path","Hubris","Minty Spire (QoL Compilation)","Permanent Neow","Replay The Spire","Shop Mod","Spicy Shops","StSLib","Stuff the Spire","Unceasing Turn Reminder","everything is the same but u backflip on backflip"],"gold_per_floor":[0,31,31,31,42,0,25,36,36,69,69,79,7,7,20,115,115,94,94,110,17,29,49,49,77,77,77],"floor_reached":26,"playtime":2666,"items_purged":[],"score":234,"play_id":"7190c215-be51-4de5-88f4-fe0547b5fb28","local_time":"20201212113800","is_ascension_mode":false,"campfire_choices":[{"floor":1,"key":"RECALL"},{"data":"Slimebound:Split","floor":3,"key":"SMITH"},{"data":"Slimebound:SplitAcid","floor":9,"key":"SMITH"}],"circlet_count":0,"master_deck":["Slimebound:Strike_Slimebound","Slimebound:Strike_Slimebound","Slimebound:Strike_Slimebound","Slimebound:Tackle","Slimebound:Defend_Slimebound","Slimebound:Defend_Slimebound","Slimebound:Defend_Slimebound","Slimebound:Defend_Slimebound","Slimebound:Split+1","Slimebound:CorrosiveSpit","Slimebound:OneTwoCombo","Slimebound:Schlurp","Injury","Slimebound:PressTheAttack+1","Slimebound:FinishingTackle+1","Slimebound:SplitAcid+1","Slimebound:SplitBruiser","Slimebound:TongueLash+1","Slimebound:DisruptingSlam+1","Slimebound:Repurpose","Slimebound:OozeBath+1","Pain","sneckomod:Bewildered","hubris:Despair","Slimebound:ForwardTackle+1","Slimebound:SplitLeeching","Slimebound:RollThrough+1","Slimebound:SlimeBrawl","Slimebound:SlimeSpikes"],"relics":["Slimebound:AbsorbEndCombat","Replay:Mystery Machine","Molten Egg 2","Strawberry","Ring of Hypnosis","Ring of Panic","Replay:Ancient Bell","halation:PrussianBluePaint","Kunai","halation:PenCase","downfall:HeartBlessingRed","Replay:Towering Pillar of Hats","conspire:TopHat"],"acts_visited":["Exordium","TheCity"],"potions_floor_usage":[22,22,25,25],"damage_taken":[{"damage":41,"enemies":"Gremlin Nob","floor":2,"turns":4},{"damage":9,"enemies":"Jaw Worm","floor":5,"turns":2},{"damage":9,"enemies":"downfall:FleeingMerchant","floor":6,"turns":4},{"damage":14,"enemies":"2 Louse","floor":8,"turns":2},{"damage":14,"enemies":"Lagavulin","floor":10,"turns":6},{"damage":8,"enemies":"Cultist","floor":12,"turns":2},{"damage":27,"enemies":"downfall:FleeingMerchant","floor":13,"turns":4},{"damage":12,"enemies":"Red Slaver","floor":15,"turns":2},{"damage":19,"enemies":"downfall:CharBossWatcher","floor":16,"turns":6},{"damage":34,"enemies":"Shell Parasite","floor":20,"turns":6},{"damage":22,"enemies":"downfall:FleeingMerchant","floor":21,"turns":4},{"damage":20,"enemies":"Spheric Guardian","floor":22,"turns":3},{"damage":44,"enemies":"3 Cultists","floor":23,"turns":5},{"damage":42,"enemies":"Book of Stabbing","floor":25,"turns":3},{"damage":25,"enemies":"Sentry and Sphere","floor":26,"turns":3}],"seed_played":"-8788759638994425993","potions_obtained":[{"floor":8,"key":"sneckomod:MuddlingPotion"},{"floor":12,"key":"Adrenaline Potion"},{"floor":16,"key":"FearPotion"},{"floor":23,"key":"Fire Potion"}],"is_trial":false,"path_per_floor":["R_BF","E","R","?","M","$","T","M","R","E","?","M","$","?","M","B",null,"R_BF","?","M","$","M","M","T","E","M"],"character_chosen":"SLIMEBOUND","items_purchased":["Slimebound:FinishingTackle+1","Slimebound:DisruptingSlam+1","Slimebound:SplitLeeching"],"campfire_rested":0,"item_purchase_floors":[6,13,21],"current_hp_per_floor":[60,38,38,38,41,52,52,50,50,67,67,67,67,67,67,67,67,67,67,61,67,47,35,35,21,0,0],"gold":77,"neow_bonus":"THREE_RARE_CARDS","is_daily":false,"chose_seed":false,"campfire_upgraded":2,"win_rate":0.0,"timestamp":1607791080,"path_taken":["R_BF","E","R","?","M","$","T","M","R","E","?","?","?","?","M","BOSS","R_BF","?","M","$","M","M","T","E","M"],"items_purchased_type":["Card","Card","Card"],"build_version":"2020-11-30","purchased_purges":0,"victory":false,"max_hp_per_floor":[60,60,60,60,60,60,60,60,60,67,67,67,67,67,67,67,67,67,67,67,67,67,67,67,67,67,67],"card_choices":[{"not_picked":["Slimebound:MassRepurpose","Slimebound:RallyTheTroops"],"picked":"Slimebound:OneTwoCombo","floor":0},{"not_picked":["Slimebound:SlimeSpikes","Slimebound:LeechingTouch"],"picked":"Slimebound:Schlurp","floor":2},{"not_picked":["Slimebound:RollThrough+1","Slimebound:SlimeSpikes"],"picked":"Slimebound:PressTheAttack+1","floor":5},{"not_picked":["Slimebound:SpikyOuterGoop","Slimebound:SamplingLick"],"picked":"Slimebound:SplitAcid","floor":8},{"not_picked":["Slimebound:ProtectTheBoss","Slimebound:GoopSpray"],"picked":"Slimebound:SplitBruiser","floor":10},{"not_picked":["Slimebound:ComboTackle+1","Slimebound:ViciousTackle+1"],"picked":"Slimebound:TongueLash+1","floor":12},{"not_picked":["Slimebound:MassRepurpose","Slimebound:FinishingTackle+1"],"picked":"Slimebound:Repurpose","floor":15},{"not_picked":["Slimebound:PrepareCrush","Slimebound:SlimeSlap+1"],"picked":"Slimebound:OozeBath","floor":16},{"not_picked":["conspire:NecroticWound","conspire:Blindness"],"picked":"Pain","floor":17},{"not_picked":["Normality","hubris:Envy"],"picked":"sneckomod:Bewildered","floor":17},{"not_picked":["Voices","Replay:Hysterical Blindness"],"picked":"hubris:Despair","floor":17},{"not_picked":["Slimebound:PrepareCrush","Slimebound:SplitBruiser"],"picked":"Slimebound:ForwardTackle+1","floor":20},{"not_picked":["Slimebound:SplitAcid+1","Slimebound:TongueLash+1"],"picked":"Slimebound:RollThrough+1","floor":22},{"not_picked":["Slimebound:SplitAcid","Slimebound:Repurpose"],"picked":"Slimebound:SlimeBrawl","floor":23},{"not_picked":["Slimebound:SplitLeeching","Slimebound:FinishingTackle+1"],"picked":"Slimebound:SlimeSpikes","floor":25}],"player_experience":408599,"relics_obtained":[{"floor":2,"key":"Replay:Mystery Machine"},{"floor":10,"key":"Strawberry"},{"floor":14,"key":"Ring of Hypnosis"},{"floor":14,"key":"Ring of Panic"},{"floor":24,"key":"Replay:Towering Pillar of Hats"},{"floor":25,"key":"conspire:TopHat"}],"event_choices":[{"damage_healed":0,"gold_gain":0,"player_choice":"Leave","damage_taken":0,"max_hp_gain":0,"max_hp_loss":0,"event_name":"FaceTrader","floor":11,"gold_loss":0},{"damage_healed":0,"gold_gain":0,"player_choice":"Upgraded","damage_taken":0,"max_hp_gain":0,"max_hp_loss":0,"event_name":"Upgrade Shrine","floor":19,"gold_loss":0,"cards_upgraded":["Slimebound:OozeBath"]}],"is_beta":false,"boss_relics":[{"not_picked":["halation:Yufonium","Runic Pyramid"],"picked":"Replay:Ancient Bell"},{"not_picked":["aspiration:HiddenCompartment","CCEMRelics:GrindingGear"],"picked":"halation:PrussianBluePaint"},{"not_picked":["aspiration:SeaSaltIceCream","InkBottle"],"picked":"Kunai"},{"not_picked":["Unceasing Top","Lizard Tail"],"picked":"halation:PenCase"}],"items_purged_floors":[],"is_endless":false,"potions_floor_spawned":[8,12,16,23],"killed_by":"Sentry and Sphere","ascension_level":0}}