{"host":"o7j6aatxjwpw1421","time":1607755418,"event":{"mods":["2.2 Compatiblity","BaseMod","Colored Map","DeckTracker","Highlight Path","Keyboard Shortcuts","Minty Spire (QoL Compilation)","Permanent Neow","Quick Restart","StSLib","SuperFastMode","everything is the same but u backflip on backflip"],"gold_per_floor":[114,114,133,208,223,248,248,248,248,258,258,258,289,301,301,398,398,412,412,26,26,44,44,79,79,79,79,113,113,113,147,147,250,250,262,54,72,72,87,87,104,104,130,180,32,42,71,85,85,85],"floor_reached":51,"playtime":3228,"items_purged":["Defend_G","Parasite"],"score":1204,"play_id":"cfefd491-0cbb-4ed5-925f-764999f8738a","local_time":"20201212154338","is_ascension_mode":true,"campfire_choices":[{"floor":8.0,"key":"REST"},{"data":"Dagger Throw","floor":12.0,"key":"SMITH"},{"floor":15.0,"key":"REST"},{"data":"Footwork","floor":23.0,"key":"SMITH"},{"data":"Adrenaline","floor":25.0,"key":"SMITH"},{"data":"Tactician","floor":27.0,"key":"SMITH"},{"floor":30.0,"key":"REST"},{"floor":32.0,"key":"REST"},{"floor":40,"key":"REST"},{"data":"Adrenaline","floor":49,"key":"SMITH"}],"circlet_count":0,"master_deck":["AscendersBane","Defend_G","Defend_G","Defend_G","Defend_G","Survivor","Neutralize","Flying Knee+1","Quick Slash","Poisoned Stab+1","Tactician+1","Adrenaline+1","Dagger Throw+1","Die Die Die+1","Footwork+1","Underhanded Strike+1","Bite+1","Bite+1","Bite+1","Bite+1","Bite+1","Adrenaline+1","Prepared+1","Dramatic Entrance+1","PiercingWail","Escape Plan","Mind Blast+1","Reflex","Masterful Stab+1","Cloak And Dagger"],"relics":["Ring of the Snake","Pear","Kunai","Shuriken","Molten Egg 2","Question Card","Busted Crown","Ice Cream","Nilry\u0027s Codex","Lizard Tail","InkBottle","Red Mask","Bronze Scales","WristBlade","PreservedInsect","Tingsha","Whetstone"],"acts_visited":["Exordium","TheCity","TheBeyond"],"potions_floor_usage":[47,50,50],"damage_taken":[{"damage":0.0,"enemies":"2 Louse","floor":1.0,"turns":2.0},{"damage":0.0,"enemies":"Jaw Worm","floor":3.0,"turns":4.0},{"damage":0.0,"enemies":"Small Slimes","floor":5.0,"turns":3.0},{"damage":35.0,"enemies":"Gremlin Nob","floor":6.0,"turns":5.0},{"damage":3.0,"enemies":"Blue Slaver","floor":10.0,"turns":4.0},{"damage":27.0,"enemies":"Lagavulin","floor":13.0,"turns":7.0},{"damage":0.0,"enemies":"2 Fungi Beasts","floor":14.0,"turns":3.0},{"damage":14.0,"enemies":"Slime Boss","floor":16.0,"turns":12.0},{"damage":9.0,"enemies":"Shell Parasite","floor":18.0,"turns":5.0},{"damage":0.0,"enemies":"3 Byrds","floor":22.0,"turns":4.0},{"damage":0.0,"enemies":"Gremlin Leader","floor":24.0,"turns":5.0},{"damage":14.0,"enemies":"Masked Bandits","floor":28.0,"turns":4.0},{"damage":24.0,"enemies":"Book of Stabbing","floor":31.0,"turns":5.0},{"damage":53.0,"enemies":"Collector","floor":33.0,"turns":10.0},{"damage":19.0,"enemies":"3 Darklings","floor":35.0,"turns":4.0},{"damage":22,"enemies":"3 Shapes","floor":37,"turns":3},{"damage":26,"enemies":"Transient","floor":39,"turns":5},{"damage":10,"enemies":"Writhing Mass","floor":41,"turns":5},{"damage":0,"enemies":"Mind Bloom Boss Battle","floor":44,"turns":4},{"damage":19,"enemies":"Spire Growth","floor":46,"turns":4},{"damage":0,"enemies":"Reptomancer","floor":47,"turns":2},{"damage":16,"enemies":"3 Darklings","floor":48,"turns":2},{"damage":27,"enemies":"Awakened One","floor":50,"turns":8}],"seed_played":"8682238345603342491","potions_obtained":[{"floor":3.0,"key":"Poison Potion"},{"floor":16.0,"key":"ColorlessPotion"},{"floor":18.0,"key":"SneckoOil"},{"floor":24.0,"key":"Weak Potion"},{"floor":28.0,"key":"Strength Potion"},{"floor":44,"key":"SkillPotion"},{"floor":46,"key":"GamblersBrew"},{"floor":47,"key":"Weak Potion"}],"is_trial":false,"path_per_floor":["M","?","M","?","M","E","T","R","T","M","?","R","E","M","R","B",null,"M","?","$","?","M","R","E","R","T","R","?","?","R","E","R","B",null,"M","$","M","?","M","R","M","?","T","?","$","M","E","M","R","B",null],"character_chosen":"THE_SILENT","items_purchased":["Ice Cream","Footwork","Dramatic Entrance+1","PiercingWail","Cloak And Dagger"],"campfire_rested":5,"item_purchase_floors":[20,20,36,36,45],"current_hp_per_floor":[63,56,56,45,45,20,20,44,44,41,29,29,2,2,26,12,63,54,39,39,23,23,23,23,23,23,23,9,9,26,20,37,21,50,43,43,33,23,18,35,49,49,49,56,53,41,47,40,40,43],"gold":85,"neow_bonus":"TRANSFORM_CARD","is_daily":false,"chose_seed":false,"campfire_upgraded":5,"win_rate":0.0,"timestamp":1607755418,"path_taken":["M","?","M","?","M","E","?","R","T","M","?","R","E","?","R","BOSS","M","?","$","?","M","R","E","R","T","R","?","?","R","E","R","BOSS","M","$","M","?","M","R","M","?","T","?","$","M","E","M","R","BOSS"],"items_purchased_type":["Relic","Card","Card","Card","Card"],"build_version":"2020-11-30","purchased_purges":2,"victory":true,"max_hp_per_floor":[70,70,70,70,70,80,80,80,80,80,80,80,80,80,80,80,80,80,85,85,85,85,85,85,85,85,85,85,59,59,59,59,59,59,59,59,59,59,59,59,59,56,56,56,53,53,53,53,53,53],"card_choices":[{"not_picked":["Deadly Poison","Flying Knee"],"picked":"Quick Slash","floor":1.0},{"not_picked":["Bouncing Flask","Cloak And Dagger"],"picked":"Poisoned Stab","floor":3.0},{"not_picked":["Choke","Dash"],"picked":"Tactician","floor":5.0},{"not_picked":["Eviscerate","Setup"],"picked":"Adrenaline","floor":6.0},{"not_picked":["Dagger Spray","Expertise"],"picked":"Dagger Throw","floor":10.0},{"not_picked":["Bane+1","Flying Knee+1","Deadly Poison"],"picked":"SKIP","floor":13.0},{"not_picked":["Slice+1","Flying Knee+1","Sucker Punch+1","Quick Slash+1"],"picked":"SKIP","floor":14.0},{"not_picked":["Malaise","Phantasmal Killer","Burst"],"picked":"Die Die Die+1","floor":16.0},{"not_picked":["Outmaneuver","Setup"],"picked":"SKIP","floor":18.0},{"not_picked":["Skewer+1","Heel Hook+1"],"picked":"SKIP","floor":22.0},{"not_picked":["Dagger Spray+1","Wraith Form v2"],"picked":"SKIP","floor":24.0},{"not_picked":["Skewer+1"],"picked":"Underhanded Strike+1","floor":28.0},{"not_picked":["All Out Attack+1","Distraction"],"picked":"SKIP","floor":31.0},{"not_picked":["Bullet Time"],"picked":"Adrenaline","floor":33.0},{"not_picked":["Deadly Poison"],"picked":"Prepared+1","floor":35.0},{"not_picked":["Prepared"],"picked":"Escape Plan","floor":37},{"not_picked":["Bandage Up"],"picked":"Mind Blast+1","floor":38},{"not_picked":["Endless Agony+1"],"picked":"Reflex","floor":39},{"not_picked":["Dagger Throw+1","Deadly Poison"],"picked":"SKIP","floor":41},{"not_picked":["Quick Slash+1"],"picked":"Masterful Stab+1","floor":44},{"not_picked":["Sucker Punch+1","Flechettes+1"],"picked":"SKIP","floor":46},{"not_picked":["Quick Slash+1","Masterful Stab+1"],"picked":"SKIP","floor":47},{"not_picked":["Flying Knee+1","Bane+1"],"picked":"SKIP","floor":48}],"player_experience":205535,"relics_obtained":[{"floor":6.0,"key":"Pear"},{"floor":7.0,"key":"Kunai"},{"floor":9.0,"key":"Shuriken"},{"floor":13.0,"key":"Question Card"},{"floor":21.0,"key":"Nilry\u0027s Codex"},{"floor":24.0,"key":"Lizard Tail"},{"floor":26.0,"key":"InkBottle"},{"floor":28.0,"key":"Red Mask"},{"floor":31.0,"key":"Bronze Scales"},{"floor":43,"key":"PreservedInsect"},{"floor":44,"key":"Tingsha"},{"floor":47,"key":"Whetstone"}],"event_choices":[{"cards_removed":["Strike_G"],"damage_healed":0.0,"max_hp_gain":0.0,"max_hp_loss":0.0,"gold_gain":0.0,"event_name":"Golden Wing","player_choice":"Card Removal","floor":2.0,"gold_loss":0.0,"damage_taken":7.0},{"damage_healed":0.0,"max_hp_gain":0.0,"max_hp_loss":0.0,"gold_gain":75.0,"event_name":"World of Goop","player_choice":"Gather Gold","floor":4.0,"gold_loss":0.0,"damage_taken":11.0},{"damage_healed":0.0,"max_hp_gain":0.0,"max_hp_loss":0.0,"gold_gain":0.0,"event_name":"Scrap Ooze","player_choice":"Success","floor":11.0,"gold_loss":0.0,"damage_taken":12.0,"relics_obtained":["Molten Egg 2"]},{"damage_healed":0.0,"max_hp_gain":5.0,"max_hp_loss":0.0,"gold_gain":0.0,"event_name":"Forgotten Altar","player_choice":"Shed Blood","floor":19.0,"gold_loss":0.0,"damage_taken":20.0},{"damage_healed":0.0,"max_hp_gain":0.0,"max_hp_loss":0.0,"gold_gain":0.0,"event_name":"Cursed Tome","player_choice":"Obtained Book","floor":21.0,"gold_loss":0.0,"damage_taken":16.0},{"damage_healed":0.0,"max_hp_gain":0.0,"max_hp_loss":0.0,"gold_gain":0.0,"event_name":"Masked Bandits","player_choice":"Fought Bandits","floor":28.0,"gold_loss":0.0,"damage_taken":0.0},{"damage_healed":0.0,"max_hp_gain":0.0,"max_hp_loss":26.0,"gold_gain":0.0,"event_name":"Vampires","player_choice":"Became a vampire","floor":29.0,"gold_loss":0.0,"damage_taken":0.0,"cards_obtained":["Bite","Bite","Bite","Bite","Bite"]},{"damage_healed":0,"gold_gain":0,"player_choice":"Memory 3","damage_taken":10,"max_hp_gain":0,"max_hp_loss":0,"event_name":"SensoryStone","floor":38,"gold_loss":0},{"damage_healed":0,"gold_gain":0,"player_choice":"Max HP","damage_taken":0,"max_hp_gain":0,"max_hp_loss":3,"event_name":"Winding Halls","floor":42,"gold_loss":0},{"damage_healed":0,"gold_gain":0,"player_choice":"Fight","damage_taken":0,"max_hp_gain":0,"max_hp_loss":0,"event_name":"MindBloom","floor":44,"gold_loss":0}],"is_beta":false,"boss_relics":[{"not_picked":["Philosopher\u0027s Stone","Coffee Dripper"],"picked":"Busted Crown"},{"not_picked":["Ring of the Serpent","Velvet Choker"],"picked":"WristBlade"}],"items_purged_floors":[36,45],"is_endless":false,"potions_floor_spawned":[3,16,18,24,28,44,46,47],"ascension_level":12}}