{"host":"kw4o7b3ro2ktmmbe","time":1607816164,"event":{"mods":["BaseMod","Gremlin Mod","Minty Spire (QoL Compilation)","StSLib","Treasure Hunter"],"gold_per_floor":[119,119,119,132,152,152,163,163,163,183,183,183,195,209,209,305,305,323,283,41,45,56,56,56,107,133,165,177,177,197,218,218,314,314,333,343,343,363,374,374,394,394,394],"floor_reached":42,"playtime":6007,"items_purged":[],"score":486,"play_id":"005fe8c4-4513-4bac-b9df-dcec7acf0440","local_time":"20201213123604","is_ascension_mode":false,"campfire_choices":[{"data":"Gremlin:MakeshiftArmor","floor":6.0,"key":"SMITH"},{"data":"Gremlin:IrksomeBlow","floor":8.0,"key":"SMITH"},{"data":"Gremlin:Pinprick","floor":11.0,"key":"SMITH"},{"data":"Gremlin:GremlinMeal","floor":24.0,"key":"SMITH"},{"data":"Gremlin:ShadowShiv","floor":40.0,"key":"SMITH"}],"circlet_count":0,"master_deck":["Gremlin:Strike","Gremlin:Strike","Gremlin:Strike+1","Gremlin:Strike","Gremlin:Defend","Gremlin:Defend","Gremlin:Defend","Gremlin:Defend","Gremlin:GremlinDance+1","Gremlin:FanOfKnives","Gremlin:MakeshiftArmor+1","Gremlin:IrksomeBlow+1","TH:DeckOfManyThings","Gremlin:Pinprick+1","Gremlin:Necromancy","TH:CopperCoins","Gremlin:Fury","CurseOfTheBell","Gremlin:Rhythm+1","Gremlin:GremlinMeal+1","Gremlin:EdibleArmor+1","TH:CopperCoins","Gremlin:AggressiveDefense+1","TH:TreasureMap","TH:CursedSword","TH:BikiniMail","Gremlin:FollowThrough+1","Gremlin:Glimmer","Gremlin:IrksomeBlow+1","TH:ArmorSpikes","Gremlin:ShadowShiv+1","Gremlin:GremlinMeal+1","Gremlin:Patsy+1","Gremlin:CatScratch+1","Gremlin:FairyDust","Gremlin:Enthusiasm+1"],"relics":["Gremlin:GremlinKnob","Gremlin:SupplyScroll","Calling Bell","Anchor","Eternal Feather","Dead Branch","Kunai","MealTicket","Whetstone","Strawberry","Regal Pillow","SlaversCollar"],"acts_visited":["Exordium","TheCity","TheBeyond"],"potions_floor_usage":[41,42],"damage_taken":[{"damage":0.0,"enemies":"Small Slimes","floor":1.0,"turns":2.0},{"damage":0.0,"enemies":"2 Louse","floor":4.0,"turns":2.0},{"damage":5.0,"enemies":"Cultist","floor":5.0,"turns":4.0},{"damage":19.0,"enemies":"Exordium Thugs","floor":7.0,"turns":3.0},{"damage":8.0,"enemies":"Exordium Wildlife","floor":10.0,"turns":3.0},{"damage":2.0,"enemies":"Red Slaver","floor":13.0,"turns":5.0},{"damage":5.0,"enemies":"Large Slime","floor":14.0,"turns":6.0},{"damage":51.0,"enemies":"Slime Boss","floor":16.0,"turns":11.0},{"damage":0.0,"enemies":"Chosen","floor":18.0,"turns":6.0},{"damage":30.0,"enemies":"2 Thieves","floor":21.0,"turns":5.0},{"damage":0.0,"enemies":"Centurion and Healer","floor":22.0,"turns":9.0},{"damage":0.0,"enemies":"Gremlin Leader","floor":23.0,"turns":1.0},{"damage":4.0,"enemies":"Slavers","floor":27.0,"turns":6.0},{"damage":0.0,"enemies":"Cultist and Chosen","floor":28.0,"turns":7.0},{"damage":29.0,"enemies":"Snecko","floor":30.0,"turns":6.0},{"damage":13.0,"enemies":"Shelled Parasite and Fungi","floor":31.0,"turns":4.0},{"damage":57.0,"enemies":"Automaton","floor":33.0,"turns":8.0},{"damage":5.0,"enemies":"3 Shapes","floor":35.0,"turns":19.0},{"damage":10.0,"enemies":"Orb Walker","floor":36.0,"turns":3.0},{"damage":0.0,"enemies":"Spire Growth","floor":38.0,"turns":3.0},{"damage":11.0,"enemies":"3 Darklings","floor":39.0,"turns":3.0},{"damage":15,"enemies":"Maw","floor":41,"turns":5},{"damage":6,"enemies":"Nemesis","floor":42,"turns":2}],"seed_played":"6231734626854212166","potions_obtained":[{"floor":1.0,"key":"AttackPotion"},{"floor":5.0,"key":"Explosive Potion"},{"floor":10.0,"key":"DistilledChaos"},{"floor":13.0,"key":"Explosive Potion"},{"floor":19.0,"key":"Regen Potion"},{"floor":19.0,"key":"Ancient Potion"},{"floor":19.0,"key":"LiquidBronze"},{"floor":21.0,"key":"AttackPotion"},{"floor":31.0,"key":"BlessingOfTheForge"},{"floor":33.0,"key":"Ancient Potion"},{"floor":38.0,"key":"BlessingOfTheForge"},{"floor":39.0,"key":"LiquidMemories"}],"is_trial":false,"path_per_floor":["M","?","?","M","M","R","M","R","T","M","R","?","M","M","R","B",null,"M","?","$","M","M","E","R","T","T","E","M","?","M","M","R","B",null,"M","M","?","M","M","R","M","E"],"character_chosen":"GREMLIN","items_purchased":["Kunai"],"campfire_rested":0,"item_purchase_floors":[20],"current_hp_per_floor":[21,21,21,21,17,17,21,21,21,21,21,21,19,13,13,13,20,20,20,20,20,16,16,20,20,20,22,22,22,11,9,21,21,21,4,17,17,17,6,21,6,0,0],"gold":394,"neow_bonus":"TEN_PERCENT_HP_BONUS","is_daily":false,"chose_seed":false,"campfire_upgraded":5,"win_rate":0.0,"timestamp":1607816164,"path_taken":["M","?","?","M","M","R","M","R","T","M","R","?","M","M","R","BOSS","M","?","?","?","M","E","R","?","T","E","M","?","M","M","R","BOSS","M","M","?","?","M","R","M","E"],"items_purchased_type":["Relic"],"build_version":"2020-11-30","purchased_purges":0,"victory":false,"max_hp_per_floor":[21,21,21,21,21,21,21,21,21,21,21,21,21,21,20,20,20,20,20,20,20,20,20,20,20,20,22,22,22,22,22,21,21,21,21,21,21,21,21,21,21,21,21],"card_choices":[{"not_picked":["Gremlin:Rhythm","Gremlin:TwistTheKnife","Gremlin:Tricksy"],"picked":"SKIP","floor":1.0},{"not_picked":["Gremlin:BubbleBarrier","Gremlin:GremlinArms"],"picked":"Gremlin:FanOfKnives","floor":4.0},{"not_picked":["Gremlin:PartyStick","Gremlin:GremlinArms"],"picked":"Gremlin:MakeshiftArmor","floor":5.0},{"not_picked":["Gremlin:GlitterGuard","Gremlin:ShowOfHands"],"picked":"Gremlin:IrksomeBlow","floor":7.0},{"not_picked":["TH:CopperCoins"],"picked":"TH:DeckOfManyThings","floor":9.0},{"not_picked":["Gremlin:BubbleBarrier","Gremlin:BulkUp"],"picked":"Gremlin:Pinprick","floor":10.0},{"not_picked":["Gremlin:Tadah","Gremlin:BulkUp","Gremlin:PourSalt"],"picked":"SKIP","floor":13.0},{"not_picked":["Gremlin:ToeStub","Gremlin:Glimmer"],"picked":"Gremlin:Necromancy","floor":14.0},{"not_picked":["TH:BikiniMail"],"picked":"TH:CopperCoins","floor":16.0},{"not_picked":["Gremlin:BrokenShin","Gremlin:Exacerbate"],"picked":"Gremlin:Fury","floor":16.0},{"not_picked":["Gremlin:BubbleBarrier","Gremlin:BulkUp"],"picked":"Gremlin:Rhythm+1","floor":18.0},{"not_picked":["Gremlin:Tadah","Gremlin:Presto+1"],"picked":"Gremlin:GremlinMeal","floor":21.0},{"not_picked":["Gremlin:Tricksy+1","Gremlin:Heckle"],"picked":"Gremlin:EdibleArmor+1","floor":22.0},{"not_picked":["TH:PixieDust"],"picked":"TH:CopperCoins","floor":23.0},{"not_picked":["Gremlin:FanOfKnives","Gremlin:PourSalt"],"picked":"Gremlin:AggressiveDefense","floor":23.0},{"not_picked":["TH:BikiniMail"],"picked":"TH:TreasureMap","floor":25.0},{"not_picked":["TH:ElvenBoots"],"picked":"TH:CursedSword","floor":26.0},{"not_picked":["TH:PixieDust"],"picked":"TH:BikiniMail","floor":27.0},{"not_picked":["Gremlin:CatScratch","Gremlin:Irritability+1"],"picked":"Gremlin:FollowThrough+1","floor":27.0},{"not_picked":["Gremlin:AggressiveDefense","Gremlin:GlitterGuard","Gremlin:Whiz"],"picked":"SKIP","floor":28.0},{"not_picked":["Gremlin:GlitterGuard","Gremlin:Presto"],"picked":"Gremlin:Glimmer","floor":30.0},{"not_picked":["Gremlin:GremlinMeal","Gremlin:ProperTools"],"picked":"Gremlin:IrksomeBlow+1","floor":31.0},{"not_picked":["TH:CopperCoins"],"picked":"TH:ArmorSpikes","floor":33.0},{"not_picked":["Gremlin:FlipOut","Gremlin:TargetWeakness"],"picked":"Gremlin:ShadowShiv","floor":33.0},{"not_picked":["Gremlin:PartyStick+1","Gremlin:TwistTheKnife"],"picked":"Gremlin:GremlinMeal+1","floor":35.0},{"not_picked":["Gremlin:PourSalt+1","Gremlin:DaggerDance"],"picked":"Gremlin:Patsy+1","floor":36.0},{"not_picked":["Gremlin:Pretaliation+1","Gremlin:Raid+1"],"picked":"Gremlin:CatScratch+1","floor":38.0},{"not_picked":["Gremlin:GlitterGuard+1","Gremlin:Pretaliation+1"],"picked":"Gremlin:FairyDust","floor":39.0},{"not_picked":["Gremlin:DaggerDance+1","Gremlin:CatScratch+1"],"picked":"Gremlin:Enthusiasm+1","floor":41}],"player_experience":1723902,"relics_obtained":[{"floor":9.0,"key":"Gremlin:SupplyScroll"},{"floor":17.0,"key":"Anchor"},{"floor":17.0,"key":"Eternal Feather"},{"floor":17.0,"key":"Dead Branch"},{"floor":25.0,"key":"MealTicket"},{"floor":26.0,"key":"Whetstone"},{"floor":27.0,"key":"Strawberry"}],"event_choices":[{"damage_healed":0.0,"max_hp_gain":0.0,"max_hp_loss":0.0,"gold_gain":0.0,"event_name":"Living Wall","player_choice":"Grow","floor":2.0,"gold_loss":0.0,"damage_taken":0.0,"cards_upgraded":["Gremlin:GremlinDance"]},{"damage_healed":0.0,"max_hp_gain":0.0,"max_hp_loss":0.0,"gold_gain":0.0,"event_name":"Liars Game","player_choice":"Ignored","floor":3.0,"gold_loss":0.0,"damage_taken":0.0},{"cards_removed":["Gremlin:TagTeam"],"damage_healed":0.0,"max_hp_gain":0.0,"max_hp_loss":0.0,"gold_gain":0.0,"event_name":"Wheel of Change","player_choice":"Card Removal","floor":12.0,"gold_loss":0.0,"damage_taken":0.0},{"damage_healed":0.0,"max_hp_gain":0.0,"max_hp_loss":0.0,"gold_gain":0.0,"event_name":"The Woman in Blue","player_choice":"Bought 3 Potions","floor":19.0,"gold_loss":0.0,"damage_taken":0.0},{"damage_healed":0.0,"max_hp_gain":0.0,"max_hp_loss":0.0,"gold_gain":0.0,"event_name":"Addict","player_choice":"Stole Relic","floor":29.0,"gold_loss":0.0,"damage_taken":0.0,"relics_obtained":["Regal Pillow"],"cards_obtained":["Shame"]},{"cards_removed":["Shame"],"damage_healed":0.0,"max_hp_gain":0.0,"max_hp_loss":0.0,"gold_gain":0.0,"event_name":"Purifier","player_choice":"Purged","floor":37.0,"gold_loss":0.0,"damage_taken":0.0}],"is_beta":false,"boss_relics":[{"not_picked":["Pandora\u0027s Box","Black Star"],"picked":"Calling Bell"},{"not_picked":["Runic Pyramid","Velvet Choker"],"picked":"SlaversCollar"}],"items_purged_floors":[],"is_endless":false,"potions_floor_spawned":[1,5,10,13,21,23,31,33,38,39],"killed_by":"Nemesis","ascension_level":0}}