{"host":"mszes4kzl3qk0fcx","time":1607747628,"event":{"mods":["BaseMod","Minty Spire (QoL Compilation)","StSLib","The Administrix","The Animator"],"gold_per_floor":[131,306,15,32,32,32,79,103,103,115,147,164,204,102,102,199,199,210,226,236,256,256,256,256,256],"floor_reached":24,"playtime":6123,"items_purged":[],"score":246,"play_id":"af393b7a-4596-4d4a-85d3-d89549d58e0f","local_time":"20201211233347","is_ascension_mode":true,"campfire_choices":[{"data":"animator:AcuraAkari","floor":6.0,"key":"SMITH"},{"data":"animator:ChaikaTrabant","floor":15,"key":"SMITH"},{"floor":23,"key":"REST"}],"circlet_count":0,"master_deck":["animator:Strike_HitsugiNoChaika","animator:Defend_HitsugiNoChaika","animator:Strike","animator:Strike","animator:Strike","animator:Defend+1","animator:Defend+1","animator:Defend","animator:AcuraAkari+1","animator:Gillette","animator:Viivi","animator:Priestess+1","animator:Guy+1","animator:Layla","animator:Kazuma+1","animator:Layla","animator:Gillette","animator:ChaikaTrabant+1","animator:Fredrika+1","animator:Viivi","animator:Fredrika+1","animator:ChaikaTrabant","CurseOfTheBell","animator:Layla+1","animator:Kazuma+1","animator:ChaikaBohdan"],"relics":["animator:LivingPicture","animator:TheMissingPiece","Toxic Egg 2","Happy Flower","Pear","Calling Bell","War Paint","Blue Candle","Unceasing Top","MutagenicStrength"],"acts_visited":["Exordium","TheCity"],"potions_floor_usage":[20,24],"damage_taken":[{"damage":0.0,"enemies":"Small Slimes","floor":1.0,"turns":3.0},{"damage":12.0,"enemies":"2 Louse","floor":4.0,"turns":2.0},{"damage":14.0,"enemies":"3 Sentries","floor":7.0,"turns":10.0},{"damage":0.0,"enemies":"Cultist","floor":8.0,"turns":2.0},{"damage":1.0,"enemies":"Large Slime","floor":10.0,"turns":5.0},{"damage":9.0,"enemies":"Lagavulin","floor":11.0,"turns":4.0},{"damage":0.0,"enemies":"2 Fungi Beasts","floor":12.0,"turns":3.0},{"damage":3.0,"enemies":"Exordium Wildlife","floor":13.0,"turns":3.0},{"damage":14,"enemies":"The Guardian","floor":16,"turns":8},{"damage":0,"enemies":"3 Byrds","floor":18,"turns":3},{"damage":20,"enemies":"2 Thieves","floor":19,"turns":3},{"damage":15,"enemies":"Shelled Parasite and Fungi","floor":20,"turns":4},{"damage":26,"enemies":"Cultist and Chosen","floor":21,"turns":5},{"damage":62,"enemies":"Slavers","floor":24,"turns":5}],"seed_played":"4271621303686514346","potions_obtained":[{"floor":7.0,"key":"Fruit Juice"},{"floor":8.0,"key":"Block Potion"},{"floor":10.0,"key":"SkillPotion"},{"floor":19,"key":"Energy Potion"},{"floor":21,"key":"GamblersBrew"}],"is_trial":false,"path_per_floor":["M","?","$","M","?","R","E","M","T","M","E","M","M","$","R","B",null,"M","M","M","M","?","R","E"],"character_chosen":"THE_ANIMATOR","items_purchased":["Toxic Egg 2","animator:Priestess+1","animator:Viivi","animator:Fredrika+1"],"campfire_rested":1,"item_purchase_floors":[3,3,14,14],"current_hp_per_floor":[72,72,72,61,61,61,47,52,52,51,52,53,50,50,50,36,89,89,69,54,30,30,57,0,0],"gold":256,"neow_bonus":"TEN_PERCENT_HP_BONUS","is_daily":false,"chose_seed":false,"campfire_upgraded":2,"win_rate":0.0,"timestamp":1607747627,"path_taken":["M","?","$","M","?","R","E","M","T","M","E","?","M","$","R","BOSS","M","M","M","M","?","R","E"],"items_purchased_type":["Relic","Card","Card","Card"],"build_version":"2020-11-30","purchased_purges":0,"victory":false,"max_hp_per_floor":[72,72,72,73,73,73,73,78,78,78,88,89,89,89,89,89,89,89,89,89,91,91,91,91,91],"card_choices":[{"not_picked":["animator:Priestess","animator:Tatsumaki"],"picked":"animator:Viivi","floor":1.0},{"not_picked":["animator:Sloth","animator:LizardPriest+1"],"picked":"animator:Guy+1","floor":4.0},{"not_picked":["animator:Kuribayashi","animator:RoyMustang"],"picked":"animator:Layla","floor":7.0},{"not_picked":["animator:Wiz+1","animator:Mitsurugi"],"picked":"animator:Kazuma+1","floor":8.0},{"not_picked":["animator:Nanami+1","animator:Genos"],"picked":"animator:Layla","floor":10.0},{"not_picked":["animator:ElricEdward","animator:Hitei"],"picked":"animator:Gillette","floor":11.0},{"not_picked":["animator:Kuribayashi","animator:AcuraAkari+1"],"picked":"animator:ChaikaTrabant","floor":12.0},{"not_picked":["animator:ChaikaBohdan","animator:Gillette"],"picked":"animator:Fredrika+1","floor":13.0},{"not_picked":["animator:SwordMaiden+1","animator:HigakiRinne+1"],"picked":"animator:ChaikaTrabant","floor":16},{"not_picked":["animator:MaesHughes+1","animator:ElricAlphonse+1","animator:Tatsumaki+1"],"picked":"SKIP","floor":18},{"not_picked":["animator:MumenRider","animator:ElricEdward"],"picked":"animator:Layla+1","floor":19},{"not_picked":["animator:Spearman","animator:Saitama+1"],"picked":"animator:Kazuma+1","floor":20},{"not_picked":["animator:Gillette","animator:Guy+1"],"picked":"animator:ChaikaBohdan","floor":21}],"player_experience":477189,"relics_obtained":[{"floor":7.0,"key":"Happy Flower"},{"floor":11.0,"key":"Pear"},{"floor":17,"key":"War Paint"},{"floor":17,"key":"Blue Candle"},{"floor":17,"key":"Unceasing Top"}],"event_choices":[{"damage_healed":0.0,"max_hp_gain":0.0,"max_hp_loss":0.0,"gold_gain":175.0,"event_name":"Liars Game","player_choice":"AGREE","floor":2.0,"gold_loss":0.0,"damage_taken":0.0,"cards_obtained":["Doubt"]},{"cards_removed":["Doubt"],"damage_healed":0.0,"max_hp_gain":0.0,"max_hp_loss":0.0,"gold_gain":0.0,"event_name":"Purifier","player_choice":"Purged","floor":5.0,"gold_loss":0.0,"damage_taken":0.0},{"damage_healed":0,"gold_gain":0,"player_choice":"Inject Mutagens","damage_taken":0,"relics_obtained":["MutagenicStrength"],"max_hp_gain":0,"max_hp_loss":0,"event_name":"Drug Dealer","floor":22,"gold_loss":0}],"is_beta":false,"boss_relics":[{"not_picked":["Cursed Key","Empty Cage"],"picked":"Calling Bell"}],"items_purged_floors":[],"is_endless":false,"potions_floor_spawned":[7,8,10,19,21],"killed_by":"Slavers","ascension_level":1}}