{"host":"eb5p02stph7rbfhu","time":1607769685,"event":{"mods":["BaseMod","Colored Map","Colored Powertips","Defuse TimeMaze Blight","Downfall","Hubris","Infinite Spire","Minty Spire (QoL Compilation)","Replay The Spire","StSLib"],"gold_per_floor":[115,115,115,115,131,131,131,131,131,152,152,152,152,2,2,133,196,217,144,144,144,144,144,57,57,57,73,73,98,98,116,116,240,240,258,258,258,258,258,296,296,312,312,412,428,428,463,497,497,626,626,635,653,349,349,349,349,357,376,403,427,377,477,496,496,496,539,539,544,544,258,258,258,292,303,336,336,349,349,351,276,283,283,334,334,334],"floor_reached":85,"playtime":3862,"items_purged":["hubris:Despair","expansioncontent:AwakenDeath","Slimebound:FirmFortitude","ReplaySolidLightProjector","Leap"],"score":1921,"play_id":"5b2b0b48-56bb-4a36-b342-e7542c7be666","local_time":"20201212114125","daily_mods":["Draft","Diverse","Colorless Cards","Heirloom","Flight","Elite Swarm"],"is_ascension_mode":false,"campfire_choices":[{"data":"Flash of Steel","floor":6.0,"key":"SMITH"},{"data":"hubris:Fate","floor":12.0,"key":"SMITH"},{"data":"Toxin Wave","floor":13.0,"key":"SMITH"},{"floor":15.0,"key":"REST"},{"data":"RitualDagger","floor":32.0,"key":"SMITH"},{"data":"Feed","floor":46.0,"key":"SMITH"},{"data":"After Image","floor":46.0,"key":"SMITH"},{"data":"Flash of Steel","floor":49.0,"key":"SMITH"},{"data":"Panache","floor":49.0,"key":"SMITH"},{"data":"Replay:ManipulateFuture","floor":57.0,"key":"SMITH"},{"data":"Madness","floor":57.0,"key":"SMITH"},{"data":"Flex","floor":66.0,"key":"SMITH"},{"data":"Slimebound:MegaLick","floor":66.0,"key":"SMITH"},{"data":"Madness","floor":83.0,"key":"SMITH"},{"data":"JustLucky","floor":83.0,"key":"SMITH"}],"circlet_count":2,"master_deck":["Slice+1","PiercingWail+1","Outmaneuver+1","Cleave+1","Dodge and Roll","Flash of Steel+1","Backflip+1","Replay:ManipulateFuture+1","Guardian:Gem_White","ReplayTheSpireMod:Strike From Hell","Toxin Wave+1","Slice","hubris:Fate+1","Replay:SS_hec_1","Replay:Bootleg Shield Generator+1","infinitespire:Collect","RitualDagger+1","Flash of Steel+1","After Image+1","Panache+1","Madness+1","Madness+1","Feed+1","Buffer+1","Buffer","hubris:Fate+1","JustLucky+1","Slimebound:MegaLick+1","Flex+1","Go for the Eyes+1","hexamod:SixthSeal","infinitespire:Oblivion+1"],"relics":["Sizzling Blood","Gambling Chip","infinitespire:Cubic Diamond","Golden Idol","Oddly Smooth Stone","hubris:Icosahedron","hubris:PeanutButter","hubris:KleinBottle","Onion Ring","hubris:EmptyBottle","Tiny House","ReplayTheSpireMod:CursedCoin","Guardian:PocketSentry","MutagenicStrength","Potion Belt","Shuriken","hubris:BottledRain","hubris:VirtuousBlindfold","Coffee Dripper","hubris:TerracottaHorce","Centennial Puzzle","Replay:Arrowhead","infinitespire:WardingShard","hubris:ToyBattleship","hubris:ScarierMask","DollysMirror","Akabeko","infinitespire:PuzzleCube","Odd Mushroom","Blood Vial","infinitespire:FocusingShard","SacredBark","hubris:MedicalManual","SlaversCollar","Circlet","Molten Egg 2","sneckomod:BabySnecko","hubris:BundleOfHerbs","Replay:WaspNest","infinitespire:Magic Flask","Cauldron","Ring of Chaos"],"acts_visited":["Exordium","TheCity","TheBeyond","Exordium","TheCity"],"potions_floor_usage":[],"damage_taken":[{"damage":0.0,"enemies":"2 Louse","floor":1.0,"turns":2.0},{"damage":0.0,"enemies":"Small Slimes","floor":5.0,"turns":3.0},{"damage":0.0,"enemies":"Jaw Worm","floor":10.0,"turns":4.0},{"damage":0.0,"enemies":"Fading Forest","floor":16.0,"turns":2.0},{"damage":0.0,"enemies":"Shell Parasite","floor":18.0,"turns":2.0},{"damage":0.0,"enemies":"Spheric Guardian","floor":27.0,"turns":1.0},{"damage":0.0,"enemies":"Shelled Parasite and Fungi","floor":29.0,"turns":4.0},{"damage":0.0,"enemies":"Snecko","floor":31.0,"turns":1.0},{"damage":0.0,"enemies":"hubris:MusketHawk","floor":33.0,"turns":1.0},{"damage":0.0,"enemies":"3 Shapes","floor":35.0,"turns":2.0},{"damage":0.0,"enemies":"Nemesis","floor":40.0,"turns":1.0},{"damage":0.0,"enemies":"3 Darklings","floor":42.0,"turns":4.0},{"damage":0.0,"enemies":"Jaw Worm Horde","floor":45.0,"turns":3.0},{"damage":0.0,"enemies":"Nightmare","floor":47.0,"turns":1.0},{"damage":0.0,"enemies":"R_Hoarder","floor":48.0,"turns":1.0},{"damage":0.0,"enemies":"Time Eater","floor":50.0,"turns":7.0},{"damage":0.0,"enemies":"Jaw Worm","floor":52.0,"turns":1.0},{"damage":2.0,"enemies":"2 Louse","floor":53.0,"turns":1.0},{"damage":0.0,"enemies":"Cultist","floor":58.0,"turns":1.0},{"damage":0.0,"enemies":"The Mushroom Lair","floor":59.0,"turns":2.0},{"damage":0.0,"enemies":"Gremlin Nob","floor":61.0,"turns":1.0},{"damage":0.0,"enemies":"Exordium Wildlife","floor":64.0,"turns":1.0},{"damage":0.0,"enemies":"Fading Forest","floor":67.0,"turns":4.0},{"damage":0.0,"enemies":"3 Byrds","floor":69.0,"turns":2.0},{"damage":0.0,"enemies":"Book of Stabbing","floor":74.0,"turns":1.0},{"damage":0.0,"enemies":"Slavers","floor":75.0,"turns":2.0},{"damage":0.0,"enemies":"Gremlin Leader","floor":76.0,"turns":1.0},{"damage":0.0,"enemies":"Spheric Guardian","floor":78.0,"turns":2.0},{"damage":0.0,"enemies":"Chosen and Byrds","floor":80.0,"turns":2.0},{"damage":0.0,"enemies":"3 Cultists","floor":82.0,"turns":2.0},{"damage":0.0,"enemies":"Automaton","floor":84.0,"turns":4.0}],"seed_played":"9196754123129148526","potions_obtained":[{"floor":5.0,"key":"Adrenaline Potion"},{"floor":17.0,"key":"Dexterity Potion"},{"floor":31.0,"key":"DistilledChaos"},{"floor":33.0,"key":"infinitespire:BlackPotion"},{"floor":42.0,"key":"Block Potion"},{"floor":50.0,"key":"Ancient Potion"},{"floor":58.0,"key":"Toxic Potion"},{"floor":59.0,"key":"AttackPotion"},{"floor":69.0,"key":"ColorlessPotion"},{"floor":76.0,"key":"Dexterity Potion"},{"floor":79.0,"key":"Flashbang"},{"floor":79.0,"key":"hexamod:EctoCoolerPotion"},{"floor":79.0,"key":"Guardian:BlockOnCardUsePotion"},{"floor":84.0,"key":"Guardian:BlockOnCardUsePotion"}],"is_trial":true,"path_per_floor":["M","?","?","?","M","R","$","?","T","M","$","R","R","$","R","B",null,"M","$","?","?","?","?","$","T","T","M","?","M","AVR","M","R","B",null,"M","$","?","AVR","?","E","$","M","T","?","M","R","NM","E","R","B",null,"M","M","$","?","?","R","M","?","T","E","?","?","M","AVR","R","B",null,"M","?","$","?","?","E","E","E","T","M","AVR","M","?","M","R","B",null],"character_chosen":"SLIMEBOUND","items_purchased":["hubris:KleinBottle","Onion Ring","hubris:EmptyBottle","ReplayTheSpireMod:CursedCoin","Guardian:PocketSentry","Flash of Steel","DollysMirror","Akabeko","Molten Egg 2","Go for the Eyes+1"],"campfire_rested":1,"item_purchase_floors":[11,11,14,19,19,24,54,54,71,71],"current_hp_per_floor":[60,60,45,33,37,37,37,37,37,60,25,25,25,25,43,47,65,65,65,65,48,42,42,42,42,42,46,46,50,50,54,54,58,65,65,65,65,65,57,61,61,65,65,65,65,65,65,65,65,65,65,69,73,73,61,61,61,65,73,73,77,77,77,77,77,77,77,77,77,77,77,77,77,77,81,81,81,81,81,81,81,81,81,81,81,81],"gold":334,"neow_bonus":"","is_daily":false,"chose_seed":false,"campfire_upgraded":14,"win_rate":0.0,"timestamp":1607769685,"path_taken":["M","?","?","?","?","R","$","?","T","M","?","R","R","?","R","BOSS","M","$","?","?","?","?","?","?","T","?","?","M","AVR","M","R","BOSS","M","$","?","AVR","?","E","?","?","T","?","?","R","NM","E","R","BOSS","M","M","$","?","?","R","?","?","T","E","?","?","?","AVR","R","BOSS","M","?","$","?","?","E","E","E","T","?","AVR","M","?","M","R","BOSS"],"items_purchased_type":["Relic","Relic","Relic","Relic","Relic","Card","Relic","Relic","Relic","Card"],"build_version":"2020-11-30","purchased_purges":5,"victory":false,"max_hp_per_floor":[60,60,60,60,60,60,60,60,60,60,60,60,60,60,60,60,65,65,65,65,65,65,65,65,65,65,65,65,65,65,65,65,65,65,65,65,65,65,65,65,65,65,65,65,65,65,65,65,65,65,65,69,73,73,73,73,73,73,77,77,77,77,77,77,77,77,77,77,77,77,77,77,77,77,81,81,81,81,81,81,81,81,81,81,81,81],"card_choices":[{"not_picked":["Feel No Pain","Barrage"],"picked":"PiercingWail","floor":0.0},{"not_picked":["Choke","hexamod:RainOfEmbers"],"picked":"Outmaneuver","floor":0.0},{"not_picked":["Hemokinesis","ClearTheMind"],"picked":"Cleave","floor":0.0},{"not_picked":["hexamod:ThermalTransfer","sneckomod:Unknown0Cost"],"picked":"Dodge and Roll","floor":0.0},{"not_picked":["hexamod:Firestarter","Dodge and Roll"],"picked":"Flash of Steel","floor":0.0},{"not_picked":["sneckomod:Nope","Guardian:ChargeCore"],"picked":"ReplaySolidLightProjector","floor":0.0},{"not_picked":["sneckomod:DiceCrush","BootSequence"],"picked":"Backflip","floor":0.0},{"not_picked":["Slimebound:SlimeBarrage","Slimebound:LeechEnergy"],"picked":"expansioncontent:AwakenDeath","floor":0.0},{"not_picked":["hexamod:GhostflameBarrier","Slimebound:Repurpose"],"picked":"Armaments","floor":0.0},{"not_picked":["Heavy Blade","sneckomod:DiceCrush"],"picked":"Replay:ManipulateFuture","floor":0.0},{"not_picked":["Protect","sneckomod:Rotation"],"picked":"Leap","floor":0.0},{"not_picked":["Replay:AtTheReady","Protect"],"picked":"Guardian:Gem_White","floor":0.0},{"not_picked":["hexamod:GhostShield","Steam"],"picked":"ReplayTheSpireMod:Strike From Hell","floor":0.0},{"not_picked":["hubris:PowerSurge","hexamod:GhostShield"],"picked":"Slimebound:FirmFortitude","floor":0.0},{"not_picked":["Wild Strike","hubris:ReadiedAction"],"picked":"Toxin Wave","floor":0.0},{"not_picked":["Halt","hexamod:RainOfEmbers","Guardian:ShieldCharger"],"picked":"SKIP","floor":1.0},{"not_picked":["sneckomod:DiceCrush","Slimebound:SplitMire","Guardian:Harden"],"picked":"SKIP","floor":5.0},{"not_picked":["Leap","ReplayTheSpireMod:Trickstab","sneckomod:DiceCrush"],"picked":"SKIP","floor":10.0},{"not_picked":["ReplayTheSpireMod:Haul","infinitespire:Gouge"],"picked":"hubris:Fate","floor":11.0},{"not_picked":["Machine Learning","Slimebound:Overexert"],"picked":"Slimebound:OozeBath","floor":16.0},{"not_picked":["EmptyMind","Dual Wield"],"picked":"Replay:SS_hec_1","floor":17.0},{"not_picked":["Self Repair+1","Guardian:Suspension"],"picked":"Replay:Bootleg Shield Generator+1","floor":18.0},{"not_picked":["infinitespire:NeuralNetwork","ReplayTheSpireMod:Book of Names"],"picked":"infinitespire:Collect","floor":21.0},{"not_picked":["CrushJoints+1","Replay:BasicMightCard","Catalyst"],"picked":"SKIP","floor":27.0},{"not_picked":["Sweeping Beam+1","Slimebound:FinishingTackle","Slimebound:LeechEnergy"],"picked":"SKIP","floor":29.0},{"not_picked":["Perfected Strike","Bane+1","sneckomod:RainOfDice"],"picked":"SKIP","floor":31.0},{"not_picked":["Perfected Strike","Bane+1","sneckomod:RainOfDice"],"picked":"SKIP","floor":31.0},{"not_picked":["Night Terror","Guardian:GemFire"],"picked":"After Image","floor":33.0},{"not_picked":["hubris:SlightOfHand+1","Ball Lightning","Guardian:ShieldCharger+1"],"picked":"SKIP","floor":35.0},{"not_picked":["Replay:SS_hec_4","expansioncontent:Hexaburn"],"picked":"Panache","floor":37.0},{"not_picked":["Scrawl","Guardian:GemFire"],"picked":"Feed","floor":40.0},{"not_picked":["Guardian:ChargeCore","Slimebound:LeechEnergy","Armaments"],"picked":"SKIP","floor":42.0},{"not_picked":["Slimebound:RainOfGoop+1","Clothesline","sneckomod:SlitherStrike+1"],"picked":"SKIP","floor":45.0},{"not_picked":["Guardian:AncientConstruct","Slimebound:MassFeed"],"picked":"Buffer","floor":47.0},{"not_picked":["SpiritShield","Guardian:StasisEngine","Wish"],"picked":"SKIP","floor":48.0},{"not_picked":["Mirror Shield","expansioncontent:DashGenerateEvil"],"picked":"Buffer","floor":50.0},{"not_picked":["sneckomod:UnknownCommonSkill","Guardian:TemporalStrike","expansioncontent:DefensiveMode"],"picked":"SKIP","floor":52.0},{"not_picked":["Guardian:PrimingBeam","BowlingBash","Guardian:Gem_Fragmented"],"picked":"SKIP","floor":53.0},{"not_picked":["Bane","Cold Snap"],"picked":"JustLucky","floor":58.0},{"not_picked":["BowlingBash","Guardian:Gem_Green"],"picked":"Slimebound:MegaLick","floor":59.0},{"not_picked":["Guardian:StasisStrike","Guardian:HyperBeam_Guardian","hubris:SpecializedCircuitry"],"picked":"SKIP","floor":61.0},{"not_picked":["sneckomod:UnknownCommonSkill","Slimebound:LeechingTouch"],"picked":"Flex","floor":64.0},{"not_picked":["Slimebound:RainOfGoop+1","hubris:SlightOfHand+1","Guardian:Gem_Crimson"],"picked":"SKIP","floor":69.0},{"not_picked":["sneckomod:Unknown3Cost","Guardian:BaubleBeam+1","Slimebound:SelfFormingGoo"],"picked":"SKIP","floor":74.0},{"not_picked":["sneckomod:Unknown3Cost","Guardian:BaubleBeam+1","Slimebound:SelfFormingGoo"],"picked":"SKIP","floor":74.0},{"not_picked":["Secret Technique","Guardian:RevengeProtocol"],"picked":"hexamod:SixthSeal","floor":75.0},{"not_picked":["ReplayTheSpireMod:Necrosis","sneckomod:UnlimitedRolls","All For One+1"],"picked":"SKIP","floor":76.0},{"not_picked":["Guardian:TemporalShield+1","Perfected Strike+1","Static Discharge"],"picked":"SKIP","floor":78.0},{"not_picked":["sneckomod:Unknown1Cost","SashWhip+1","CrushJoints+1"],"picked":"SKIP","floor":80.0},{"not_picked":["FollowUp+1","Gash+1","Guardian:CrystalBeam+1"],"picked":"SKIP","floor":82.0},{"not_picked":["infinitespire:UltimateForm","infinitespire:NeuralNetwork"],"picked":"infinitespire:Oblivion","floor":84.0}],"player_experience":364631,"relics_obtained":[{"floor":9.0,"key":"hubris:PeanutButter"},{"floor":25.0,"key":"Potion Belt"},{"floor":26.0,"key":"Shuriken"},{"floor":40.0,"key":"Replay:Arrowhead"},{"floor":43.0,"key":"infinitespire:WardingShard"},{"floor":47.0,"key":"hubris:ToyBattleship"},{"floor":59.0,"key":"Odd Mushroom"},{"floor":60.0,"key":"Blood Vial"},{"floor":61.0,"key":"infinitespire:FocusingShard"},{"floor":74.0,"key":"Dead Branch"},{"floor":75.0,"key":"hubris:BundleOfHerbs"},{"floor":76.0,"key":"Replay:WaspNest"},{"floor":77.0,"key":"infinitespire:Magic Flask"}],"event_choices":[{"damage_healed":0.0,"max_hp_gain":0.0,"max_hp_loss":0.0,"gold_gain":0.0,"event_name":"Golden Idol","player_choice":"Take Damage","floor":3.0,"gold_loss":0.0,"damage_taken":15.0,"relics_obtained":["Golden Idol"]},{"damage_healed":0.0,"max_hp_gain":0.0,"max_hp_loss":0.0,"gold_gain":0.0,"event_name":"Scrap Ooze","player_choice":"Success","floor":4.0,"gold_loss":0.0,"damage_taken":12.0,"relics_obtained":["Oddly Smooth Stone"]},{"damage_healed":0.0,"max_hp_gain":0.0,"max_hp_loss":0.0,"gold_gain":0.0,"event_name":"Drug Dealer","player_choice":"Inject Mutagens","floor":20.0,"gold_loss":0.0,"damage_taken":0.0,"relics_obtained":["MutagenicStrength"]},{"damage_healed":0.0,"max_hp_gain":0.0,"max_hp_loss":0.0,"gold_gain":0.0,"event_name":"Nest","player_choice":"Joined the Cult","floor":22.0,"gold_loss":0.0,"damage_taken":6.0,"cards_obtained":["RitualDagger"]},{"damage_healed":0.0,"max_hp_gain":0.0,"max_hp_loss":0.0,"gold_gain":0.0,"event_name":"SensoryStone","player_choice":"Memory 1","floor":37.0,"gold_loss":0.0,"damage_taken":0.0},{"damage_healed":0.0,"max_hp_gain":0.0,"max_hp_loss":0.0,"gold_gain":0.0,"event_name":"Winding Halls","player_choice":"Embrace Madness","floor":39.0,"gold_loss":0.0,"damage_taken":8.0,"cards_obtained":["Madness","Madness"]},{"damage_healed":0.0,"max_hp_gain":0.0,"max_hp_loss":0.0,"gold_gain":100.0,"event_name":"Golden Shrine","player_choice":"Pray","floor":44.0,"gold_loss":0.0,"damage_taken":0.0},{"damage_healed":0.0,"max_hp_gain":0.0,"max_hp_loss":0.0,"gold_gain":0.0,"event_name":"Scrap Ooze","player_choice":"Success","floor":55.0,"gold_loss":0.0,"damage_taken":12.0,"relics_obtained":["infinitespire:PuzzleCube"]},{"damage_healed":0.0,"max_hp_gain":0.0,"max_hp_loss":0.0,"gold_gain":0.0,"event_name":"Match and Keep!","player_choice":"0 cards matched","floor":56.0,"gold_loss":0.0,"damage_taken":0.0,"cards_obtained":[]},{"damage_healed":0.0,"max_hp_gain":0.0,"max_hp_loss":0.0,"gold_gain":0.0,"event_name":"Mushrooms","player_choice":"Fought Mushrooms","floor":59.0,"gold_loss":0.0,"damage_taken":0.0},{"cards_removed":["Armaments"],"damage_healed":0.0,"max_hp_gain":0.0,"max_hp_loss":0.0,"gold_gain":0.0,"event_name":"The Cleric","player_choice":"Card Removal","floor":62.0,"gold_loss":50.0,"damage_taken":0.0},{"damage_healed":0.0,"max_hp_gain":0.0,"max_hp_loss":0.0,"gold_gain":100.0,"event_name":"Wheel of Change","player_choice":"Gold","floor":63.0,"gold_loss":0.0,"damage_taken":0.0},{"damage_healed":0.0,"max_hp_gain":0.0,"max_hp_loss":0.0,"gold_gain":0.0,"event_name":"Drug Dealer","player_choice":"Inject Mutagens","floor":70.0,"gold_loss":0.0,"damage_taken":0.0,"relics_obtained":["Circlet"]},{"cards_removed":["sneckomod:Bewildered"],"damage_healed":0.0,"max_hp_gain":0.0,"max_hp_loss":0.0,"gold_gain":0.0,"event_name":"Fountain of Cleansing","player_choice":"Removed Curses","floor":73.0,"gold_loss":0.0,"damage_taken":0.0},{"cards_removed":["Slimebound:OozeBath"],"damage_healed":0.0,"max_hp_gain":0.0,"max_hp_loss":0.0,"gold_gain":0.0,"event_name":"Beggar","player_choice":"Gave Gold","floor":81.0,"gold_loss":75.0,"damage_taken":0.0}],"is_beta":false,"boss_relics":[{"not_picked":["Calling Bell","Busted Crown"],"picked":"Tiny House"},{"not_picked":["hubris:GrandSneckoEye","ChewingGum"],"picked":"Coffee Dripper"},{"not_picked":["Snecko Eye","Velvet Choker"],"picked":"hubris:ScarierMask"},{"not_picked":["expansioncontent:StudyCardRelic","ReplayTheSpireMod:SealedPack"],"picked":"SlaversCollar"}],"items_purged_floors":[19,30,38,65,79],"is_endless":true,"potions_floor_spawned":[5,31,33,42,45,50,58,59,61,69,76,80,84],"ascension_level":0}}