{"host":"sst22apzgpn07t8v","time":1607743483,"event":{"mods":["Act Like it!","BaseMod","Hallownest","HololiveMod","Lobotomy","LobotomyExtend","Minty Spire (QoL Compilation)","Replay The Spire","Shop Mod","StSLib"],"gold_per_floor":[117,136,57,73,73,73,90,90,116,133,147,147,147,158,158,261,261,271,291,291,291,311,311,311,311,335,335,335,335,335],"floor_reached":29,"playtime":1576,"items_purged":[],"score":215,"play_id":"36e3f88b-5d7b-4441-9c7f-eedff0674fc6","local_time":"20201212112443","is_ascension_mode":false,"campfire_choices":[{"data":"Whirlwind","floor":6,"key":"SMITH"},{"data":"Hemokinesis","floor":8,"key":"SMITH"},{"data":"ReplayTheSpireMod:Limb From Limb","floor":13,"key":"SMITH"},{"data":"ReplayTheSpireMod:Muscle Training","floor":15,"key":"SMITH"},{"floor":23,"key":"REST"},{"floor":25,"key":"DIG"}],"circlet_count":0,"master_deck":["Strike_R","Strike_R","Strike_R","Strike_R","Strike_R","Defend_R","Defend_R","Defend_R","Bash","Cleave","Clash+1","Pommel Strike","Whirlwind+1","Defy Death","Abandon","PanicButton","Hemokinesis+1","Bloodletting","ReplayTheSpireMod:Limb From Limb+1","ReplayTheSpireMod:Muscle Training+1","Double Tap","CurseOfTheBell","Life Link","Bloodletting","Run Through","Demonic Infusion","Bludgeon","Flash of Steel"],"relics":["Burning Blood","Hololive_LightStick","CultistMask","Calling Bell","Dream Catcher","Snack Pack","Replay:Multitool","Gremlin Food","Boot","Toy Ornithopter"],"acts_visited":["Exordium","TheCity"],"potions_floor_usage":[16],"damage_taken":[{"damage":10,"enemies":"Small Slimes","floor":1,"turns":3},{"damage":0,"enemies":"Cultist","floor":2,"turns":3},{"damage":0,"enemies":"2 Louse","floor":4,"turns":2},{"damage":15,"enemies":"Red Slaver","floor":7,"turns":4},{"damage":0,"enemies":"3 Louse","floor":10,"turns":1},{"damage":0,"enemies":"Exordium Wildlife","floor":11,"turns":2},{"damage":0,"enemies":"Large Slime","floor":14,"turns":2},{"damage":42,"enemies":"The Guardian","floor":16,"turns":7},{"damage":0,"enemies":"3 Byrds","floor":18,"turns":2},{"damage":15,"enemies":"Shell Parasite","floor":19,"turns":4},{"damage":35,"enemies":"Centurion and Healer","floor":22,"turns":5},{"damage":81,"enemies":"Shelled Parasite and Fungi","floor":29,"turns":8}],"seed_played":"618541416984710686","potions_obtained":[{"floor":4,"key":"Fire Potion"},{"floor":10,"key":"Block Potion"},{"floor":11,"key":"BloodPotion"},{"floor":16,"key":"Elixir"},{"floor":18,"key":"BlessingOfTheForge"}],"is_trial":false,"path_per_floor":["M","M","$","M","?","R","M","R","T","M","M","?","R","M","R","B",null,"M","M","?","T","M","R","?","R","T","?","$","M"],"character_chosen":"IRONCLAD","items_purchased":["Whirlwind"],"campfire_rested":1,"item_purchase_floors":[3],"current_hp_per_floor":[76,80,80,80,80,80,71,71,71,77,80,80,80,80,80,44,80,80,73,73,73,46,70,78,78,78,78,78,0,0],"gold":335,"neow_bonus":"TRANSFORM_CARD","is_daily":false,"chose_seed":false,"campfire_upgraded":4,"win_rate":0.0,"timestamp":1607743483,"path_taken":["M","M","$","M","?","R","M","R","T","?","M","?","R","?","R","BOSS","M","M","?","?","M","R","?","R","T","?","$","M"],"items_purchased_type":["Card"],"build_version":"2020-11-30","purchased_purges":0,"victory":false,"max_hp_per_floor":[80,80,80,80,80,80,80,80,80,80,80,80,80,80,80,80,80,80,80,80,80,80,80,80,80,80,80,80,80,80],"card_choices":[{"not_picked":["Rupture","Body Slam"],"picked":"Clash","floor":1},{"not_picked":["Spot Weakness","Clothesline"],"picked":"Pommel Strike","floor":2},{"not_picked":["Flex","Iron Wave"],"picked":"Defy Death","floor":4},{"not_picked":["Iron Wave","Abandon"],"picked":"Hemokinesis","floor":7},{"not_picked":["Heavy Blade","Headbutt"],"picked":"Bloodletting","floor":10},{"not_picked":["Whirlwind","Thunderclap"],"picked":"ReplayTheSpireMod:Limb From Limb","floor":11},{"not_picked":["Flex","Defy Death"],"picked":"ReplayTheSpireMod:Muscle Training","floor":14},{"not_picked":["Reaper","Hemogenesis"],"picked":"Double Tap","floor":16},{"not_picked":["Clash","Cleave+1"],"picked":"Life Link","floor":18},{"not_picked":["Iron Wave","Seeing Red+1"],"picked":"Bloodletting","floor":19},{"not_picked":["Uppercut","Replay:Undeath\u0027s Touch"],"picked":"Run Through","floor":22},{"not_picked":["Heavy Blade","Cleave"],"picked":"Demonic Infusion","floor":23}],"player_experience":123338,"relics_obtained":[{"floor":9,"key":"Hololive_LightStick"},{"floor":17,"key":"Dream Catcher"},{"floor":17,"key":"Snack Pack"},{"floor":17,"key":"Replay:Multitool"},{"floor":21,"key":"Gremlin Food"},{"floor":25,"key":"Boot"},{"floor":26,"key":"Toy Ornithopter"}],"event_choices":[{"damage_healed":0,"gold_gain":0,"player_choice":"2 cards matched","damage_taken":0,"max_hp_gain":0,"max_hp_loss":0,"event_name":"Match and Keep!","floor":5,"gold_loss":0,"cards_obtained":["Abandon","PanicButton"]},{"damage_healed":0,"gold_gain":0,"player_choice":"Trade","damage_taken":0,"relics_obtained":["CultistMask"],"max_hp_gain":0,"max_hp_loss":0,"event_name":"FaceTrader","floor":12,"gold_loss":0},{"damage_healed":0,"gold_gain":0,"player_choice":"Ignored","damage_taken":0,"max_hp_gain":0,"max_hp_loss":0,"event_name":"Beggar","floor":20,"gold_loss":0},{"damage_healed":0,"gold_gain":0,"player_choice":"2 cards matched","damage_taken":0,"max_hp_gain":0,"max_hp_loss":0,"event_name":"Match and Keep!","floor":27,"gold_loss":0,"cards_obtained":["Bludgeon","Flash of Steel"]}],"is_beta":false,"boss_relics":[{"not_picked":["Painkiller Herb","Replay:Drink Me"],"picked":"Calling Bell"}],"items_purged_floors":[],"is_endless":false,"potions_floor_spawned":[4,10,11,14,16,18],"killed_by":"Shelled Parasite and Fungi","ascension_level":0}}