{"host":"9544bpadt41uu5ar","time":1607789530,"event":{"mods":["Act Like it!","Aspiration","BaseMod","Conspire","Gensokyo","Hallownest","Highlight Path","KinomotoSakuraMod(木之本樱)","KomeijiMod","Luminous","Marisa（F雨　魔理沙）","Minty Spire (QoL Compilation)","Reimu（博丽灵梦）","Remilia_Scarlet Moed（蕾米莉亚・斯卡雷特）3.3.5","Remilia（蕾米莉亚）","Replay The Spire","StSLib","The Bug Knight","The Gatherer","The Hierophant","The Servant 0.9.4","WarShipGirlsR/战舰少女R mod","Youmu（魂魄妖梦）","Yuyuko","【东方二次创作】八云紫mod","【遗物卡牌】REMEMod"],"gold_per_floor":[119,133,133,15,15,42,79,79,103,136,136],"floor_reached":10,"playtime":738,"items_purged":["Writhe"],"score":158,"play_id":"05cdc4b3-ecbd-441a-98bd-7e37f07ff672","local_time":"20201213001210","daily_mods":["SealedDeck","Vintage","Heirloom","Time Dilation","Flight","DeadlyEvents"],"is_ascension_mode":true,"campfire_choices":[],"circlet_count":0,"master_deck":["REME_TwoStrings","ClowCardTheWave","ClowCardTheMaze","ClowCardTheMaze","ClowCardTheVoice","ClowCardTheFlower","ClowCardTheLoop","ClowCardTheRain","ClowCardTheFlower","ClowCardTheFloat","ClowCardTheEarthy","ClowCardTheThrough","ClowCardTheErase"],"relics":["KSMOD_SealedBook","KSMOD_SealedWand","REME_ComplimentaryCards","Peace Pipe","Replay:Bandana","The Courier","Ring of Peace","Ring of Fury","Toy Ornithopter","AntiCross","CaptainsWheel","Bronze Scales","Mastiff:ReiMu"],"acts_visited":["Gensokyo:Gensokyo"],"potions_floor_usage":[],"damage_taken":[{"damage":0,"enemies":"Gensokyo:Python","floor":1,"turns":4},{"damage":7,"enemies":"Gensokyo:Gryphon","floor":2,"turns":8},{"damage":0,"enemies":"Gensokyo:2_Kodama","floor":6,"turns":3},{"damage":0,"enemies":"Gensokyo:Mamizou","floor":7,"turns":13},{"damage":6,"enemies":"Gensokyo:Aya","floor":10,"turns":5}],"seed_played":"3401961558372594148","potions_obtained":[{"floor":7,"key":"Cursed Concoction"},{"floor":10,"key":"CultistPotion"}],"is_trial":true,"path_per_floor":["M","M","?","$","?","M","E","T","T","E"],"character_chosen":"KINOMOTOSAKURA","items_purchased":["ClowCardTheThrough"],"campfire_rested":0,"item_purchase_floors":[4],"current_hp_per_floor":[70,63,63,63,63,63,63,63,63,57,57],"gold":136,"neow_bonus":"","is_daily":false,"chose_seed":false,"campfire_upgraded":0,"win_rate":0.0,"timestamp":1607789530,"path_taken":["M","M","?","?","?","?","?","?","T","E"],"items_purchased_type":["Card"],"build_version":"2020-11-30","purchased_purges":1,"victory":false,"max_hp_per_floor":[70,70,70,70,70,70,70,70,70,70,70],"card_choices":[{"not_picked":["ClowCardTheChange","ClowCardTheReturn"],"picked":"ClowCardTheErase","floor":7}],"player_experience":67453,"relics_obtained":[{"floor":1,"key":"Replay:Bandana"},{"floor":2,"key":"The Courier"},{"floor":3,"key":"Ring of Peace"},{"floor":3,"key":"Ring of Fury"},{"floor":6,"key":"Toy Ornithopter"},{"floor":7,"key":"AntiCross"},{"floor":8,"key":"CaptainsWheel"},{"floor":9,"key":"Bronze Scales"},{"floor":10,"key":"Mastiff:ReiMu"}],"event_choices":[{"damage_healed":0,"gold_gain":0,"player_choice":"Leave","damage_taken":0,"max_hp_gain":0,"max_hp_loss":0,"event_name":"conspire:Investor","floor":5,"gold_loss":0}],"is_beta":false,"boss_relics":[],"items_purged_floors":[4],"is_endless":true,"potions_floor_spawned":[7,10],"killed_by":"Gensokyo:Aya","ascension_level":1}}