{"host":"8zzc9mdnfkdiyxma","time":1607779857,"event":{"mods":["2.2 Compatiblity","BaseMod","Better Altar","Better Match","Better Note","Better Sensory Stone","Better Skull","Better Third Choice","Better Vampires","Colored Map","Colored Powertips","Emptier Cage","Energized Spire","Halation","Minty Spire (QoL Compilation)","Permanent Neow","Rare Cards Sparkle","Relic Filter","SacredBarkPlus","StSLib","Waifu the Spire"],"gold_per_floor":[218,218,51,67,67,67,92,92,92,92,132,161,187,187,187,295,295,320,354,384,7,31,31,31],"floor_reached":23,"playtime":1634,"items_purged":[],"score":402,"play_id":"9c986061-f675-4c3f-8990-b52af5d8f31b","local_time":"20201212083057","is_ascension_mode":true,"campfire_choices":[{"floor":6,"key":"REST"},{"data":"Zap","floor":8,"key":"SMITH"},{"floor":10,"key":"REST"},{"floor":15,"key":"REST"}],"circlet_count":0,"master_deck":["AscendersBane","Strike_B","Strike_B","Strike_B","Strike_B","Defend_B","Defend_B","Defend_B","Defend_B","Zap+1","Dualcast","Ball Lightning","Blizzard","Force Field","Buffer","Ball Lightning","Steam","All For One","Steam","Beam Cell","Chill","Go for the Eyes","BootSequence"],"relics":["Cracked Core","halation:OrihimeAndHikoboshiSamaAndTears","Happy Flower","Matryoshka","halation:AfternoonTea","Kunai","CeramicFish","Golden Idol","energizedSpire:OldTV","halation:BottledHappiness","Tiny Chest"],"acts_visited":["Exordium","TheCity"],"potions_floor_usage":[7,16,18,23,23],"damage_taken":[{"damage":14,"enemies":"Jaw Worm","floor":1,"turns":4},{"damage":0,"enemies":"Small Slimes","floor":4,"turns":2},{"damage":15,"enemies":"3 Sentries","floor":7,"turns":4},{"damage":41,"enemies":"Gremlin Nob","floor":11,"turns":4},{"damage":0,"enemies":"Cultist","floor":12,"turns":3},{"damage":1,"enemies":"3 Louse","floor":13,"turns":3},{"damage":5,"enemies":"The Guardian","floor":16,"turns":13},{"damage":9,"enemies":"Chosen","floor":18,"turns":6},{"damage":23,"enemies":"Shell Parasite","floor":19,"turns":4},{"damage":19,"enemies":"Cultist and Chosen","floor":20,"turns":6},{"damage":7,"enemies":"Centurion and Healer","floor":22,"turns":8},{"damage":6,"enemies":"Book of Stabbing","floor":23,"turns":4}],"seed_played":"3546865470750187267","potions_obtained":[{"floor":4,"key":"EssenceOfDarkness"},{"floor":11,"key":"LiquidMemories"},{"floor":12,"key":"LiquidBronze"},{"floor":16,"key":"FearPotion"},{"floor":20,"key":"Weak Potion"},{"floor":22,"key":"Block Potion"}],"is_trial":false,"path_per_floor":["M","?","$","M","T","R","E","R","T","R","E","M","M","?","R","B",null,"M","M","M","$","M","E"],"character_chosen":"DEFECT","items_purchased":["Happy Flower","halation:BottledHappiness","Go for the Eyes","Tiny Chest"],"campfire_rested":3,"item_purchase_floors":[3,21,21,21],"current_hp_per_floor":[50,39,39,39,39,60,45,45,45,66,33,33,32,32,51,60,63,54,31,12,12,5,0,0],"gold":31,"neow_bonus":"HUNDRED_GOLD","is_daily":false,"chose_seed":false,"campfire_upgraded":1,"win_rate":0.0,"timestamp":1607779857,"path_taken":["M","?","$","M","?","R","E","R","T","R","E","M","M","?","R","BOSS","M","M","M","$","M","E"],"items_purchased_type":["Relic","Relic","Card","Relic"],"build_version":"2020-11-30","purchased_purges":0,"victory":false,"max_hp_per_floor":[71,71,71,71,71,71,71,71,71,71,71,71,71,64,64,64,64,64,64,64,64,64,64,64],"card_choices":[{"not_picked":["Compile Driver","Stack"],"picked":"Ball Lightning","floor":1},{"not_picked":["Chaos","Redo"],"picked":"Blizzard","floor":4},{"not_picked":["Rebound","Compile Driver"],"picked":"Force Field","floor":7},{"not_picked":["FTL","Skim"],"picked":"Buffer","floor":11},{"not_picked":["Heatsinks","Rebound"],"picked":"Ball Lightning","floor":12},{"not_picked":["Leap","Beam Cell"],"picked":"Steam","floor":13},{"not_picked":["Fission","Multi-Cast"],"picked":"All For One","floor":16},{"not_picked":["Leap","Aggregate"],"picked":"Steam","floor":18},{"not_picked":["Undo","Lockon"],"picked":"Beam Cell","floor":19},{"not_picked":["Darkness","Force Field"],"picked":"Chill","floor":20},{"not_picked":["Hologram","Defragment"],"picked":"BootSequence","floor":22}],"player_experience":987106,"relics_obtained":[{"floor":7,"key":"Matryoshka"},{"floor":9,"key":"halation:AfternoonTea"},{"floor":9,"key":"Kunai"},{"floor":11,"key":"CeramicFish"}],"event_choices":[{"damage_healed":0,"gold_gain":0,"player_choice":"Relic ","damage_taken":11,"max_hp_gain":0,"max_hp_loss":0,"event_name":"betterThird:BetterScrap","floor":2,"gold_loss":0,"cards_obtained":["All Out Attack"]},{"damage_healed":0,"gold_gain":0,"player_choice":"Lose Max HP","damage_taken":0,"relics_obtained":["Golden Idol"],"max_hp_gain":0,"max_hp_loss":7,"event_name":"Golden Idol","floor":14,"gold_loss":0}],"is_beta":false,"boss_relics":[{"not_picked":["SacredBark","halation:MonkeysPaw"],"picked":"energizedSpire:OldTV"}],"items_purged_floors":[],"is_endless":false,"potions_floor_spawned":[4,11,12,16,20,22],"killed_by":"Book of Stabbing","ascension_level":20}}