{"host":"Ilker","time":1607807850,"event":{"mods":["BaseMod","Bestiary","Block Reminder","Colored Map","DeckTracker","Highlight Path","Minty Spire (QoL Compilation)","Quick Restart","Relic Sorter","Relic Stats"],"gold_per_floor":[116,133,144,157,172,200,215,215,215,215,225,258,258,258,258],"floor_reached":14,"playtime":688,"items_purged":[],"score":208,"play_id":"4953e4ce-fabe-4934-935c-75d580fde87d","local_time":"20201213001730","is_ascension_mode":true,"campfire_choices":[{"floor":10.0,"key":"REST"},{"data":"Dualcast","floor":13,"key":"SMITH"}],"circlet_count":0,"master_deck":["AscendersBane","Strike_B","Strike_B","Strike_B","Strike_B","Defend_B","Defend_B","Defend_B","Defend_B","Zap","Dualcast+1","All For One","Ball Lightning","Rebound","Coolheaded","Streamline","Conserve Battery","Go for the Eyes","Static Discharge","Shame","Recycle","Gash"],"relics":["Cracked Core","Du-Vu Doll","Juzu Bracelet"],"acts_visited":["Exordium"],"potions_floor_usage":[12,14],"damage_taken":[{"damage":4.0,"enemies":"Small Slimes","floor":1.0,"turns":3.0},{"damage":1.0,"enemies":"Cultist","floor":2.0,"turns":3.0},{"damage":5.0,"enemies":"2 Louse","floor":3.0,"turns":2.0},{"damage":13.0,"enemies":"Large Slime","floor":4.0,"turns":4.0},{"damage":9.0,"enemies":"Looter","floor":5.0,"turns":3.0},{"damage":8.0,"enemies":"Gremlin Nob","floor":6.0,"turns":3.0},{"damage":0.0,"enemies":"Exordium Wildlife","floor":7.0,"turns":2.0},{"damage":3.0,"enemies":"Large Slime","floor":11.0,"turns":4.0},{"damage":14,"enemies":"3 Sentries","floor":12,"turns":6},{"damage":31,"enemies":"Lagavulin","floor":14,"turns":5}],"seed_played":"-2762148311026922206","potions_obtained":[{"floor":2.0,"key":"PowerPotion"},{"floor":5.0,"key":"Energy Potion"},{"floor":12,"key":"GamblersBrew"}],"is_trial":false,"path_per_floor":["M","M","M","M","M","E","M","?","T","R","M","E","R","E"],"character_chosen":"DEFECT","items_purchased":[],"campfire_rested":1,"item_purchase_floors":[],"current_hp_per_floor":[60,59,54,41,32,24,24,24,24,45,42,28,28,0,0],"gold":258,"neow_bonus":"THREE_RARE_CARDS","is_daily":false,"chose_seed":false,"campfire_upgraded":1,"win_rate":0.0,"timestamp":1607807850,"path_taken":["M","M","M","M","M","E","M","?","T","R","M","E","R","E"],"items_purchased_type":[],"build_version":"2020-12-07","purchased_purges":0,"victory":false,"max_hp_per_floor":[71,71,71,71,71,71,71,71,71,71,71,71,71,71,71],"relic_stats":{"counters":[10,35],"Juzu Bracelet":0,"obtain_stats":[{"Du-Vu Doll":6,"Juzu Bracelet":12,"Cracked Core":0},{"Du-Vu Doll":6,"Juzu Bracelet":9,"Cracked Core":0},{"Du-Vu Doll":18,"Juzu Bracelet":30,"Cracked Core":0}]},"card_choices":[{"not_picked":["Buffer","Hyperbeam"],"picked":"All For One","floor":0.0},{"not_picked":["Steam Power","Recycle"],"picked":"Ball Lightning","floor":1.0},{"not_picked":["Turbo","Stack"],"picked":"Rebound","floor":2.0},{"not_picked":["BootSequence","Stack"],"picked":"Coolheaded","floor":3.0},{"not_picked":["Fusion","Redo"],"picked":"Streamline","floor":4.0},{"not_picked":["Compile Driver","Darkness"],"picked":"Conserve Battery","floor":5.0},{"not_picked":["White Noise","Tempest"],"picked":"Go for the Eyes","floor":6.0},{"not_picked":["Compile Driver","Thunder Strike"],"picked":"Static Discharge","floor":7.0},{"not_picked":["Tempest","Cold Snap"],"picked":"Recycle","floor":11.0},{"not_picked":["Reprogram","Leap"],"picked":"Gash","floor":12}],"player_experience":1642793,"relics_obtained":[{"floor":6.0,"key":"Du-Vu Doll"},{"floor":12,"key":"Juzu Bracelet"}],"event_choices":[{"damage_healed":0.0,"max_hp_gain":0.0,"max_hp_loss":0.0,"gold_gain":0.0,"cards_transformed":["Normality"],"event_name":"Transmorgrifier","player_choice":"Transformed","floor":8.0,"gold_loss":0.0,"damage_taken":0.0,"cards_obtained":["Shame"]}],"is_beta":true,"boss_relics":[],"items_purged_floors":[],"is_endless":false,"potions_floor_spawned":[2,5,12],"killed_by":"Lagavulin","ascension_level":20}}