{"host":"qt939hhvrbc28rjp","time":1607763667,"event":{"mods":["BaseMod","Minty Spire (QoL Compilation)","Quick Restart","StSLib","SuperFastMode"],"gold_per_floor":[119,136,211,211,211,243,243,272,272,287,287,321,351,27,27,100,100,116,133,143,143,156,156,170,180,206,223,223,223,223],"floor_reached":29,"playtime":1152,"items_purged":[],"score":466,"play_id":"046b3bbc-de3f-442e-a455-62a2b107d04d","local_time":"20201212180107","is_ascension_mode":true,"campfire_choices":[{"data":"Chrysalis","floor":7.0,"key":"SMITH"},{"floor":11.0,"key":"REST"},{"data":"White Noise","floor":15,"key":"SMITH"},{"floor":23,"key":"REST"},{"floor":28,"key":"REST"}],"circlet_count":0,"master_deck":["AscendersBane","Strike_B","Strike_B","Strike_B","Strike_B","Defend_B","Defend_B","Defend_B","Defend_B","Zap+1","Dualcast+1","Chrysalis+1","Self Repair","Melter","White Noise+1","Auto Shields","FTL","Capacitor","Rainbow","Conserve Battery","Chaos","Redo+1","Capacitor+1","Lockon"],"relics":["FrozenCore","Thread and Needle","Dream Catcher","War Paint","InkBottle","Pantograph","Odd Mushroom","DataDisk","Medical Kit","Nunchaku"],"acts_visited":["Exordium","TheCity"],"potions_floor_usage":[29],"damage_taken":[{"damage":2.0,"enemies":"Jaw Worm","floor":1.0,"turns":3.0},{"damage":7.0,"enemies":"Small Slimes","floor":2.0,"turns":4.0},{"damage":13.0,"enemies":"Lagavulin","floor":6.0,"turns":7.0},{"damage":35.0,"enemies":"Gremlin Nob","floor":8.0,"turns":4.0},{"damage":3.0,"enemies":"2 Louse","floor":10.0,"turns":3.0},{"damage":15,"enemies":"Lagavulin","floor":12,"turns":7},{"damage":3,"enemies":"The Mushroom Lair","floor":13,"turns":4},{"damage":34,"enemies":"Slime Boss","floor":16,"turns":9},{"damage":37,"enemies":"3 Byrds","floor":18,"turns":6},{"damage":14,"enemies":"Chosen","floor":19,"turns":8},{"damage":5,"enemies":"Snecko","floor":20,"turns":8},{"damage":8,"enemies":"Snake Plant","floor":22,"turns":5},{"damage":11,"enemies":"Centurion and Healer","floor":24,"turns":7},{"damage":10,"enemies":"Snecko","floor":25,"turns":10},{"damage":26,"enemies":"Shelled Parasite and Fungi","floor":27,"turns":8},{"damage":44,"enemies":"Slavers","floor":29,"turns":4}],"seed_played":"3483731997086497953","potions_obtained":[{"floor":1.0,"key":"Fire Potion"},{"floor":2.0,"key":"Swift Potion"},{"floor":10.0,"key":"SmokeBomb"},{"floor":16,"key":"BlessingOfTheForge"},{"floor":18,"key":"LiquidBronze"},{"floor":25,"key":"DistilledChaos"}],"is_trial":false,"path_per_floor":["M","M","?","?","?","E","R","E","T","M","R","E","?","$","R","B",null,"M","M","M","?","M","R","M","M","T","M","R","E"],"character_chosen":"DEFECT","items_purchased":["DataDisk","Medical Kit"],"campfire_rested":3,"item_purchase_floors":[14,14],"current_hp_per_floor":[62,62,51,56,51,45,45,17,17,14,34,26,30,30,30,28,59,29,22,24,20,19,39,42,39,39,20,40,0,0],"gold":223,"neow_bonus":"RANDOM_COLORLESS_2","is_daily":false,"chose_seed":false,"campfire_upgraded":2,"win_rate":0.0,"timestamp":1607763667,"path_taken":["M","M","?","?","?","E","R","E","T","M","R","E","?","?","R","BOSS","M","?","M","?","M","R","M","?","T","M","R","E"],"items_purchased_type":["Relic","Relic"],"build_version":"2020-11-30","purchased_purges":0,"victory":false,"max_hp_per_floor":[64,64,64,69,69,69,69,69,69,69,69,69,69,69,69,69,69,69,69,69,69,69,69,69,69,69,69,69,69,69],"card_choices":[{"not_picked":["Violence","Master of Strategy"],"picked":"Chrysalis","floor":0.0},{"not_picked":["Go for the Eyes","Conserve Battery"],"picked":"Self Repair","floor":1.0},{"not_picked":["Redo","Static Discharge"],"picked":"Melter","floor":2.0},{"not_picked":["Beam Cell","Ball Lightning"],"picked":"White Noise","floor":6.0},{"not_picked":["Turbo","All For One","Streamline"],"picked":"SKIP","floor":8.0},{"not_picked":["Hologram","Reinforced Body"],"picked":"Auto Shields","floor":10.0},{"not_picked":["Go for the Eyes","Barrage"],"picked":"FTL","floor":11.0},{"not_picked":["Meteor Strike","Fusion","Doom and Gloom"],"picked":"SKIP","floor":12},{"not_picked":["Tempest","Beam Cell"],"picked":"Capacitor","floor":13},{"not_picked":["Thunder Strike","Seek"],"picked":"Rainbow","floor":16},{"not_picked":["Compile Driver","Beam Cell","Cold Snap"],"picked":"SKIP","floor":18},{"not_picked":["Undo","Leap"],"picked":"Conserve Battery","floor":19},{"not_picked":["Cold Snap","Beam Cell"],"picked":"Chaos","floor":20},{"not_picked":["Sunder","Gash"],"picked":"Redo+1","floor":22},{"not_picked":["Go for the Eyes","Lockon"],"picked":"Capacitor+1","floor":24},{"not_picked":["Go for the Eyes","Barrage"],"picked":"Lockon","floor":25},{"not_picked":["Fusion","Hologram","Conserve Battery"],"picked":"SKIP","floor":27}],"player_experience":1369046,"relics_obtained":[{"floor":6.0,"key":"Dream Catcher"},{"floor":8.0,"key":"War Paint"},{"floor":9.0,"key":"InkBottle"},{"floor":12,"key":"Pantograph"},{"floor":13,"key":"Odd Mushroom"},{"floor":26,"key":"Nunchaku"}],"event_choices":[{"damage_healed":0.0,"max_hp_gain":0.0,"max_hp_loss":0.0,"gold_gain":75.0,"event_name":"World of Goop","player_choice":"Gather Gold","floor":3.0,"gold_loss":0.0,"damage_taken":11.0},{"damage_healed":0.0,"max_hp_gain":5.0,"max_hp_loss":0.0,"gold_gain":0.0,"event_name":"Big Fish","player_choice":"Donut","floor":4.0,"gold_loss":0.0,"damage_taken":0.0},{"damage_healed":0.0,"max_hp_gain":0.0,"max_hp_loss":0.0,"gold_gain":0.0,"event_name":"Scrap Ooze","player_choice":"Success","floor":5.0,"gold_loss":0.0,"damage_taken":5.0,"relics_obtained":["Thread and Needle"]},{"damage_healed":0,"gold_gain":0,"player_choice":"Fought Mushrooms","damage_taken":0,"max_hp_gain":0,"max_hp_loss":0,"event_name":"Mushrooms","floor":13,"gold_loss":0},{"damage_healed":0,"gold_gain":0,"player_choice":"Bought 0 Potions","damage_taken":0,"max_hp_gain":0,"max_hp_loss":0,"event_name":"The Woman in Blue","floor":21,"gold_loss":0}],"is_beta":false,"boss_relics":[{"not_picked":["Cursed Key","Snecko Eye"],"picked":"FrozenCore"}],"items_purged_floors":[],"is_endless":false,"potions_floor_spawned":[1,2,10,16,18,25,27],"killed_by":"Slavers","ascension_level":18}}