{"host":"f6tqpspb2ou2a4h5","time":1607805507,"event":{"mods":["2.2 Compatiblity","Ascension Unlocker","BaseMod","Colored Map","DeckTracker","Hermit","Highlight Path","KOR Keyword Fix","Keyboard Shortcuts","Minty Spire (QoL Compilation)","Permanent Neow","Quick Restart","Random Character Button","StSLib","SuperFastMode","The Poker Player","everything is the same but u backflip on backflip"],"gold_per_floor":[363,381,6,81,81,81,81,94,94,108,108,108,135,154,154,232,232,250,165,180,180,180,205,205,216,263,288,288,320,320,340,340,413,413,431,448,468,196,214,214,247,157,157,172,172,186,200,200,200],"floor_reached":48,"playtime":2289,"items_purged":["Strike_G","Strike_G"],"score":972,"play_id":"1b8bf94a-456f-4ed7-823d-a54a75066cfb","local_time":"20201213053827","is_ascension_mode":true,"campfire_choices":[{"data":"Neutralize","floor":6.0,"key":"SMITH"},{"floor":12.0,"key":"REST"},{"data":"Cloak And Dagger","floor":15.0,"key":"SMITH"},{"data":"Accuracy","floor":24.0,"key":"SMITH"},{"data":"Finisher","floor":28.0,"key":"SMITH"},{"data":"A Thousand Cuts","floor":30.0,"key":"SMITH"},{"floor":32.0,"key":"REST"},{"floor":40.0,"key":"REST"},{"floor":45.0,"key":"REST"}],"circlet_count":0,"master_deck":["AscendersBane","Defend_G","Defend_G","Defend_G","Defend_G","Survivor","Neutralize+1","Blur","Dash+1","Storm of Steel+1","Cloak And Dagger+1","Blade Dance","Calculated Gamble","Underhanded Strike","Glass Knife","Acrobatics","Crippling Poison","Masterful Stab","Accuracy+1","Tactician+1","Blade Dance+1","Finisher+1","A Thousand Cuts+1","PiercingWail+1","After Image","Prepared+1","Dodge and Roll+1","Dagger Throw+1","Deep Breath+1","Impatience+1","Parasite","Acrobatics+1","Reflex+1","Parasite"],"relics":["Ring of the Snake","PreservedInsect","Juzu Bracelet","Bag of Preparation","Strawberry","SlaversCollar","Ninja Scroll","Toxic Egg 2","Vajra","Pen Nib","The Courier","Black Star","Orichalcum","Blood Vial","InkBottle"],"acts_visited":["Exordium","TheCity","TheBeyond"],"potions_floor_usage":[48,48],"damage_taken":[{"damage":1.0,"enemies":"Small Slimes","floor":1.0,"turns":4.0},{"damage":0.0,"enemies":"Jaw Worm","floor":2.0,"turns":5.0},{"damage":1.0,"enemies":"Cultist","floor":8.0,"turns":4.0},{"damage":9.0,"enemies":"Large Slime","floor":10.0,"turns":10.0},{"damage":5.0,"enemies":"3 Sentries","floor":13.0,"turns":8.0},{"damage":0.0,"enemies":"Red Slaver","floor":14.0,"turns":2.0},{"damage":21.0,"enemies":"Hexaghost","floor":16.0,"turns":11.0},{"damage":16.0,"enemies":"Shell Parasite","floor":18.0,"turns":4.0},{"damage":0.0,"enemies":"Chosen","floor":20.0,"turns":3.0},{"damage":0.0,"enemies":"Gremlin Leader","floor":23.0,"turns":2.0},{"damage":2.0,"enemies":"Snecko","floor":25.0,"turns":5.0},{"damage":2.0,"enemies":"Slavers","floor":27.0,"turns":2.0},{"damage":11.0,"enemies":"Book of Stabbing","floor":29.0,"turns":4.0},{"damage":11.0,"enemies":"Shelled Parasite and Fungi","floor":31.0,"turns":3.0},{"damage":5.0,"enemies":"Champ","floor":33.0,"turns":8.0},{"damage":7.0,"enemies":"Orb Walker","floor":35.0,"turns":2.0},{"damage":9.0,"enemies":"3 Shapes","floor":36.0,"turns":7.0},{"damage":22.0,"enemies":"Transient","floor":37.0,"turns":5.0},{"damage":13.0,"enemies":"Writhing Mass","floor":39.0,"turns":6.0},{"damage":0.0,"enemies":"Reptomancer","floor":41.0,"turns":3.0},{"damage":22.0,"enemies":"3 Darklings","floor":44.0,"turns":3.0},{"damage":0.0,"enemies":"4 Shapes","floor":46.0,"turns":8.0},{"damage":28.0,"enemies":"Writhing Mass","floor":47.0,"turns":8.0},{"damage":22,"enemies":"Spire Growth","floor":48,"turns":4}],"seed_played":"-5306123434820458868","potions_obtained":[{"floor":8.0,"key":"LiquidBronze"},{"floor":13.0,"key":"Dexterity Potion"},{"floor":16.0,"key":"Block Potion"},{"floor":18.0,"key":"SteroidPotion"},{"floor":25.0,"key":"Dexterity Potion"},{"floor":33.0,"key":"FearPotion"},{"floor":39.0,"key":"EntropicBrew"},{"floor":44.0,"key":"SpeedPotion"}],"is_trial":false,"path_per_floor":["M","M","$","?","?","R","?","M","T","M","?","R","E","M","R","B",null,"M","?","M","?","?","E","R","M","T","E","R","E","R","M","R","B",null,"M","M","M","$","M","R","E","?","T","M","R","M","M","M"],"character_chosen":"THE_SILENT","items_purchased":["PreservedInsect","Juzu Bracelet","Deep Breath+1","Impatience+1","Strength Potion"],"campfire_rested":4,"item_purchase_floors":[3,3,38,38,38],"current_hp_per_floor":[43,43,43,32,32,32,25,24,24,15,15,34,36,36,36,15,59,43,43,43,43,43,43,43,41,41,39,39,28,28,17,38,33,63,56,47,25,25,12,33,33,33,33,13,34,36,10,0,0],"gold":200,"neow_bonus":"TWO_FIFTY_GOLD","is_daily":false,"chose_seed":false,"campfire_upgraded":5,"win_rate":0.0,"timestamp":1607805507,"path_taken":["M","M","$","?","?","R","?","M","T","M","?","R","E","M","R","BOSS","M","?","M","?","?","E","R","M","T","E","R","E","R","M","R","BOSS","M","M","M","$","M","R","E","?","T","M","R","M","M","M"],"items_purchased_type":["Relic","Relic","Card","Card","Potion"],"build_version":"2020-11-30","purchased_purges":2,"victory":false,"max_hp_per_floor":[66,66,66,66,66,66,66,66,66,66,66,66,73,73,73,73,73,73,73,73,73,73,73,73,73,73,73,73,73,73,73,73,73,73,73,73,73,73,73,73,73,73,73,73,73,73,73,73,73],"card_choices":[{"not_picked":["Backflip","Cloak And Dagger"],"picked":"Blur","floor":1.0},{"not_picked":["Quick Slash","Skewer"],"picked":"Dash","floor":2.0},{"not_picked":["Blur","Deadly Poison"],"picked":"Cloak And Dagger","floor":8.0},{"not_picked":["Sucker Punch","Outmaneuver"],"picked":"Blade Dance","floor":10.0},{"not_picked":["Blade Dance","Deflect"],"picked":"Calculated Gamble","floor":13.0},{"not_picked":["Dagger Throw","Night Terror"],"picked":"Underhanded Strike","floor":14.0},{"not_picked":["Doppelganger","Envenom"],"picked":"Glass Knife","floor":16.0},{"not_picked":["Slice","Outmaneuver"],"picked":"Acrobatics","floor":18.0},{"not_picked":["Cloak And Dagger","Blade Dance"],"picked":"Crippling Poison","floor":20.0},{"not_picked":["Deadly Poison+1","All Out Attack"],"picked":"Tactician+1","floor":23.0},{"not_picked":["Tools of the Trade","All Out Attack"],"picked":"Blade Dance+1","floor":25.0},{"not_picked":["All Out Attack","Deflect+1"],"picked":"Finisher","floor":27.0},{"not_picked":["Finisher","Crippling Poison+1"],"picked":"A Thousand Cuts","floor":29.0},{"not_picked":["Quick Slash","Cloak And Dagger+1"],"picked":"PiercingWail+1","floor":31.0},{"not_picked":["Unload","Venomology+1"],"picked":"After Image","floor":33.0},{"not_picked":["Predator","Underhanded Strike+1"],"picked":"Prepared+1","floor":35.0},{"not_picked":["All Out Attack","Blur+1"],"picked":"Dodge and Roll+1","floor":36.0},{"not_picked":["Flying Knee","PiercingWail+1"],"picked":"Dagger Throw+1","floor":37.0},{"not_picked":["Prepared+1","Choke"],"picked":"Acrobatics+1","floor":39.0},{"not_picked":["Distraction+1","Finisher"],"picked":"Reflex+1","floor":41.0},{"not_picked":["Deadly Poison+1","Poisoned Stab+1","Quick Slash+1"],"picked":"SKIP","floor":44.0},{"not_picked":["Expertise+1","Backstab","Masterful Stab"],"picked":"SKIP","floor":46.0},{"not_picked":["Blur+1","Dodge and Roll+1","Deadly Poison+1"],"picked":"SKIP","floor":47.0}],"player_experience":6097,"relics_obtained":[{"floor":9.0,"key":"Bag of Preparation"},{"floor":13.0,"key":"Strawberry"},{"floor":23.0,"key":"Toxic Egg 2"},{"floor":26.0,"key":"Vajra"},{"floor":27.0,"key":"Pen Nib"},{"floor":29.0,"key":"The Courier"},{"floor":41.0,"key":"Orichalcum"},{"floor":41.0,"key":"Blood Vial"},{"floor":43.0,"key":"InkBottle"}],"event_choices":[{"damage_healed":0.0,"max_hp_gain":0.0,"max_hp_loss":0.0,"gold_gain":75.0,"event_name":"World of Goop","player_choice":"Gather Gold","floor":4.0,"gold_loss":0.0,"damage_taken":11.0},{"damage_healed":0.0,"max_hp_gain":0.0,"max_hp_loss":0.0,"gold_gain":0.0,"cards_transformed":["Strike_G"],"event_name":"Transmorgrifier","player_choice":"Transformed","floor":5.0,"gold_loss":0.0,"damage_taken":0.0,"cards_obtained":["Storm of Steel"]},{"cards_removed":["Strike_G"],"damage_healed":0.0,"max_hp_gain":0.0,"max_hp_loss":0.0,"gold_gain":0.0,"event_name":"Golden Wing","player_choice":"Card Removal","floor":7.0,"gold_loss":0.0,"damage_taken":7.0},{"damage_healed":0.0,"max_hp_gain":0.0,"max_hp_loss":0.0,"gold_gain":0.0,"event_name":"Upgrade Shrine","player_choice":"Upgraded","floor":11.0,"gold_loss":0.0,"damage_taken":0.0,"cards_upgraded":["Storm of Steel"]},{"damage_healed":0.0,"max_hp_gain":0.0,"max_hp_loss":0.0,"gold_gain":0.0,"event_name":"Addict","player_choice":"Obtained Relic","floor":19.0,"gold_loss":85.0,"damage_taken":0.0,"relics_obtained":["Ninja Scroll"]},{"damage_healed":0.0,"max_hp_gain":0.0,"max_hp_loss":0.0,"gold_gain":0.0,"cards_transformed":["Strike_G"],"event_name":"Transmorgrifier","player_choice":"Transformed","floor":21.0,"gold_loss":0.0,"damage_taken":0.0,"cards_obtained":["Masterful Stab"]},{"damage_healed":0.0,"max_hp_gain":0.0,"max_hp_loss":0.0,"gold_gain":0.0,"event_name":"The Library","player_choice":"Read","floor":22.0,"gold_loss":0.0,"damage_taken":0.0,"cards_obtained":["Accuracy"]},{"cards_removed":["Defend_G"],"damage_healed":0.0,"max_hp_gain":0.0,"max_hp_loss":0.0,"gold_gain":0.0,"event_name":"Designer","player_choice":"Upgrade and Remove","floor":42.0,"gold_loss":90.0,"damage_taken":0.0,"cards_upgraded":["Dash"]}],"is_beta":false,"boss_relics":[{"not_picked":["Snecko Eye","Ring of the Serpent"],"picked":"SlaversCollar"},{"not_picked":["Fusion Hammer","Sozu"],"picked":"Black Star"}],"items_purged_floors":[3,38],"is_endless":false,"potions_floor_spawned":[8,13,16,18,25,33,39,44],"killed_by":"Spire Growth","ascension_level":14}}