{"host":"njruw0b0uprlitpx","time":1607765515,"event":{"mods":["2.2 Compatiblity","AchievementEnabler","Aspiration","BaseMod","Block Reminder","Colored Map","Colored Powertips","Jedi Mod","Keyboard Shortcuts","Minty Spire (QoL Compilation)","Replay The Spire","Spicy Shops","StSLib","SuperFastMode","The Construct","The Kombatant","The Problem Sleuth","The Spell Scribe"],"gold_per_floor":[117,7,7,27,38,72,72,72,72,97,115,115,126,141,141,240,240,251,267,2,2,12,46,46,65,65,0,0,29,29,29],"floor_reached":30,"playtime":3078,"items_purged":[],"score":305,"play_id":"6478b1e6-b6fb-4d3f-9245-8aca903b16fc","local_time":"20201212033155","is_ascension_mode":false,"campfire_choices":[{"floor":8,"key":"REST"},{"floor":12,"key":"REST"},{"data":"ReplayTheSpireMod:Fabricate Wheel","floor":15,"key":"SMITH"},{"data":"ReplayTheSpireMod:Fabricate Wheel","floor":24,"key":"SMITH"}],"circlet_count":0,"master_deck":["Strike_B","Strike_B","Strike_B","Defend_B","Defend_B","Defend_B","Defend_B","Zap","Dualcast","jedi:gatheringstorm+1","Panic Button","ReplayTheSpireMod:Calculation Training","Ball Lightning","Coolheaded","jedi:markofdeath","jedi:BurstFrost","Cold Snap","jedi:sharpshooter","Electrodynamics","jedi:readyaimfire","Lockon","jedi:BurstFrost+1","Leap+1","Rainbow","jedi:meditation","Defragment","Defragment+1","jedi:readyaimfire","Echo Form"],"relics":["Cracked Core","ReplayTheSpireMod:Lightbulb","Replay:WaspNest","Oddly Smooth Stone","Prayer Wheel","Velvet Choker","Membership Card","jedi:laserpointer","Garlic","PreservedInsect","Prayer Wheel"],"acts_visited":["Exordium","TheCity"],"potions_floor_usage":[16,16,19,22,29,29,30],"damage_taken":[{"damage":5,"enemies":"Cultist","floor":1,"turns":4},{"damage":1,"enemies":"2 Louse","floor":4,"turns":2},{"damage":2,"enemies":"Jaw Worm","floor":5,"turns":3},{"damage":31,"enemies":"3 Sentries","floor":6,"turns":7},{"damage":10,"enemies":"Gremlin Nob","floor":10,"turns":4},{"damage":4,"enemies":"Looter","floor":11,"turns":2},{"damage":4,"enemies":"2 Fungi Beasts","floor":13,"turns":3},{"damage":13,"enemies":"Gremlin Gang","floor":14,"turns":4},{"damage":22,"enemies":"Hexaghost","floor":16,"turns":8},{"damage":7,"enemies":"Shell Parasite","floor":18,"turns":5},{"damage":16,"enemies":"2 Thieves","floor":19,"turns":2},{"damage":2,"enemies":"Cultist and Chosen","floor":22,"turns":3},{"damage":0,"enemies":"Book of Stabbing","floor":23,"turns":4},{"damage":6,"enemies":"Snake Plant","floor":25,"turns":3},{"damage":24,"enemies":"Gremlin Leader","floor":29,"turns":4},{"damage":22,"enemies":"Centurion and Healer","floor":30,"turns":7}],"seed_played":"2857988926716802803","potions_obtained":[{"floor":5,"key":"jedi:wingpotion"},{"floor":10,"key":"Strength Potion"},{"floor":11,"key":"Death Potion"},{"floor":13,"key":"Block Potion"},{"floor":16,"key":"Swift Potion"},{"floor":23,"key":"jedi:tentaclejuice"},{"floor":29,"key":"BlessingOfTheForge"}],"is_trial":false,"path_per_floor":["M","$","$","M","M","E","?","R","T","E","M","R","M","M","R","B",null,"M","M","$","?","M","E","R","M","T","?","?","E","M"],"character_chosen":"DEFECT","items_purchased":["ReplayTheSpireMod:Calculation Training","Ball Lightning","Membership Card","Rainbow","FocusPotion"],"campfire_rested":2,"item_purchase_floors":[2,2,20,20,20],"current_hp_per_floor":[70,70,70,69,67,36,36,58,58,48,44,66,62,49,49,27,75,68,52,52,52,50,50,50,44,44,44,44,20,0,0],"gold":29,"neow_bonus":"ONE_RANDOM_RARE_CARD","is_daily":false,"chose_seed":false,"campfire_upgraded":2,"win_rate":0.0,"timestamp":1607765515,"path_taken":["M","?","$","M","M","E","?","R","T","E","?","R","M","M","R","BOSS","M","M","$","?","M","E","R","M","T","?","?","E","?"],"items_purchased_type":["Card","Card","Relic","Card","Potion"],"build_version":"2020-11-30","purchased_purges":0,"victory":false,"max_hp_per_floor":[75,75,75,75,75,75,75,75,75,75,75,75,75,75,75,75,75,75,75,75,75,75,75,75,75,75,75,75,75,75,75],"card_choices":[{"not_picked":["Recycle","Stack"],"picked":"Panic Button","floor":1},{"not_picked":["Steam","jedi:BurstFrost"],"picked":"Coolheaded","floor":4},{"not_picked":["jedi:BurstLightning","Conserve Battery"],"picked":"jedi:markofdeath","floor":5},{"not_picked":["Ball Lightning","Beam Cell"],"picked":"jedi:BurstFrost","floor":6},{"not_picked":["Sweeping Beam","Beam Cell"],"picked":"Cold Snap","floor":10},{"not_picked":["Sweeping Beam","Turbo"],"picked":"jedi:sharpshooter","floor":11},{"not_picked":["jedi:locknload","Turbo"],"picked":"ReplayTheSpireMod:Fabricate Wheel","floor":13},{"not_picked":["ReplayTheSpireMod:Reroute Power","Streamline","Scrape"],"picked":"SKIP","floor":14},{"not_picked":["Thunder Strike","Electrodynamics"],"picked":"jedi:readyaimfire","floor":16},{"not_picked":["FTL","jedi:markofdeath+1"],"picked":"Lockon","floor":18},{"not_picked":["Coolheaded","Leap"],"picked":"jedi:BurstFrost+1","floor":18},{"not_picked":["Coolheaded","Rebound"],"picked":"Leap+1","floor":19},{"not_picked":["Hello World","Scrape","ReplayTheSpireMod:Repulse"],"picked":"SKIP","floor":19},{"not_picked":["jedi:BurstFrost","Darkness"],"picked":"jedi:meditation","floor":22},{"not_picked":["Ball Lightning","BasicCrystalCard"],"picked":"Defragment","floor":22},{"not_picked":["Streamline+1","Leap+1"],"picked":"ReplayTheSpireMod:Fabricate Wheel","floor":23},{"not_picked":["Go for the Eyes+1","Beam Cell"],"picked":"Defragment+1","floor":25},{"not_picked":["Ball Lightning","jedi:blockon","Redo"],"picked":"SKIP","floor":25},{"not_picked":["Sweeping Beam","Steam"],"picked":"jedi:readyaimfire","floor":29}],"player_experience":1246627,"relics_obtained":[{"floor":6,"key":"ReplayTheSpireMod:Lightbulb"},{"floor":9,"key":"Replay:WaspNest"},{"floor":10,"key":"Oddly Smooth Stone"},{"floor":23,"key":"jedi:laserpointer"},{"floor":26,"key":"Garlic"},{"floor":29,"key":"PreservedInsect"}],"event_choices":[{"damage_healed":0,"gold_gain":0,"player_choice":"Upgraded","damage_taken":0,"max_hp_gain":0,"max_hp_loss":0,"event_name":"Upgrade Shrine","floor":7,"gold_loss":0,"cards_upgraded":["jedi:gatheringstorm"]},{"cards_removed":["Strike_B"],"damage_healed":0,"gold_gain":0,"player_choice":"Elegance","damage_taken":0,"max_hp_gain":0,"max_hp_loss":0,"event_name":"Back to Basics","floor":21,"gold_loss":0},{"damage_healed":0,"gold_gain":0,"player_choice":"Paid Fearfully","damage_taken":0,"max_hp_gain":0,"max_hp_loss":0,"event_name":"Masked Bandits","floor":27,"gold_loss":65},{"damage_healed":0,"gold_gain":0,"player_choice":"Ignored","damage_taken":0,"max_hp_gain":0,"max_hp_loss":0,"event_name":"NoteForYourself","floor":28,"gold_loss":0}],"is_beta":false,"boss_relics":[{"not_picked":["SacredBark","Painkiller Herb"],"picked":"Velvet Choker"}],"items_purged_floors":[],"is_endless":false,"potions_floor_spawned":[5,10,11,13,14,16,23,29],"killed_by":"Centurion and Healer","ascension_level":0}}