{"host":"1lcvmslm5dvu1wk7","time":1607767424,"event":{"mods":["BaseMod","Colored Powertips","Minty Spire (QoL Compilation)","Remilia£®¿Ÿ√◊¿Ú—«£©","Shop Mod","StSLib"],"gold_per_floor":[111,111,129,149,149,149,184,200,200,231,231,250,6,35,35,114,114,132,132,32,32,43,76,94,119,144,144,172,192,218,236,236,315,315,330,347,6,22,22,55,75,106,129,141,166,166,201,219,219,219],"floor_reached":51,"playtime":3440,"items_purged":["Defend_RM","Envy_TH","Strike_RM"],"score":1696,"play_id":"f3533c36-f35c-4592-b8f2-c46a2a4cd33b","local_time":"20201212180344","is_ascension_mode":true,"campfire_choices":[{"data":"ScarletDream","floor":6.0,"key":"SMITH"},{"data":"ScarletImprint","floor":11.0,"key":"SMITH"},{"data":"ScarletShoot","floor":15.0,"key":"SMITH"},{"data":"ScarletSymphony","floor":32.0,"key":"SMITH"},{"data":"GlobalNightmare","floor":46,"key":"SMITH"},{"data":"ScarletSymphony","floor":49,"key":"SMITH"}],"circlet_count":0,"master_deck":["AscendersBane","Strike_RM","Strike_RM","Strike_RM+1","RedMoon+1","ScarletShoot+1","EndlessAdversity+1","ScarletDream+1","ScarletImprint+1","Violence+1","DiffusionOfMisfortune","TransientEternity","UnderTheZenith","ScarletSymphony+1","MastersStateliness","HunterOfTheNight+1","MastersStateliness+1","ScarletImprint","UnderTheZenith","ScarletDevil","GlobalNightmare+1","ScarletImprint+1","NightLord+1","ScarletSymphony+1","ScarletImprint+1"],"relics":["ScarletHat","Bag of Preparation","Orichalcum","Akabeko","Coffee Dripper","Calipers","Pen Nib","Lantern","SlaversCollar","MerchantsRug","AntiCross","Question Card","Strawberry","Whetstone","FairyMaid","War Paint"],"acts_visited":["TheCity","TheBeyond"],"potions_floor_usage":[],"damage_taken":[{"damage":0.0,"enemies":"Cultist","floor":1.0,"turns":4.0},{"damage":0.0,"enemies":"2 Louse","floor":3.0,"turns":3.0},{"damage":1.0,"enemies":"Jaw Worm","floor":4.0,"turns":4.0},{"damage":6.0,"enemies":"Lagavulin","floor":7.0,"turns":4.0},{"damage":0.0,"enemies":"2 Fungi Beasts","floor":8.0,"turns":2.0},{"damage":11.0,"enemies":"Gremlin Nob","floor":10.0,"turns":4.0},{"damage":0.0,"enemies":"Looter","floor":12.0,"turns":2.0},{"damage":21.0,"enemies":"Lagavulin","floor":14.0,"turns":5.0},{"damage":0.0,"enemies":"Slime Boss","floor":16.0,"turns":4.0},{"damage":1.0,"enemies":"Chosen","floor":18.0,"turns":2.0},{"damage":0.0,"enemies":"Shell Parasite","floor":22.0,"turns":1.0},{"damage":36.0,"enemies":"Book of Stabbing","floor":23.0,"turns":5.0},{"damage":1.0,"enemies":"Cultist and Chosen","floor":24.0,"turns":3.0},{"damage":19.0,"enemies":"Gremlin Leader","floor":25.0,"turns":4.0},{"damage":21.0,"enemies":"Slavers","floor":28.0,"turns":4.0},{"damage":0.0,"enemies":"Snecko","floor":29.0,"turns":2.0},{"damage":5.0,"enemies":"Book of Stabbing","floor":30.0,"turns":2.0},{"damage":7.0,"enemies":"Centurion and Healer","floor":31.0,"turns":3.0},{"damage":6.0,"enemies":"Champ","floor":33.0,"turns":6.0},{"damage":12.0,"enemies":"3 Shapes","floor":35.0,"turns":1.0},{"damage":0.0,"enemies":"Orb Walker","floor":36.0,"turns":1.0},{"damage":22.0,"enemies":"4 Shapes","floor":38.0,"turns":3.0},{"damage":0.0,"enemies":"Giant Head","floor":40.0,"turns":4.0},{"damage":0.0,"enemies":"Writhing Mass","floor":41.0,"turns":2.0},{"damage":17,"enemies":"Nemesis","floor":42,"turns":5},{"damage":4,"enemies":"Spire Growth","floor":44,"turns":3},{"damage":0,"enemies":"Mind Bloom Boss Battle","floor":45,"turns":2},{"damage":0,"enemies":"Reptomancer","floor":47,"turns":1},{"damage":0,"enemies":"Jaw Worm Horde","floor":48,"turns":2},{"damage":80,"enemies":"Time Eater","floor":50,"turns":3}],"seed_played":"4646662845885596210","potions_obtained":[{"floor":1.0,"key":"Energy Potion"},{"floor":4.0,"key":"Explosive Potion"},{"floor":8.0,"key":"Fruit Juice"},{"floor":10.0,"key":"SpeedPotion"},{"floor":14.0,"key":"Regen Potion"},{"floor":16.0,"key":"DestinyDice"},{"floor":18.0,"key":"Explosive Potion"},{"floor":22.0,"key":"LiquidMemories"},{"floor":23.0,"key":"PowerPotion"},{"floor":24.0,"key":"DistilledChaos"},{"floor":25.0,"key":"FairyPotion"},{"floor":28.0,"key":"Fire Potion"},{"floor":30.0,"key":"AttackPotion"},{"floor":36.0,"key":"Fire Potion"},{"floor":38.0,"key":"SpeedPotion"},{"floor":41.0,"key":"EssenceOfSteel"},{"floor":44,"key":"Swift Potion"}],"is_trial":false,"path_per_floor":["M","?","M","M","?","R","E","M","T","E","R","M","$","E","R","B",null,"M","?","$","?","M","E","M","E","T","?","E","M","E","M","R","B",null,"M","M","$","M","$","E","M","E","T","M","?","R","E","M","R","B",null],"character_chosen":"REMILIA","items_purchased":["Violence","MerchantsRug","AntiCross","UnderTheZenith"],"campfire_rested":0,"item_purchase_floors":[13,37,37,37],"current_hp_per_floor":[63,56,56,55,50,50,48,53,53,48,48,48,48,31,31,48,68,67,67,67,67,68,40,39,31,31,25,5,9,23,20,20,42,77,65,69,69,50,50,70,84,89,89,96,96,96,96,96,96,34],"gold":219,"neow_bonus":"RANDOM_COMMON_RELIC","is_daily":false,"chose_seed":false,"campfire_upgraded":6,"win_rate":0.0,"timestamp":1607767424,"path_taken":["M","?","M","M","?","R","E","M","T","E","R","M","?","E","R","BOSS","M","?","$","?","M","E","M","E","T","?","E","M","E","M","R","BOSS","M","M","$","M","$","E","M","E","T","M","?","R","E","M","R","BOSS"],"items_purchased_type":["Card","Relic","Relic","Card"],"build_version":"2020-11-30","purchased_purges":3,"victory":true,"max_hp_per_floor":[70,70,70,70,70,70,70,75,75,75,75,75,75,75,75,75,75,75,75,75,75,75,75,75,75,75,75,75,75,89,89,89,89,89,89,89,89,89,89,89,89,96,96,96,96,96,96,96,96,96],"card_choices":[{"not_picked":["RedMagic","BlasphemousPunishment","DevilSight"],"picked":"SKIP","floor":1.0},{"not_picked":["MastersStateliness","UnstableMagic"],"picked":"EndlessAdversity","floor":3.0},{"not_picked":["HellCatastrophe","StarOfDavid"],"picked":"ScarletDream","floor":4.0},{"not_picked":["Septette","AfternoonTea","BlasphemousPunishment"],"picked":"SKIP","floor":7.0},{"not_picked":["CharismaGuard","UnderTheZenith"],"picked":"ScarletImprint","floor":8.0},{"not_picked":["BlasphemousPunishment","RedRainbow","AfternoonTea"],"picked":"SKIP","floor":10.0},{"not_picked":["BlasphemousPunishment","EmergencyRegeneration","RedMagic"],"picked":"SKIP","floor":12.0},{"not_picked":["NightDance","VampireKiss"],"picked":"DiffusionOfMisfortune","floor":14.0},{"not_picked":["BloodyHallows","CurseOfVladTepes"],"picked":"TransientEternity","floor":16.0},{"not_picked":["FavorOfDestiny","NightDance","CharismaGuard"],"picked":"SKIP","floor":18.0},{"not_picked":["TwelveNightmare","DiffusionOfMisfortune","BloodHunter"],"picked":"SKIP","floor":22.0},{"not_picked":["BlasphemousPunishment","ForecastOfChange"],"picked":"UnderTheZenith","floor":23.0},{"not_picked":["CharismaGuard","DiffusionOfMisfortune","BombardNight"],"picked":"SKIP","floor":24.0},{"not_picked":["ScarletGensokyo","StarOfDavid","NightDance"],"picked":"SKIP","floor":25.0},{"not_picked":["VampireClaw","ForbiddenFruit","VampireKiss"],"picked":"SKIP","floor":28.0},{"not_picked":["ScarletNetherworld","BloodHunter"],"picked":"ScarletSymphony","floor":29.0},{"not_picked":["VampireFantasy+1","BloodHunter"],"picked":"MastersStateliness","floor":30.0},{"not_picked":["DevilSight","ForbiddenFruit"],"picked":"HunterOfTheNight","floor":31.0},{"not_picked":["VampireKiss","NightDance+1"],"picked":"MastersStateliness+1","floor":35.0},{"not_picked":["FavorOfDestiny","CharismaGuard+1"],"picked":"ScarletImprint","floor":36.0},{"not_picked":["UnstableMagic","MillenniumVampire+1","Maim"],"picked":"SKIP","floor":38.0},{"not_picked":["BloodRain","MastersStateliness"],"picked":"ScarletDevil","floor":40.0},{"not_picked":["BloodyTrap","EndlessAdversity","DiffusionOfMisfortune+1"],"picked":"GlobalNightmare","floor":41.0},{"not_picked":["HeartBreak","ScarletNetherworld+1","BloodAndWine","Stigmanizer"],"picked":"SKIP","floor":42},{"not_picked":["ScarletSymphony","MastersStateliness","StarOfDavid+1"],"picked":"ScarletImprint+1","floor":44},{"not_picked":["DiffusionOfMisfortune","BloodyTrap","NightDance"],"picked":"NightLord+1","floor":45},{"not_picked":["GlobalNightmare+1","EndlessAdversity","ChaoticDestiny"],"picked":"ScarletSymphony","floor":47},{"not_picked":["BlasphemousPunishment","DiffusionOfMisfortune+1","ChainGang"],"picked":"ScarletImprint+1","floor":48}],"player_experience":191090,"relics_obtained":[{"floor":7.0,"key":"White Beast Statue"},{"floor":9.0,"key":"Orichalcum"},{"floor":10.0,"key":"Akabeko"},{"floor":14.0,"key":"Oddly Smooth Stone"},{"floor":23.0,"key":"Calipers"},{"floor":25.0,"key":"Pen Nib"},{"floor":26.0,"key":"Lantern"},{"floor":28.0,"key":"Gremlin Horn"},{"floor":30.0,"key":"Mango"},{"floor":40.0,"key":"Question Card"},{"floor":42,"key":"Strawberry"},{"floor":43,"key":"Whetstone"},{"floor":45,"key":"FairyMaid"},{"floor":47,"key":"War Paint"}],"event_choices":[{"cards_removed":["Defend_RM"],"damage_healed":0.0,"max_hp_gain":0.0,"max_hp_loss":0.0,"gold_gain":0.0,"event_name":"Golden Wing","player_choice":"Card Removal","floor":2.0,"gold_loss":0.0,"damage_taken":7.0},{"damage_healed":0.0,"max_hp_gain":0.0,"max_hp_loss":0.0,"gold_gain":0.0,"event_name":"Scrap Ooze","player_choice":"Success","floor":5.0,"gold_loss":0.0,"damage_taken":5.0,"relics_obtained":["Art of War"]},{"damage_healed":0.0,"max_hp_gain":0.0,"max_hp_loss":0.0,"gold_gain":0.0,"event_name":"The Mausoleum","player_choice":"Ignored","floor":21.0,"gold_loss":0.0,"damage_taken":0.0},{"damage_healed":0.0,"max_hp_gain":0.0,"max_hp_loss":0.0,"gold_gain":0.0,"event_name":"Knowing Skull","player_choice":"","floor":27.0,"potions_obtained":[],"gold_loss":0.0,"damage_taken":6.0,"cards_obtained":[]},{"damage_healed":0,"gold_gain":0,"player_choice":"Fight","damage_taken":0,"max_hp_gain":0,"max_hp_loss":0,"event_name":"MindBloom","floor":45,"gold_loss":0}],"is_beta":false,"boss_relics":[{"not_picked":["Tiny House","Fusion Hammer"],"picked":"Coffee Dripper"},{"not_picked":["Velvet Choker","Snecko Eye"],"picked":"SlaversCollar"}],"items_purged_floors":[13,20,37],"is_endless":false,"potions_floor_spawned":[1,4,8,10,12,14,16,18,22,23,24,25,28,29,30,31,33,35,36,38,41,44,48],"ascension_level":15}}