{"host":"m6aaltr68g9tvoay","time":1607753600,"event":{"mods":["AchievementEnabler","BaseMod","Colored Map","Minty Spire (QoL Compilation)","StSLib"],"gold_per_floor":[112,112,125,136,136,136,168,168,168,168,193,205,19,33,33,33,33],"floor_reached":16,"playtime":496,"items_purged":[],"score":215,"play_id":"dd7456dc-ea0a-4892-955b-03ce58180246","local_time":"20201211221320","is_ascension_mode":true,"campfire_choices":[{"data":"Dagger Spray","floor":6.0,"key":"SMITH"},{"floor":8.0,"key":"REST"},{"floor":10.0,"key":"REST"},{"data":"Caltrops","floor":15,"key":"SMITH"}],"circlet_count":0,"master_deck":["AscendersBane","Strike_G","Strike_G","Strike_G","Strike_G","Defend_G","Defend_G","Defend_G","Defend_G","Defend_G","Survivor","Neutralize","Dagger Spray+1","Quick Slash","Blur","Flying Knee","PiercingWail","Footwork","Skewer","Caltrops+1","Blade Dance","All Out Attack"],"relics":["Ring of the Snake","NeowsBlessing","NlothsMask","Blue Candle","Mango"],"acts_visited":["Exordium"],"potions_floor_usage":[12],"damage_taken":[{"damage":0.0,"enemies":"2 Louse","floor":1.0,"turns":1.0},{"damage":0.0,"enemies":"Cultist","floor":3.0,"turns":1.0},{"damage":0.0,"enemies":"Small Slimes","floor":4.0,"turns":1.0},{"damage":35.0,"enemies":"Lagavulin","floor":7.0,"turns":8.0},{"damage":44.0,"enemies":"3 Sentries","floor":11.0,"turns":8.0},{"damage":10,"enemies":"Gremlin Gang","floor":12,"turns":4},{"damage":7,"enemies":"Large Slime","floor":14,"turns":7},{"damage":21,"enemies":"Hexaghost","floor":16,"turns":7}],"seed_played":"-2821502432732651929","potions_obtained":[{"floor":11.0,"key":"LiquidBronze"}],"is_trial":false,"path_per_floor":["M","?","M","M","?","R","E","R","T","R","E","M","$","M","R","B"],"character_chosen":"THE_SILENT","items_purchased":["Caltrops","Blade Dance","All Out Attack"],"campfire_rested":2,"item_purchase_floors":[13,13,13],"current_hp_per_floor":[59,59,59,59,59,59,24,43,43,62,32,22,22,15,15,0,0],"gold":33,"neow_bonus":"THREE_ENEMY_KILL","is_daily":false,"chose_seed":false,"campfire_upgraded":2,"win_rate":0.0,"timestamp":1607753600,"path_taken":["M","?","?","M","?","R","E","R","T","R","E","?","$","M","R","BOSS"],"items_purchased_type":["Card","Card","Card"],"build_version":"2020-11-30","purchased_purges":0,"victory":false,"max_hp_per_floor":[66,66,66,66,66,66,66,66,66,66,80,80,80,80,80,80,80],"card_choices":[{"not_picked":["Backflip","Quick Slash"],"picked":"Dagger Spray","floor":1.0},{"not_picked":["Underhanded Strike","Expertise"],"picked":"Quick Slash","floor":3.0},{"not_picked":["Acrobatics","Choke"],"picked":"Blur","floor":4.0},{"not_picked":["Poisoned Stab","Calculated Gamble"],"picked":"PiercingWail","floor":7.0},{"not_picked":["Deflect","Night Terror"],"picked":"Footwork","floor":11.0},{"not_picked":["Masterful Stab","Outmaneuver"],"picked":"Skewer","floor":12},{"not_picked":["Quick Slash","Setup","Blade Dance"],"picked":"SKIP","floor":14}],"player_experience":1223154,"relics_obtained":[{"floor":7.0,"key":"Blue Candle"},{"floor":11.0,"key":"Mango"}],"event_choices":[{"damage_healed":0.0,"max_hp_gain":0.0,"max_hp_loss":0.0,"gold_gain":0.0,"event_name":"FaceTrader","player_choice":"Trade","floor":2.0,"gold_loss":0.0,"damage_taken":0.0,"relics_obtained":["NlothsMask"]},{"damage_healed":0.0,"max_hp_gain":0.0,"max_hp_loss":0.0,"gold_gain":0.0,"cards_transformed":["Strike_G"],"event_name":"Transmorgrifier","player_choice":"Transformed","floor":5.0,"gold_loss":0.0,"damage_taken":0.0,"cards_obtained":["Flying Knee"]}],"is_beta":false,"boss_relics":[],"items_purged_floors":[],"is_endless":false,"potions_floor_spawned":[11],"killed_by":"Hexaghost","ascension_level":19}}