{"host":"bf1tnxyvjw6wp3cl","time":1607813871,"event":{"mods":["AchievementEnabler","BaseMod","Block Reminder","Colored Powertips","Minty Spire (QoL Compilation)","Quick Restart","Relic Stats","StSLib","SuperFastMode"],"gold_per_floor":[116,191,366,366,385,420,420,275,343,361,361,361,397,415,415,540,540,558,582,289,304,131,162,162,162,187,187,205,205,244,268,268,398,398,412,428,449,230,245,283,283,308,308,233,233,258,278,45,45,45],"floor_reached":51,"playtime":1321,"items_purged":[],"score":902,"play_id":"cc4a103b-13aa-40c3-a213-bb72c4cae6eb","local_time":"20201212175751","is_ascension_mode":false,"campfire_choices":[{"data":"Metallicize","floor":7,"key":"SMITH"},{"data":"Flex","floor":11,"key":"SMITH"},{"floor":15,"key":"REST"},{"data":"Rupture","floor":24,"key":"SMITH"},{"data":"Flex","floor":27,"key":"SMITH"},{"data":"Disarm","floor":32,"key":"SMITH"},{"data":"Rupture","floor":45,"key":"SMITH"},{"data":"Disarm","floor":49,"key":"SMITH"}],"circlet_count":0,"master_deck":["Strike_R","Strike_R","Strike_R","Strike_R","Strike_R","Defend_R","Defend_R","Defend_R","Defend_R","Bash","Flex+1","Doubt","Injury","Metallicize+1","Rupture+1","Thunderclap+1","Pain","Disarm+1","Flex+1","Immolate+1","Dropkick+1","Pummel+1","Flex+1","Disarm+1","Sword Boomerang+1","Intimidate+1","Pommel Strike+1","Pommel Strike+1","Uppercut+1","Rampage+1","Immolate+1","CurseOfTheBell","Spot Weakness+1","Combust+1","Iron Wave+1","Flex+1","Pummel+1","Warcry+1","Inflame","Heavy Blade+1","Thunderclap+1","Inflame","Rupture+1","Thunderclap+1","Pommel Strike+1","Combust","Offering+1"],"relics":["Burning Blood","NeowsBlessing","Golden Idol","Nunchaku","Vajra","Molten Egg 2","WarpedTongs","Pen Nib","Runic Cube","Gremlin Horn","Bag of Marbles","Orichalcum","Happy Flower","MealTicket","Calling Bell","Boot","Toxic Egg 2","StoneCalendar","Art of War","Meat on the Bone","Pear"],"acts_visited":["Exordium","TheCity","TheBeyond"],"potions_floor_usage":[16,23,30,50,50,50],"damage_taken":[{"damage":0,"enemies":"Small Slimes","floor":1,"turns":1},{"damage":0,"enemies":"2 Louse","floor":5,"turns":2},{"damage":0,"enemies":"3 Sentries","floor":6,"turns":2},{"damage":9,"enemies":"Jaw Worm","floor":10,"turns":5},{"damage":27,"enemies":"Gremlin Nob","floor":13,"turns":5},{"damage":8,"enemies":"Large Slime","floor":14,"turns":7},{"damage":61,"enemies":"Hexaghost","floor":16,"turns":12},{"damage":35,"enemies":"Spheric Guardian","floor":18,"turns":6},{"damage":1,"enemies":"2 Thieves","floor":19,"turns":1},{"damage":5,"enemies":"3 Cultists","floor":21,"turns":2},{"damage":3,"enemies":"Gremlin Leader","floor":23,"turns":2},{"damage":5,"enemies":"Chosen and Byrds","floor":28,"turns":3},{"damage":0,"enemies":"Slavers","floor":30,"turns":1},{"damage":6,"enemies":"Centurion and Healer","floor":31,"turns":2},{"damage":39,"enemies":"Collector","floor":33,"turns":4},{"damage":3,"enemies":"Orb Walker","floor":35,"turns":3},{"damage":6,"enemies":"3 Shapes","floor":36,"turns":1},{"damage":22,"enemies":"Spire Growth","floor":37,"turns":3},{"damage":0,"enemies":"3 Darklings","floor":39,"turns":1},{"damage":30,"enemies":"Giant Head","floor":40,"turns":6},{"damage":0,"enemies":"Jaw Worm Horde","floor":42,"turns":2},{"damage":3,"enemies":"Transient","floor":46,"turns":5},{"damage":8,"enemies":"3 Darklings","floor":47,"turns":2},{"damage":88,"enemies":"Donu and Deca","floor":50,"turns":5}],"seed_played":"-6076558724256079889","potions_obtained":[{"floor":5,"key":"LiquidMemories"},{"floor":6,"key":"Swift Potion"},{"floor":14,"key":"DuplicationPotion"},{"floor":21,"key":"AttackPotion"},{"floor":28,"key":"Regen Potion"},{"floor":31,"key":"Swift Potion"},{"floor":37,"key":"Strength Potion"},{"floor":39,"key":"Strength Potion"},{"floor":47,"key":"SteroidPotion"}],"is_trial":false,"path_per_floor":["M","?","?","?","M","E","R","$","T","M","R","?","E","M","R","B",null,"M","M","$","M","$","E","R","?","T","R","M","?","E","M","R","B",null,"M","M","M","$","M","E","T","M","T","$","R","M","M","$","R","B",null],"character_chosen":"IRONCLAD","items_purchased":["Vajra","Flex","Gremlin Horn","Sword Boomerang+1","Bag of Marbles","Flex+1","Pummel+1","Warcry+1","Inflame","Rupture","Combust","Offering+1"],"campfire_rested":1,"item_purchase_floors":[8,20,20,22,22,38,38,38,38,44,48,48],"current_hp_per_floor":[80,69,69,69,75,80,80,80,80,77,77,77,56,54,78,23,80,51,56,56,57,57,60,60,60,60,60,61,61,67,67,67,34,80,80,80,64,79,80,56,56,62,72,87,87,90,88,90,90,20],"gold":45,"neow_bonus":"THREE_ENEMY_KILL","is_daily":false,"chose_seed":false,"campfire_upgraded":7,"win_rate":0.0,"timestamp":1607813871,"path_taken":["M","?","?","?","?","E","R","$","T","M","R","?","E","M","R","BOSS","M","?","$","M","$","E","R","?","T","R","?","?","E","M","R","BOSS","M","?","M","$","M","E","?","?","T","$","R","M","M","$","R","BOSS"],"items_purchased_type":["Relic","Card","Relic","Card","Relic","Card","Card","Card","Card","Card","Card","Card"],"build_version":"2020-11-30","purchased_purges":0,"victory":true,"max_hp_per_floor":[80,80,80,80,80,80,80,80,80,80,80,80,80,80,80,80,80,80,80,80,80,80,80,80,80,80,80,80,80,80,80,80,80,80,80,80,80,80,80,80,80,80,90,90,90,90,90,90,90,90],"relic_stats":{"Gremlin Horn":[12,15],"Happy Flower":[12],"counters":[24,83],"Golden Idol":173,"StoneCalendar":[0],"Pen Nib":[14],"Orichalcum":[132],"Boot":[20],"Burning Blood":129,"WarpedTongs":[67],"Nunchaku":[15],"MealTicket":32,"Art of War":[0],"obtain_stats":[{"Pear":43,"NeowsBlessing":0,"Gremlin Horn":20,"Happy Flower":26,"Golden Idol":4,"Vajra":8,"StoneCalendar":34,"Pen Nib":13,"Orichalcum":23,"Boot":34,"Burning Blood":0,"WarpedTongs":12,"Calling Bell":34,"Nunchaku":6,"Molten Egg 2":9,"MealTicket":30,"Bag of Marbles":22,"Art of War":40,"Toxic Egg 2":34,"Runic Cube":17,"Meat on the Bone":41},{"Pear":21,"NeowsBlessing":0,"Gremlin Horn":9,"Happy Flower":11,"Golden Idol":1,"Vajra":3,"StoneCalendar":15,"Pen Nib":5,"Orichalcum":11,"Boot":15,"Burning Blood":0,"WarpedTongs":4,"Calling Bell":15,"Nunchaku":3,"Molten Egg 2":3,"MealTicket":13,"Bag of Marbles":10,"Art of War":20,"Toxic Egg 2":15,"Runic Cube":7,"Meat on the Bone":20},{"Pear":71,"NeowsBlessing":0,"Gremlin Horn":41,"Happy Flower":45,"Golden Idol":1,"Vajra":5,"StoneCalendar":55,"Pen Nib":15,"Orichalcum":45,"Boot":55,"Burning Blood":0,"WarpedTongs":10,"Calling Bell":55,"Nunchaku":5,"Molten Egg 2":5,"MealTicket":49,"Bag of Marbles":43,"Art of War":69,"Toxic Egg 2":55,"Runic Cube":34,"Meat on the Bone":69}],"Runic Cube":[93],"Meat on the Bone":12},"card_choices":[{"not_picked":["Clothesline","Battle Trance"],"picked":"Flex","floor":1},{"not_picked":["Warcry","Clash"],"picked":"Metallicize","floor":5},{"not_picked":["Heavy Blade","Uppercut"],"picked":"Rupture","floor":6},{"not_picked":["Anger+1","Shrug It Off"],"picked":"Thunderclap+1","floor":10},{"not_picked":["Juggernaut","Havoc"],"picked":"Disarm","floor":13},{"not_picked":["Wild Strike+1","True Grit"],"picked":"Flex","floor":14},{"not_picked":["Reaper+1","Double Tap"],"picked":"Immolate+1","floor":16},{"not_picked":["Cleave+1","Power Through"],"picked":"Dropkick+1","floor":18},{"not_picked":["Entrench+1","Body Slam+1"],"picked":"Pummel+1","floor":19},{"not_picked":["Shrug It Off","Warcry"],"picked":"Disarm","floor":21},{"not_picked":["Twin Strike+1","Headbutt+1"],"picked":"Intimidate+1","floor":23},{"not_picked":["Headbutt+1","Wild Strike+1"],"picked":"Pommel Strike+1","floor":28},{"not_picked":["Clash+1","Perfected Strike+1"],"picked":"Uppercut+1","floor":30},{"not_picked":["Clothesline+1","Wild Strike+1"],"picked":"Rampage+1","floor":31},{"not_picked":["Corruption","Reaper+1"],"picked":"Immolate+1","floor":33},{"not_picked":["True Grit+1","Twin Strike+1"],"picked":"Spot Weakness+1","floor":35},{"not_picked":["Armaments+1","Impervious+1"],"picked":"Combust+1","floor":36},{"not_picked":["Dark Embrace","Perfected Strike+1"],"picked":"Iron Wave+1","floor":37},{"not_picked":["Sentinel+1","Armaments+1"],"picked":"Heavy Blade+1","floor":39},{"not_picked":["Fiend Fire+1","Headbutt+1"],"picked":"Thunderclap+1","floor":40},{"not_picked":["Iron Wave+1","Heavy Blade+1"],"picked":"Inflame","floor":42},{"not_picked":["True Grit+1","Searing Blow+1"],"picked":"Thunderclap+1","floor":46},{"not_picked":["Feed+1","Clothesline+1"],"picked":"Pommel Strike+1","floor":47}],"player_experience":143483,"relics_obtained":[{"floor":6,"key":"Nunchaku"},{"floor":9,"key":"Molten Egg 2"},{"floor":13,"key":"Pen Nib"},{"floor":23,"key":"Orichalcum"},{"floor":26,"key":"Happy Flower"},{"floor":30,"key":"MealTicket"},{"floor":34,"key":"Boot"},{"floor":34,"key":"Toxic Egg 2"},{"floor":34,"key":"StoneCalendar"},{"floor":40,"key":"Art of War"},{"floor":41,"key":"Meat on the Bone"},{"floor":43,"key":"Pear"}],"event_choices":[{"damage_healed":0,"gold_gain":75,"player_choice":"Gather Gold","damage_taken":11,"max_hp_gain":0,"max_hp_loss":0,"event_name":"World of Goop","floor":2,"gold_loss":0},{"damage_healed":0,"gold_gain":175,"player_choice":"AGREE","damage_taken":0,"max_hp_gain":0,"max_hp_loss":0,"event_name":"Liars Game","floor":3,"gold_loss":0,"cards_obtained":["Doubt"]},{"damage_healed":0,"gold_gain":0,"player_choice":"Take Wound","damage_taken":0,"relics_obtained":["Golden Idol"],"max_hp_gain":0,"max_hp_loss":0,"event_name":"Golden Idol","floor":4,"gold_loss":0,"cards_obtained":["Injury"]},{"damage_healed":0,"gold_gain":0,"player_choice":"Rummage","damage_taken":0,"relics_obtained":["WarpedTongs"],"max_hp_gain":0,"max_hp_loss":0,"event_name":"Accursed Blacksmith","floor":12,"gold_loss":0,"cards_obtained":["Pain"]},{"damage_healed":0,"gold_gain":0,"player_choice":"1 cards matched","damage_taken":0,"max_hp_gain":0,"max_hp_loss":0,"event_name":"Match and Keep!","floor":25,"gold_loss":0,"cards_obtained":["Pommel Strike"]},{"damage_healed":0,"gold_gain":0,"player_choice":"Upgraded","damage_taken":0,"max_hp_gain":0,"max_hp_loss":0,"event_name":"Upgrade Shrine","floor":29,"gold_loss":0,"cards_upgraded":["Flex"]}],"is_beta":false,"boss_relics":[{"not_picked":["Runic Dome","Philosopher\u0027s Stone"],"picked":"Runic Cube"},{"not_picked":["Cursed Key","Busted Crown"],"picked":"Calling Bell"}],"items_purged_floors":[],"is_endless":false,"potions_floor_spawned":[5,6,14,21,28,31,33,37,39,40,47],"ascension_level":0}}