{"host":"ya062ahhhuj9au1o","time":1607794307,"event":{"mods":["BaseMod","Better Third Choice","Filter the Spire","Hermit","Minty Spire (QoL Compilation)","Random Character Button","Robot Space Explorer","Somnambulant","StSLib","The Bug Knight","The Cursed","The Servant 0.9.4"],"gold_per_floor":[364,30,0,12,12,12,30,61,113,113,132,132,32,58,58,162,162,162,162,162,77,77,77,77,77,77,77,77,77,77,77,77,77,77],"floor_reached":33,"playtime":2040,"items_purged":["somnambulantmod: Defend_Somnambulant","somnambulantmod: Defend_Somnambulant"],"score":410,"play_id":"ed6eda7a-8647-4de4-9289-4932f7ddbb0b","local_time":"20201212123147","is_ascension_mode":true,"campfire_choices":[{"data":"somnambulantmod: QuickNap","floor":6.0,"key":"SMITH"},{"floor":10,"key":"REST"},{"floor":12,"key":"REST"},{"floor":15,"key":"REST"},{"floor":23,"key":"REST"},{"floor":25,"key":"REST"},{"floor":32,"key":"REST"}],"circlet_count":0,"master_deck":["somnambulantmod: SomnambulantStrike","somnambulantmod: SomnambulantStrike+1","somnambulantmod: SomnambulantStrike","somnambulantmod: SomnambulantStrike","somnambulantmod: SomnambulantStrike","somnambulantmod: Defend_Somnambulant","somnambulantmod: Defend_Somnambulant","somnambulantmod: Defend_Somnambulant","somnambulantmod: QuickNap+1","somnambulantmod: PrimingPunch+1","somnambulantmod: OpeningUp","somnambulantmod: HappyThoughts+1","somnambulantmod: Unknow","somnambulantmod: Stimulus","Forethought+1","Enlightenment","somnambulantmod: TimeCompression+1","somnambulantmod: Stimulus+1","somnambulantmod: Withdraw","somnambulantmod: SleepingBody+1","somnambulantmod: Wake","somnambulantmod: TrepanningBlow+1","somnambulantmod: OpeningUp+1","somnambulantmod: DeeperSleep+1","somnambulantmod: Relive+1","somnambulantmod: DarkeningMind"],"relics":["somnambulantmod: DreamJournal","Regal Pillow","Strawberry","Molten Egg 2","Ectoplasm","Pear","Vajra","Ice Cream","Incense Burner"],"acts_visited":["Exordium","TheCity"],"potions_floor_usage":[8],"damage_taken":[{"damage":2.0,"enemies":"Jaw Worm","floor":1.0,"turns":5.0},{"damage":0.0,"enemies":"Cultist","floor":4.0,"turns":2.0},{"damage":0.0,"enemies":"2 Louse","floor":7.0,"turns":2.0},{"damage":22,"enemies":"Gremlin Nob","floor":8,"turns":4},{"damage":10,"enemies":"2 Fungi Beasts","floor":11,"turns":3},{"damage":29,"enemies":"Lagavulin","floor":14,"turns":6},{"damage":55,"enemies":"Slime Boss","floor":16,"turns":9},{"damage":9,"enemies":"Shell Parasite","floor":18,"turns":5},{"damage":2,"enemies":"Spheric Guardian","floor":19,"turns":5},{"damage":0,"enemies":"3 Cultists","floor":22,"turns":8},{"damage":4,"enemies":"Snecko","floor":27,"turns":4},{"damage":27,"enemies":"HollowMod:Nosk","floor":29,"turns":5},{"damage":28,"enemies":"Centurion and Healer","floor":30,"turns":7},{"damage":14,"enemies":"Sentry and Sphere","floor":31,"turns":6},{"damage":69,"enemies":"Collector","floor":33,"turns":8}],"seed_played":"891961091616644189","potions_obtained":[{"floor":4.0,"key":"FearPotion"},{"floor":8,"key":"ColorlessPotion"},{"floor":22,"key":"BlessingOfTheForge"},{"floor":29,"key":"AttackPotion"},{"floor":30,"key":"Fire Potion"}],"is_trial":false,"path_per_floor":["M","$","?","M","?","R","M","E","T","R","M","R","$","E","R","B",null,"M","M","?","?","M","R","?","R","T","M","?","E","M","M","R","B"],"character_chosen":"THE_SOMNAMBULANT","items_purchased":["somnambulantmod: HappyThoughts","somnambulantmod: Unknow","somnambulantmod: Stimulus","Forethought"],"campfire_rested":6,"item_purchase_floors":[2,2,2,2],"current_hp_per_floor":[61,61,67,67,61,61,61,39,46,78,68,80,80,51,82,27,68,59,57,57,67,67,94,94,96,96,92,92,65,37,23,68,0,0],"gold":77,"neow_bonus":"TWO_FIFTY_GOLD","is_daily":false,"chose_seed":false,"campfire_upgraded":1,"win_rate":0.0,"timestamp":1607794307,"path_taken":["M","$","?","M","?","R","M","E","T","R","M","R","$","E","R","BOSS","M","M","?","?","M","R","?","R","T","?","?","E","M","M","R","BOSS"],"items_purchased_type":["Card","Card","Card","Card"],"build_version":"2020-11-30","purchased_purges":2,"victory":false,"max_hp_per_floor":[63,63,69,69,69,69,69,69,76,78,78,80,80,80,82,82,82,82,82,82,92,92,94,94,96,96,96,96,96,96,96,98,98,98],"card_choices":[{"not_picked":["somnambulantmod: HeavyLids","somnambulantmod: PillowFort"],"picked":"somnambulantmod: OpeningUp","floor":1.0},{"not_picked":["somnambulantmod: BadIdea","somnambulantmod: RacingThoughts","somnambulantmod: Trauma"],"picked":"SKIP","floor":4.0},{"not_picked":["somnambulantmod: Trauma","somnambulantmod: SnuggleUp"],"picked":"somnambulantmod: TimeCompression","floor":7.0},{"not_picked":["somnambulantmod: HeavyLids","somnambulantmod: ShimmeringVeil"],"picked":"somnambulantmod: Stimulus","floor":8},{"not_picked":["somnambulantmod: Nosebleed","somnambulantmod: RecurringDream","somnambulantmod: UnthoughtKnown"],"picked":"SKIP","floor":11},{"not_picked":["somnambulantmod: AllForNothing","somnambulantmod: PillowFort","somnambulantmod: Ignorance"],"picked":"SKIP","floor":14},{"not_picked":["somnambulantmod: RuthlessStudy","somnambulantmod: Lucidity"],"picked":"somnambulantmod: Withdraw","floor":16},{"not_picked":["somnambulantmod: Bloom","somnambulantmod: PillowFort"],"picked":"somnambulantmod: SleepingBody+1","floor":18},{"not_picked":["somnambulantmod: Pinch+1","somnambulantmod: TimeCompression+1"],"picked":"somnambulantmod: Wake","floor":19},{"not_picked":["somnambulantmod: RecurringDream+1","somnambulantmod: MindWave+1"],"picked":"somnambulantmod: TrepanningBlow+1","floor":22},{"not_picked":["somnambulantmod: Remember+1","somnambulantmod: BadIdea+1"],"picked":"somnambulantmod: DeeperSleep+1","floor":27},{"not_picked":["somnambulantmod: Damping","somnambulantmod: Unburden","somnambulantmod: Mindlessness"],"picked":"SKIP","floor":29},{"not_picked":["somnambulantmod: Stimulus+1","somnambulantmod: MuscleMemory"],"picked":"somnambulantmod: Relive+1","floor":30},{"not_picked":["somnambulantmod: BrainFeeder","somnambulantmod: Remember+1"],"picked":"somnambulantmod: DarkeningMind","floor":31}],"player_experience":1599537,"relics_obtained":[{"floor":8,"key":"Regal Pillow"},{"floor":9,"key":"Strawberry"},{"floor":14,"key":"Molten Egg 2"},{"floor":26,"key":"Vajra"},{"floor":29,"key":"Incense Burner"}],"event_choices":[{"damage_healed":0.0,"max_hp_gain":0.0,"max_hp_loss":0.0,"gold_gain":0.0,"event_name":"betterThird:BetterSerpent","player_choice":"RENOUNCE","floor":3.0,"gold_loss":30.0,"damage_taken":30.0,"cards_obtained":["Enlightenment"]},{"damage_healed":0.0,"max_hp_gain":0.0,"max_hp_loss":0.0,"gold_gain":0.0,"event_name":"Wheel of Change","player_choice":"Damaged","floor":5.0,"gold_loss":0.0,"damage_taken":6.0},{"damage_healed":0,"gold_gain":0,"player_choice":"Ignored","damage_taken":0,"max_hp_gain":0,"max_hp_loss":0,"event_name":"Vampires","floor":20,"gold_loss":0},{"damage_healed":0,"gold_gain":0,"player_choice":"Obtained Relic","damage_taken":0,"relics_obtained":["Pear"],"max_hp_gain":0,"max_hp_loss":0,"event_name":"Addict","floor":21,"gold_loss":85},{"damage_healed":0,"gold_gain":0,"player_choice":"Read","damage_taken":0,"max_hp_gain":0,"max_hp_loss":0,"event_name":"The Library","floor":24,"gold_loss":0,"cards_obtained":["somnambulantmod: OpeningUp"]},{"damage_healed":0,"gold_gain":0,"player_choice":"Opened","damage_taken":0,"relics_obtained":["Ice Cream"],"max_hp_gain":0,"max_hp_loss":0,"event_name":"The Mausoleum","floor":28,"gold_loss":0}],"is_beta":false,"boss_relics":[{"not_picked":["Cursed Key","SacredBark"],"picked":"Ectoplasm"}],"items_purged_floors":[2,13],"is_endless":false,"potions_floor_spawned":[4,8,22,29,30],"killed_by":"Collector","ascension_level":8}}