{"host":"hb4vxw74c1uv2sb0","time":1607752941,"event":{"mods":["AchievementEnabler","AlwaysNeverKeys","Aspiration","BaseMod","Better Altar","Better Match","Better Note","Better Sensory Stone","Better Skull","Better Third Choice","BetterRewards","CCEM","Card Forge","Colored Map","Colored Powertips","Conspire","Defuse TimeMaze Blight","Energized Spire","GifTheSpireLib","Googly Eyes","Highlight Path","Infinite Spire","JesterMod","Jorbs\u0027s Wanderer Trilogy","Luminous","Mad Scientist","Marisa????????","Minty Spire (QoL Compilation)","Permanent Neow","Replay The Spire","Shade Mod","Shop Mod","StSLib","The Cursed","The Death Knight","The Forsaken","The Hierophant","The Judge","The Necromancer","The Senshi","The Servant 0.9.4"],"gold_per_floor":[119,119,130,146,146,146,175,175,201,57,84,84,111,129,129,225,225,238,188,20,36,36,65,77,117,129,141,153,165,190,202,214,327,339,391,403,415,427,486,558,570,645,707,776,788,872,884,969,981,993,1005,1017,151,186,186],"floor_reached":56,"playtime":12381,"items_purged":["Strike_P","Strike_P","Defend_P","Defend_P","Writhe"],"score":1621,"play_id":"36910da2-934f-4615-8137-2cda198680bf","local_time":"20201211220221","is_ascension_mode":true,"campfire_choices":[{"data":"Prostrate","floor":6,"key":"SMITH"},{"floor":8,"key":"REST"},{"data":"Prostrate","floor":12,"key":"SMITH"},{"data":"Establishment","floor":15,"key":"SMITH"},{"floor":24,"key":"REST"},{"floor":28,"key":"REST"},{"floor":32,"key":"REST"},{"floor":41,"key":"REST"},{"data":"infinitespire:UltimateForm","floor":47,"key":"SMITH"},{"data":"Establishment","floor":49,"key":"SMITH"},{"data":"BattleHymn","floor":52,"key":"SMITH"}],"circlet_count":0,"master_deck":["Strike_P","Strike_P","Defend_P","Defend_P","Eruption","Vigilance","EmptyBody","Wireheading","Tantrum","Prostrate+1","Midas Touch","Discovery+1","Dark Shackles","Prostrate+1","Alpha","SandsOfTime","Establishment+1","Replay:Battleflow","Vault","BattleHymn+1","Evaluate+1","infinitespire:UltimateForm+1","Establishment+1","Omniscience","Replay:ManipulateFuture+1","infinitespire:Gouge","ReplayTheSpireMod:Chaos Vortex","EmptyBody+1","Apotheosis","Panacea+1","Sadistic Nature+1","ReplayTheSpireMod:Brewmster","Protect+1"],"relics":["PureWater","Hammer of Thor","Seething Fire","Anvil of the Gods","aspiration:HummingbirdHeart","ReplayTheSpireMod:ShopPack","CCEMRelics:DerglesHeadphones","infinitespire:Satchel","aspiration:FetidBarrel","infinitespire:Beetle Shell","energizedSpire:CursedPentagram","MawBank","Lizard Tail","Quantum Egg","aspiration:RitualStick","CCEMRelics:Sandal","infinitespire:EvilPickle","conspire:SpecialSausage","infinitespire:Eraser","Smiling Mask","CCEMRelics:FestiveHat","conspire:DecoderRing","Sling","CCEMRelics:FryingPan","Replay:Bottled Snecko"],"acts_visited":["Exordium","TheCity","TheBeyond","TheEnding"],"potions_floor_usage":[16,16,16,23,39,42,46,46,50,54,54,55],"damage_taken":[{"damage":6,"enemies":"Jaw Worm","floor":1,"turns":4},{"damage":0,"enemies":"Cultist","floor":3,"turns":6},{"damage":0,"enemies":"conspire:RoseBush","floor":4,"turns":4},{"damage":9,"enemies":"3 Sentries","floor":7,"turns":4},{"damage":11,"enemies":"Lagavulin","floor":11,"turns":6},{"damage":0,"enemies":"3 Sentries","floor":13,"turns":4},{"damage":0,"enemies":"Exordium Thugs","floor":14,"turns":5},{"damage":35,"enemies":"Slime Boss","floor":16,"turns":5},{"damage":11,"enemies":"Spheric Guardian","floor":18,"turns":5},{"damage":7,"enemies":"conspire:FuzzyDice","floor":21,"turns":5},{"damage":10,"enemies":"conspire:SneckoGhost","floor":23,"turns":6},{"damage":31,"enemies":"Slavers","floor":25,"turns":5},{"damage":0,"enemies":"Snake Plant","floor":30,"turns":4},{"damage":9,"enemies":"Pondfish","floor":33,"turns":6},{"damage":0,"enemies":"3 Shapes","floor":35,"turns":6},{"damage":5,"enemies":"Orb Walker","floor":39,"turns":6},{"damage":19,"enemies":"Nemesis","floor":40,"turns":6},{"damage":9,"enemies":"Giant Head","floor":42,"turns":8},{"damage":0,"enemies":"Maw","floor":44,"turns":6},{"damage":5,"enemies":"Jaw Worm Horde","floor":46,"turns":6},{"damage":0,"enemies":"4 Shapes","floor":48,"turns":5},{"damage":89,"enemies":"Awakened One","floor":50,"turns":12},{"damage":4,"enemies":"Shield and Spear","floor":54,"turns":4},{"damage":87,"enemies":"The Heart","floor":55,"turns":9}],"seed_played":"-5161371709831821795","potions_obtained":[{"floor":4,"key":"AttackPotion"},{"floor":5,"key":"Swift Potion"},{"floor":5,"key":"Flashbang"},{"floor":18,"key":"StancePotion"},{"floor":23,"key":"Swift Potion"},{"floor":30,"key":"Energy Potion"},{"floor":35,"key":"Fire Potion"},{"floor":40,"key":"Regen Potion"},{"floor":46,"key":"Doom Potion"},{"floor":54,"key":"Doom Potion"}],"is_trial":false,"path_per_floor":["M","?","M","M","?","R","E","R","T","$","E","R","E","M","R","B",null,"M","?","$","M","AVR","E","R","E","T","?","R","?","M","T","R","B",null,"M","AVR","?","?","M","E","R","E","T","M","T","M","R","M","R","B",null,"R","$","E","B",null],"character_chosen":"WATCHER","items_purchased":["aspiration:HummingbirdHeart","ReplayTheSpireMod:ShopPack","EmptyBody","Wireheading","Tantrum","Prostrate","Establishment","BattleHymn","ReplayTheSpireMod:Brewmster","Sling","CCEMRelics:FryingPan","infinitespire:BlackPotion","EssenceOfSteel"],"campfire_rested":5,"item_purchase_floors":[0,0,0,0,0,0,10,20,53,53,53,53,53],"current_hp_per_floor":[66,66,66,66,66,66,57,72,72,72,61,72,72,72,72,37,72,61,61,61,54,54,44,65,34,34,34,55,41,41,41,62,63,72,72,72,53,53,48,29,50,63,63,63,63,67,72,72,72,24,72,72,72,68,39],"gold":186,"neow_bonus":"","is_daily":false,"chose_seed":false,"campfire_upgraded":6,"win_rate":0.0,"timestamp":1607752941,"path_taken":["M","?","?","M","?","R","E","R","T","?","E","R","E","M","R","BOSS","M","?","$","M","AVR","E","R","E","T","?","R","?","M","?","R","BOSS","M","AVR","?","?","?","E","R","E","T","M","?","M","R","M","R","BOSS","R","$","E","BOSS"],"items_purchased_type":["Relic","Relic","Card","Card","Card","Card","Card","Card","Card","Relic","Relic","Potion","Potion"],"build_version":"2020-11-30","purchased_purges":5,"victory":true,"max_hp_per_floor":[72,72,72,72,72,72,72,72,72,72,72,72,72,72,72,72,72,72,72,72,72,72,72,72,72,72,72,72,72,72,72,72,72,72,72,72,72,72,72,72,72,72,72,72,72,72,72,72,72,72,72,72,72,72,72],"card_choices":[{"not_picked":["Secret Technique","Thinking Ahead"],"picked":"Midas Touch","floor":0},{"not_picked":["Dark Shackles","Specialist"],"picked":"Discovery","floor":0},{"not_picked":["Deep Breath","Replay:Parry"],"picked":"Dark Shackles","floor":0},{"not_picked":["EmptyMind","Halt"],"picked":"Prostrate","floor":1},{"not_picked":["Collect","JustLucky"],"picked":"Alpha","floor":3},{"not_picked":["EmptyFist","Consecrate"],"picked":"SandsOfTime","floor":4},{"not_picked":["Swivel","EmptyFist","WindmillStrike"],"picked":"SKIP","floor":7},{"not_picked":["InnerPeace","PathToVictory"],"picked":"MasterReality","floor":11},{"not_picked":["ClearTheMind","Replay:AtTheReady"],"picked":"Replay:Battleflow","floor":13},{"not_picked":["Crescendo","BowlingBash","Prostrate"],"picked":"SKIP","floor":14},{"not_picked":["Alpha","Omniscience"],"picked":"Vault","floor":16},{"not_picked":["Halt","PathToVictory","Conclude+1"],"picked":"SKIP","floor":18},{"not_picked":["EmptyFist","FollowUp+1"],"picked":"Evaluate+1","floor":21},{"not_picked":["SandsOfTime+1","ThirdEye","Halt+1"],"picked":"SKIP","floor":23},{"not_picked":["Tantrum","Vault","MentalFortress+1"],"picked":"SKIP","floor":25},{"not_picked":["EmptyFist","Prostrate","BowlingBash"],"picked":"SKIP","floor":30},{"not_picked":["EmptyFist","Prostrate","BowlingBash"],"picked":"SKIP","floor":30},{"not_picked":["SpiritShield","Scrawl"],"picked":"Omniscience","floor":33},{"not_picked":["SashWhip+1","ReachHeaven"],"picked":"Replay:ManipulateFuture+1","floor":35},{"not_picked":["infinitespire:Punishment","ReplayTheSpireMod:??????????????????????"],"picked":"ReplayTheSpireMod:Chaos Vortex","floor":37},{"not_picked":["ClearTheMind","Indignation","PathToVictory+1"],"picked":"SKIP","floor":39},{"not_picked":["ThirdEye+1","Alpha","JustLucky"],"picked":"SKIP","floor":40},{"not_picked":["FollowUp+1","SpiritShield","Crescendo+1"],"picked":"SKIP","floor":42},{"not_picked":["Specialist+1","Apotheosis+1"],"picked":"Swift Strike+1","floor":44},{"not_picked":["BowlingBash+1","Replay:AtTheReady+1"],"picked":"EmptyBody+1","floor":44},{"not_picked":["Dramatic Entrance+1","Swift Strike+1"],"picked":"Panacea+1","floor":46},{"not_picked":["Weave+1","ThirdEye+1","FlurryOfBlows+1"],"picked":"SKIP","floor":46},{"not_picked":["Dramatic Entrance+1","Blind+1"],"picked":"Sadistic Nature+1","floor":48},{"not_picked":["Weave","PathToVictory","FlyingSleeves+1"],"picked":"SKIP","floor":48},{"not_picked":["Prostrate","EmptyFist"],"picked":"Protect+1","floor":54}],"player_experience":622695,"relics_obtained":[{"floor":7,"key":"CCEMRelics:DerglesHeadphones"},{"floor":9,"key":"infinitespire:Satchel"},{"floor":11,"key":"aspiration:FetidBarrel"},{"floor":13,"key":"infinitespire:Beetle Shell"},{"floor":23,"key":"MawBank"},{"floor":25,"key":"Lizard Tail"},{"floor":26,"key":"Quantum Egg"},{"floor":31,"key":"CCEMRelics:Sandal"},{"floor":40,"key":"infinitespire:Eraser"},{"floor":42,"key":"Smiling Mask"},{"floor":43,"key":"CCEMRelics:FestiveHat"},{"floor":45,"key":"conspire:DecoderRing"},{"floor":54,"key":"Replay:Bottled Snecko"}],"event_choices":[{"damage_healed":0,"gold_gain":0,"player_choice":"Upgraded","damage_taken":0,"max_hp_gain":0,"max_hp_loss":0,"event_name":"Upgrade Shrine","floor":2,"gold_loss":0,"cards_upgraded":["Discovery"]},{"damage_healed":0,"gold_gain":0,"player_choice":"Got Potions","damage_taken":0,"max_hp_gain":0,"max_hp_loss":0,"event_name":"Lab","floor":5,"gold_loss":0},{"damage_healed":0,"gold_gain":0,"player_choice":"Bet on Owner","damage_taken":0,"max_hp_gain":0,"max_hp_loss":0,"event_name":"The Joust","floor":19,"gold_loss":50},{"cards_removed":["MasterReality"],"damage_healed":0,"gold_gain":0,"player_choice":"Give","damage_taken":0,"max_hp_gain":0,"max_hp_loss":0,"event_name":"betterNote:BetterNote","floor":27,"gold_loss":0,"cards_obtained":["DeathKnight:Defend_DeathKnight"]},{"damage_healed":0,"gold_gain":0,"player_choice":"Ignored","damage_taken":0,"max_hp_gain":0,"max_hp_loss":0,"event_name":"betterThird:BetterPortal","floor":38,"gold_loss":0}],"is_beta":false,"boss_relics":[{"not_picked":["Cursed Key","Empty Cage"],"picked":"energizedSpire:CursedPentagram"},{"not_picked":["Replay:Grab Bag","energizedSpire:DeadBattery"],"picked":"conspire:SpecialSausage"}],"items_purged_floors":[0,20,22,36,53],"is_endless":false,"potions_floor_spawned":[4,7,18,23,30,35,40,46,54],"ascension_level":1}}