{"host":"2se5dq1do2gp0x9k","time":1607762029,"event":{"mods":["AchievementEnabler","BaseMod","Block Reminder","Colored Map","Colored Powertips","Minty Spire (QoL Compilation)","Relic Stats","StSLib","SuperFastMode"],"gold_per_floor":[117,267,267,103,117,146,164,197,197,207,222,248,268,268,268,347,347,317,129,143,143,143,143,157,157,206,206,206],"floor_reached":27,"playtime":765,"items_purged":["Doubt","Strike_B"],"score":516,"play_id":"ed788633-fc86-4e16-8d8f-a9bf174fb581","local_time":"20201212003349","is_ascension_mode":true,"campfire_choices":[{"data":"Defragment","floor":15,"key":"SMITH"},{"data":"Loop","floor":23,"key":"SMITH"},{"floor":25,"key":"REST"}],"circlet_count":0,"master_deck":["AscendersBane","Strike_B","Strike_B","Defend_B","Defend_B","Defend_B","Defend_B","Zap","Dualcast","Ball Lightning","FTL","Melter","Glacier","Loop","Conserve Battery","Compile Driver","Ball Lightning","Defragment+1","Multi-Cast","Fission+1","Hologram","Loop+1"],"relics":["Cracked Core","NeowsBlessing","DataDisk","White Beast Statue","Sundial","Question Card","Pantograph","SacredBark"],"acts_visited":["Exordium","TheCity"],"potions_floor_usage":[24,27],"damage_taken":[{"damage":0,"enemies":"Small Slimes","floor":1,"turns":1},{"damage":0,"enemies":"Cultist","floor":5,"turns":1},{"damage":0,"enemies":"Gremlin Nob","floor":6,"turns":1},{"damage":4,"enemies":"2 Louse","floor":7,"turns":2},{"damage":2,"enemies":"Lagavulin","floor":8,"turns":6},{"damage":4,"enemies":"Exordium Wildlife","floor":10,"turns":3},{"damage":0,"enemies":"Large Slime","floor":11,"turns":4},{"damage":14,"enemies":"Gremlin Nob","floor":12,"turns":4},{"damage":12,"enemies":"Lots of Slimes","floor":13,"turns":3},{"damage":21,"enemies":"Hexaghost","floor":16,"turns":9},{"damage":14,"enemies":"2 Thieves","floor":18,"turns":4},{"damage":0,"enemies":"Spheric Guardian","floor":20,"turns":2},{"damage":8,"enemies":"Snake Plant","floor":24,"turns":5},{"damage":40,"enemies":"Book of Stabbing","floor":27,"turns":4}],"seed_played":"7084625502357515178","potions_obtained":[{"floor":5,"key":"LiquidMemories"},{"floor":7,"key":"Swift Potion"},{"floor":12,"key":"DuplicationPotion"},{"floor":24,"key":"LiquidMemories"}],"is_trial":false,"path_per_floor":["M","?","?","$","M","E","M","E","T","M","M","E","M","?","R","B",null,"M","$","M","?","?","R","M","R","T","E"],"character_chosen":"DEFECT","items_purchased":["Melter","Loop"],"campfire_rested":1,"item_purchase_floors":[4,19],"current_hp_per_floor":[64,64,64,64,64,64,60,58,58,54,54,40,28,10,10,14,57,43,43,43,23,23,23,15,37,37,0,0],"gold":206,"neow_bonus":"THREE_ENEMY_KILL","is_daily":false,"chose_seed":false,"campfire_upgraded":2,"win_rate":0.0,"timestamp":1607762029,"path_taken":["M","?","?","$","M","E","M","E","T","M","?","E","M","?","R","BOSS","M","$","M","?","?","R","M","R","T","E"],"items_purchased_type":["Card","Card"],"build_version":"2020-11-30","purchased_purges":2,"victory":false,"max_hp_per_floor":[71,71,71,71,71,71,71,71,71,71,71,71,71,71,71,71,71,71,71,71,76,76,76,76,76,76,76,76],"relic_stats":{"counters":[14,49],"Sundial":[4],"Pantograph":25,"Question Card":5,"obtain_stats":[{"DataDisk":6,"NeowsBlessing":0,"Sundial":9,"Pantograph":14,"SacredBark":17,"Cracked Core":0,"Question Card":12,"White Beast Statue":8},{"DataDisk":3,"NeowsBlessing":0,"Sundial":5,"Pantograph":9,"SacredBark":10,"Cracked Core":0,"Question Card":8,"White Beast Statue":5},{"DataDisk":3,"NeowsBlessing":0,"Sundial":11,"Pantograph":25,"SacredBark":34,"Cracked Core":0,"Question Card":22,"White Beast Statue":11}]},"card_choices":[{"not_picked":["Beam Cell","Conserve Battery"],"picked":"Ball Lightning","floor":1},{"not_picked":["Leap","Go for the Eyes"],"picked":"Glacier","floor":5},{"not_picked":["Undo","Steam"],"picked":"Loop","floor":6},{"not_picked":["Leap","Beam Cell"],"picked":"Conserve Battery","floor":7},{"not_picked":["Rebound","Double Energy"],"picked":"Compile Driver","floor":8},{"not_picked":["Turbo","Stack"],"picked":"Ball Lightning","floor":10},{"not_picked":["Ball Lightning","Compile Driver"],"picked":"Defragment","floor":11},{"not_picked":["Leap","Hologram"],"picked":"Multi-Cast","floor":12},{"not_picked":["Leap","Compile Driver","Go for the Eyes","Stack"],"picked":"SKIP","floor":13},{"not_picked":["Core Surge","Buffer","Reboot"],"picked":"Fission","floor":16},{"not_picked":["Hello World","Leap","Ball Lightning+1"],"picked":"Hologram","floor":18},{"not_picked":["Barrage","Cold Snap","Conserve Battery","Rebound"],"picked":"SKIP","floor":20},{"not_picked":["Reprogram","Streamline+1","Turbo","Heatsinks"],"picked":"SKIP","floor":24}],"player_experience":3604152,"relics_obtained":[{"floor":6,"key":"DataDisk"},{"floor":8,"key":"White Beast Statue"},{"floor":9,"key":"Sundial"},{"floor":12,"key":"Question Card"}],"event_choices":[{"damage_healed":0,"gold_gain":150,"player_choice":"AGREE","damage_taken":0,"max_hp_gain":0,"max_hp_loss":0,"event_name":"Liars Game","floor":2,"gold_loss":0,"cards_obtained":["Doubt"]},{"damage_healed":0,"gold_gain":0,"cards_transformed":["Strike_B"],"player_choice":"Transformed","damage_taken":0,"max_hp_gain":0,"max_hp_loss":0,"event_name":"Transmorgrifier","floor":3,"gold_loss":0,"cards_obtained":["FTL"]},{"damage_healed":0,"gold_gain":0,"player_choice":"Success","damage_taken":18,"relics_obtained":["Pantograph"],"max_hp_gain":0,"max_hp_loss":0,"event_name":"Scrap Ooze","floor":14,"gold_loss":0},{"damage_healed":0,"gold_gain":0,"player_choice":"Shed Blood","damage_taken":25,"max_hp_gain":5,"max_hp_loss":0,"event_name":"Forgotten Altar","floor":21,"gold_loss":0},{"damage_healed":0,"gold_gain":0,"player_choice":"Forge","damage_taken":0,"max_hp_gain":0,"max_hp_loss":0,"event_name":"Accursed Blacksmith","floor":22,"gold_loss":0,"cards_upgraded":["Fission"]}],"is_beta":false,"boss_relics":[{"not_picked":["Black Star","Pandora\u0027s Box"],"picked":"SacredBark"}],"items_purged_floors":[4,19],"is_endless":false,"potions_floor_spawned":[5,7,8,10,11,12,13,16,18,20,24],"killed_by":"Book of Stabbing","ascension_level":20}}