{"host":"5gc11emcm5chfr5t","time":1607756817,"event":{"mods":["2.2 Compatiblity","AchievementEnabler","BaseMod","Bestiary","Better Note","Colored Map","Colored Powertips","Googly Eyes","Minty Spire (QoL Compilation)","Rare Cards Sparkle","StSLib"],"gold_per_floor":[109,120,132,132,146,146,111,111,158,181,224,240,240,21,21,151,151,172,191,210,210,210,210,248,268,318,318,336,360,378,71,71,200,200,216,216,241,574,584,84,113,131,131,0,0,0,0,18,18,18,18],"floor_reached":50,"playtime":1733,"items_purged":["Defend_R","Defend_R"],"score":571,"play_id":"4f05f9b1-fe9d-462a-9d22-ac36b3afd6b2","local_time":"20201212020657","is_ascension_mode":false,"campfire_choices":[{"data":"Iron Wave","floor":6.0,"key":"SMITH"},{"data":"Perfected Strike","floor":13.0,"key":"SMITH"},{"data":"Apotheosis","floor":15.0,"key":"SMITH"},{"floor":23.0,"key":"RECALL"},{"floor":27.0,"key":"REST"},{"floor":32.0,"key":"REST"},{"floor":45.0,"key":"DIG"},{"floor":47.0,"key":"DIG"},{"floor":49.0,"key":"DIG"}],"circlet_count":0,"master_deck":["Strike_R","Strike_R","Strike_R","Strike_R","Strike_R","Bash","Immolate","Pommel Strike","Iron Wave+1","Ghostly Armor","Reaper","Anger","Shockwave","Perfected Strike+1","Apotheosis+1","Double Tap","Twin Strike","Infernal Blade+1","Metallicize","Fiend Fire","Rupture","Rage","Perfected Strike","Berserk","Dark Embrace+1","Bandage Up+1","Mayhem","True Grit+1"],"relics":["Black Blood","Anchor","Mark of Pain","Charon\u0027s Ashes","Bronze Scales","Regal Pillow","Membership Card","Mummified Hand","Paper Frog","Boot","Sling","Shovel","Gremlin Horn","Red Mask","Eternal Feather","Lantern","Bag of Marbles"],"acts_visited":["Exordium","TheCity","TheBeyond"],"potions_floor_usage":[],"damage_taken":[{"damage":0.0,"enemies":"Small Slimes","floor":1.0,"turns":2.0},{"damage":1.0,"enemies":"Cultist","floor":2.0,"turns":3.0},{"damage":1.0,"enemies":"2 Louse","floor":3.0,"turns":3.0},{"damage":0.0,"enemies":"Exordium Wildlife","floor":5.0,"turns":3.0},{"damage":3.0,"enemies":"Red Slaver","floor":10.0,"turns":5.0},{"damage":9.0,"enemies":"3 Sentries","floor":11.0,"turns":6.0},{"damage":8.0,"enemies":"Exordium Thugs","floor":12.0,"turns":4.0},{"damage":11.0,"enemies":"Slime Boss","floor":16.0,"turns":5.0},{"damage":0.0,"enemies":"2 Thieves","floor":18.0,"turns":3.0},{"damage":12.0,"enemies":"Shell Parasite","floor":19.0,"turns":6.0},{"damage":8.0,"enemies":"Snecko","floor":20.0,"turns":5.0},{"damage":0.0,"enemies":"Book of Stabbing","floor":24.0,"turns":3.0},{"damage":18.0,"enemies":"Shelled Parasite and Fungi","floor":25.0,"turns":4.0},{"damage":15.0,"enemies":"Centurion and Healer","floor":28.0,"turns":3.0},{"damage":0.0,"enemies":"Snecko","floor":29.0,"turns":4.0},{"damage":14.0,"enemies":"Sentry and Sphere","floor":30.0,"turns":4.0},{"damage":43.0,"enemies":"Automaton","floor":33.0,"turns":8.0},{"damage":22.0,"enemies":"3 Darklings","floor":35.0,"turns":3.0},{"damage":0.0,"enemies":"Orb Walker","floor":37.0,"turns":2.0},{"damage":39.0,"enemies":"Writhing Mass","floor":39.0,"turns":4.0},{"damage":0.0,"enemies":"Nemesis","floor":41.0,"turns":3.0},{"damage":49.0,"enemies":"Spire Growth","floor":42.0,"turns":4.0},{"damage":0.0,"enemies":"Jaw Worm Horde","floor":48.0,"turns":2.0},{"damage":112,"enemies":"Time Eater","floor":50,"turns":9}],"seed_played":"8054443387686625016","potions_obtained":[{"floor":3.0,"key":"SkillPotion"},{"floor":5.0,"key":"SneckoOil"},{"floor":10.0,"key":"Explosive Potion"},{"floor":11.0,"key":"Dexterity Potion"},{"floor":12.0,"key":"Block Potion"},{"floor":16.0,"key":"Explosive Potion"},{"floor":20.0,"key":"AttackPotion"},{"floor":24.0,"key":"Ancient Potion"},{"floor":28.0,"key":"ElixirPotion"},{"floor":30.0,"key":"AttackPotion"},{"floor":35.0,"key":"Block Potion"},{"floor":39.0,"key":"Fire Potion"},{"floor":42.0,"key":"Fire Potion"}],"is_trial":false,"path_per_floor":["M","M","M","?","M","R","?","?","T","M","E","M","R","$","R","B",null,"M","M","M","?","?","R","E","M","T","R","M","M","M","$","R","B",null,"M","?","M","?","M","$","E","M","T","?","R","?","R","M","R","B"],"character_chosen":"IRONCLAD","items_purchased":["Apotheosis","Strength Potion","Membership Card","Mummified Hand","Paper Frog","FairyPotion","Boot","Sling","Mayhem","PowerPotion"],"campfire_rested":2,"item_purchase_floors":[14,14,31,31,40,40,40,40,40,40],"current_hp_per_floor":[72,72,72,54,60,60,72,72,72,72,69,70,70,70,70,67,72,72,72,70,70,70,70,72,60,60,72,63,72,64,64,72,35,72,72,72,72,72,45,45,63,35,35,35,35,35,50,62,72,0,0],"gold":18,"neow_bonus":"THREE_RARE_CARDS","is_daily":false,"chose_seed":false,"campfire_upgraded":3,"win_rate":0.0,"timestamp":1607756817,"path_taken":["M","M","M","?","M","R","?","?","T","?","E","M","R","$","R","BOSS","M","M","M","?","?","R","E","M","T","R","?","M","M","$","R","BOSS","M","?","M","?","M","$","E","M","T","?","R","?","R","?","R","BOSS"],"items_purchased_type":["Card","Potion","Relic","Relic","Relic","Potion","Relic","Relic","Card","Potion"],"build_version":"2020-11-30","purchased_purges":2,"victory":false,"max_hp_per_floor":[72,72,72,72,72,72,72,72,72,72,72,72,72,72,72,72,72,72,72,72,72,72,72,72,72,72,72,72,72,72,72,72,72,72,72,72,72,72,72,72,72,72,72,72,72,72,72,72,72,72,72],"card_choices":[{"not_picked":["Berserk","Fiend Fire"],"picked":"Immolate","floor":0.0},{"not_picked":["True Grit","Twin Strike"],"picked":"Pommel Strike","floor":1.0},{"not_picked":["Disarm","Flex"],"picked":"Iron Wave","floor":2.0},{"not_picked":["Anger","Pommel Strike"],"picked":"Ghostly Armor","floor":3.0},{"not_picked":["Body Slam","Havoc"],"picked":"Reaper","floor":5.0},{"not_picked":["Flex","Cleave"],"picked":"Anger","floor":10.0},{"not_picked":["Thunderclap","Wild Strike"],"picked":"Shockwave","floor":11.0},{"not_picked":["Sword Boomerang","Reaper"],"picked":"Perfected Strike","floor":12.0},{"not_picked":["Immolate","Feed"],"picked":"Double Tap","floor":16.0},{"not_picked":["Clash","Body Slam+1"],"picked":"Twin Strike","floor":18.0},{"not_picked":["Metallicize+1","Clothesline"],"picked":"Infernal Blade+1","floor":19.0},{"not_picked":["Headbutt","Cleave+1"],"picked":"Metallicize","floor":20.0},{"not_picked":["Reaper","Carnage"],"picked":"Rage","floor":24.0},{"not_picked":["Thunderclap","Dark Embrace","True Grit"],"picked":"SKIP","floor":25.0},{"not_picked":["Headbutt","Pummel+1","Second Wind"],"picked":"SKIP","floor":28.0},{"not_picked":["Battle Trance","Heavy Blade","Armaments"],"picked":"SKIP","floor":29.0},{"not_picked":["Clothesline","Havoc"],"picked":"Perfected Strike","floor":30.0},{"not_picked":["Limit Break","Double Tap"],"picked":"Berserk","floor":33.0},{"not_picked":["Twin Strike","Blood for Blood"],"picked":"Dark Embrace+1","floor":35.0},{"not_picked":["Secret Weapon","Blind"],"picked":"Bandage Up","floor":36.0},{"not_picked":["Ghostly Armor","Clash+1","Dropkick"],"picked":"SKIP","floor":37.0},{"not_picked":["Cleave","Bloodletting+1","Second Wind"],"picked":"SKIP","floor":39.0},{"not_picked":["Clothesline","True Grit","Clash+1"],"picked":"SKIP","floor":41.0},{"not_picked":["Thunderclap","Wild Strike"],"picked":"True Grit+1","floor":42.0},{"not_picked":["Reaper","Seeing Red","Rampage"],"picked":"SKIP","floor":48.0}],"player_experience":322085,"relics_obtained":[{"floor":11.0,"key":"Anchor"},{"floor":24.0,"key":"Bronze Scales"},{"floor":26.0,"key":"Regal Pillow"},{"floor":41.0,"key":"Shovel"},{"floor":43.0,"key":"Gremlin Horn"},{"floor":45.0,"key":"Eternal Feather"},{"floor":47.0,"key":"Lantern"},{"floor":49.0,"key":"Bag of Marbles"}],"event_choices":[{"damage_healed":0.0,"max_hp_gain":0.0,"max_hp_loss":0.0,"gold_gain":0.0,"event_name":"Golden Idol","player_choice":"Take Damage","floor":4.0,"gold_loss":0.0,"damage_taken":18.0,"relics_obtained":["Golden Idol"]},{"damage_healed":18.0,"max_hp_gain":0.0,"max_hp_loss":0.0,"gold_gain":0.0,"event_name":"The Cleric","player_choice":"Healed","floor":7.0,"gold_loss":35.0,"damage_taken":0.0},{"cards_removed":["Immolate"],"damage_healed":0.0,"max_hp_gain":0.0,"max_hp_loss":0.0,"gold_gain":0.0,"event_name":"betterNote:BetterNote","player_choice":"Give","floor":8.0,"gold_loss":0.0,"damage_taken":0.0,"cards_obtained":["Doubt"]},{"damage_healed":0.0,"max_hp_gain":0.0,"max_hp_loss":0.0,"gold_gain":0.0,"cards_transformed":["Defend_R","Defend_R"],"event_name":"Drug Dealer","player_choice":"Became Test Subject","floor":21.0,"gold_loss":0.0,"damage_taken":0.0,"cards_obtained":["Fiend Fire","Rupture"]},{"damage_healed":0.0,"max_hp_gain":0.0,"max_hp_loss":0.0,"gold_gain":0.0,"event_name":"WeMeetAgain","player_choice":"Gave Potion","floor":22.0,"gold_loss":0.0,"damage_taken":0.0,"relics_obtained":["Charon\u0027s Ashes"]},{"damage_healed":0.0,"max_hp_gain":0.0,"max_hp_loss":0.0,"gold_gain":0.0,"event_name":"SensoryStone","player_choice":"Memory 1","floor":36.0,"gold_loss":0.0,"damage_taken":0.0},{"damage_healed":0.0,"max_hp_gain":0.0,"max_hp_loss":0.0,"gold_gain":333.0,"event_name":"The Moai Head","player_choice":"Gave Idol","floor":38.0,"relics_lost":["Golden Idol"],"gold_loss":0.0,"damage_taken":0.0},{"damage_healed":0.0,"max_hp_gain":0.0,"max_hp_loss":0.0,"gold_gain":0.0,"event_name":"Tomb of Lord Red Mask","player_choice":"Paid","floor":44.0,"gold_loss":131.0,"damage_taken":0.0,"relics_obtained":["Red Mask"]},{"damage_healed":0.0,"max_hp_gain":0.0,"max_hp_loss":0.0,"gold_gain":0.0,"event_name":"Upgrade Shrine","player_choice":"Upgraded","floor":46.0,"gold_loss":0.0,"damage_taken":0.0,"cards_upgraded":["Bandage Up"]}],"is_beta":false,"boss_relics":[{"not_picked":["SacredBark","Velvet Choker"],"picked":"Mark of Pain"},{"not_picked":["Cursed Key","Philosopher\u0027s Stone"],"picked":"Black Blood"}],"items_purged_floors":[31,40],"is_endless":false,"potions_floor_spawned":[3,5,10,11,12,16,20,24,28,30,35,39,42],"killed_by":"Time Eater","ascension_level":0}}