{"host":"07ljfmttuzqopd7f","time":1607812663,"event":{"mods":["2.2 Compatiblity","BaseMod","Bestiary","Block Reminder","Colored Map","Colored Powertips","Curses Come First","Hermit","Minty Spire (QoL Compilation)","Quick Restart","Random Character Button","Rare Cards Sparkle","Relic Stats","StSLib","The Cursed","UnlockEverythingMod"],"gold_per_floor":[117,131,150,166,11,11,44,61,61,75,103,118,118,134,134,232,232,243,257,274,274,274,274,305,305,305,305,125,125,136,150,150,150,150],"floor_reached":33,"playtime":1493,"items_purged":["hermit:Strike_Hermit","hermit:Defend_Hermit"],"score":433,"play_id":"7411a1a7-23c9-4086-be6e-7167c3976642","local_time":"20201212173743","is_ascension_mode":true,"campfire_choices":[{"data":"hermit:CursedWeapon","floor":6,"key":"SMITH"},{"floor":15,"key":"REST"},{"data":"hermit:Manifest","floor":23,"key":"SMITH"},{"floor":27,"key":"REST"},{"floor":32,"key":"REST"}],"circlet_count":0,"master_deck":["hermit:Strike_Hermit","hermit:Strike_Hermit","hermit:Strike_Hermit","hermit:Defend_Hermit","hermit:Defend_Hermit","hermit:Defend_Hermit","hermit:Snapshot","hermit:Covet","hermit:Desperado","hermit:HoleUp","hermit:CursedWeapon+1","hermit:Misfire","hermit:Cheat","hermit:Determination","hermit:Vantage","hermit:Ricochet","hermit:Snipe","hermit:PistolWhip","Parasite","hermit:Glare","hermit:HighNoon","hermit:Dive","hermit:Horror+1","hermit:Manifest+1","Decay","hermit:Malice","hermit:Determination","hermit:Reprieve"],"relics":["hermit:Momento","Blue Candle","Darkstone Periapt","Strawberry","Sozu","Mango","Shuriken","Boot"],"acts_visited":["Exordium","TheCity"],"potions_floor_usage":[7,11,16,16,16,31],"damage_taken":[{"damage":1,"enemies":"Cultist","floor":1,"turns":3},{"damage":0,"enemies":"Small Slimes","floor":2,"turns":2},{"damage":4,"enemies":"Jaw Worm","floor":3,"turns":3},{"damage":2,"enemies":"3 Louse","floor":4,"turns":3},{"damage":27,"enemies":"3 Sentries","floor":7,"turns":8},{"damage":8,"enemies":"Looter","floor":8,"turns":3},{"damage":22,"enemies":"Exordium Thugs","floor":10,"turns":4},{"damage":2,"enemies":"Gremlin Nob","floor":11,"turns":2},{"damage":2,"enemies":"3 Louse","floor":12,"turns":2},{"damage":11,"enemies":"Exordium Wildlife","floor":14,"turns":4},{"damage":18,"enemies":"Hexaghost","floor":16,"turns":8},{"damage":5,"enemies":"3 Byrds","floor":18,"turns":7},{"damage":11,"enemies":"Spheric Guardian","floor":19,"turns":3},{"damage":19,"enemies":"Snake Plant","floor":20,"turns":3},{"damage":35,"enemies":"Book of Stabbing","floor":24,"turns":5},{"damage":10,"enemies":"Cultist and Chosen","floor":30,"turns":4},{"damage":29,"enemies":"Shelled Parasite and Fungi","floor":31,"turns":4},{"damage":76,"enemies":"Champ","floor":33,"turns":7}],"seed_played":"-1761774449356580289","potions_obtained":[{"floor":1,"key":"hermit:Tonic"},{"floor":3,"key":"Strength Potion"},{"floor":10,"key":"Block Potion"},{"floor":12,"key":"SkillPotion"},{"floor":14,"key":"DistilledChaos"},{"floor":16,"key":"hermit:Tonic"}],"is_trial":false,"path_per_floor":["M","M","M","M","$","R","E","M","T","M","E","M","?","M","R","B",null,"M","M","M","?","?","R","E","?","T","R","$","?","M","M","R","B"],"character_chosen":"HERMIT","items_purchased":["hermit:Determination","hermit:Malice"],"campfire_rested":3,"item_purchase_floors":[5,28],"current_hp_per_floor":[74,74,70,68,68,68,41,33,33,11,16,14,40,29,55,37,75,70,59,40,54,60,60,25,25,25,57,57,57,47,18,50,0,0],"gold":150,"neow_bonus":"THREE_CARDS","is_daily":false,"chose_seed":false,"campfire_upgraded":2,"win_rate":0.0,"timestamp":1607812663,"path_taken":["M","?","M","M","$","R","E","M","T","?","E","M","?","M","R","BOSS","M","M","M","?","?","R","E","?","T","R","$","?","?","M","R","BOSS"],"items_purchased_type":["Card","Card"],"build_version":"2020-11-30","purchased_purges":2,"victory":false,"max_hp_per_floor":[75,75,75,75,75,75,75,75,75,75,82,82,88,88,88,88,88,88,88,88,102,108,108,108,108,108,108,108,108,108,108,108,108,108],"relic_stats":{"Darkstone Periapt":12,"Sozu":7,"counters":[18,75],"Shuriken":[4],"Blue Candle":[1],"Boot":[4],"obtain_stats":[{"Darkstone Periapt":9,"Sozu":17,"Shuriken":24,"Blue Candle":7,"Strawberry":11,"Mango":21,"Boot":26,"hermit:Momento":0},{"Darkstone Periapt":6,"Sozu":11,"Shuriken":15,"Blue Candle":5,"Strawberry":8,"Mango":14,"Boot":15,"hermit:Momento":0},{"Darkstone Periapt":22,"Sozu":42,"Shuriken":60,"Blue Candle":19,"Strawberry":28,"Mango":55,"Boot":60,"hermit:Momento":0}]},"card_choices":[{"not_picked":["hermit:BigShot","hermit:Midnight"],"picked":"hermit:Desperado","floor":0},{"not_picked":["hermit:Grudge","hermit:Midnight"],"picked":"hermit:HoleUp","floor":1},{"not_picked":["hermit:Desperado","hermit:Ricochet"],"picked":"hermit:CursedWeapon","floor":2},{"not_picked":["hermit:Roulette","hermit:EyeOfTheStorm"],"picked":"hermit:Misfire","floor":3},{"not_picked":["hermit:TakeAim","hermit:HighCaliber"],"picked":"hermit:Cheat","floor":4},{"not_picked":["hermit:HighCaliber","hermit:FullyLoaded"],"picked":"hermit:Vantage","floor":7},{"not_picked":["hermit:Misfire","hermit:Vantage"],"picked":"hermit:Ricochet","floor":8},{"not_picked":["hermit:HighCaliber","hermit:ItchyTrigger"],"picked":"hermit:Snipe","floor":10},{"not_picked":["hermit:Feint","hermit:Dive"],"picked":"hermit:PistolWhip","floor":11},{"not_picked":["hermit:Desperado","hermit:Headshot","hermit:Feint"],"picked":"SKIP","floor":12},{"not_picked":["hermit:Shortfuse","hermit:LoneWolf"],"picked":"hermit:Glare","floor":14},{"not_picked":["hermit:OverwhelmingPower","hermit:Purgatory"],"picked":"hermit:HighNoon","floor":16},{"not_picked":["hermit:DeadMansHand","hermit:Coalescence+1"],"picked":"hermit:Dive","floor":18},{"not_picked":["hermit:Brawl+1","hermit:Headshot"],"picked":"hermit:Horror+1","floor":19},{"not_picked":["hermit:ItchyTrigger","hermit:HighCaliber"],"picked":"hermit:Manifest","floor":20},{"not_picked":["hermit:FullyLoaded+1","hermit:CalledShot","hermit:Vantage"],"picked":"SKIP","floor":24},{"not_picked":["hermit:HoleUp+1","hermit:Combo"],"picked":"hermit:Determination","floor":30},{"not_picked":["hermit:ItchyTrigger+1","hermit:HighCaliber"],"picked":"hermit:Reprieve","floor":31}],"player_experience":392634,"relics_obtained":[{"floor":7,"key":"Blue Candle"},{"floor":9,"key":"Darkstone Periapt"},{"floor":11,"key":"Strawberry"},{"floor":24,"key":"Shuriken"},{"floor":26,"key":"Boot"}],"event_choices":[{"damage_healed":20,"gold_gain":0,"player_choice":"Healed and dodged fight","damage_taken":0,"max_hp_gain":0,"max_hp_loss":0,"event_name":"Mushrooms","floor":13,"gold_loss":0,"cards_obtained":["Parasite"]},{"damage_healed":0,"gold_gain":0,"player_choice":"Opened","damage_taken":0,"relics_obtained":["Mango"],"max_hp_gain":0,"max_hp_loss":0,"event_name":"The Mausoleum","floor":21,"gold_loss":0},{"damage_healed":0,"gold_gain":0,"player_choice":"Smashed Altar","damage_taken":0,"max_hp_gain":0,"max_hp_loss":0,"event_name":"Forgotten Altar","floor":22,"gold_loss":0,"cards_obtained":["Decay"]},{"damage_healed":0,"gold_gain":0,"player_choice":"Ignored","damage_taken":0,"max_hp_gain":0,"max_hp_loss":0,"event_name":"Cursed Tome","floor":25,"gold_loss":0},{"damage_healed":0,"gold_gain":0,"player_choice":"Got Potions","damage_taken":0,"max_hp_gain":0,"max_hp_loss":0,"event_name":"Lab","floor":29,"gold_loss":0}],"is_beta":false,"boss_relics":[{"not_picked":["Black Star","Runic Pyramid"],"picked":"Sozu"}],"items_purged_floors":[5,28],"is_endless":false,"potions_floor_spawned":[1,3,10,12,14,16,19,20,24,31],"killed_by":"Champ","ascension_level":5}}