{"host":"pcbz64t4k17ey4z1","time":1607772428,"event":{"mods":["2.2 Compatiblity","AchievementEnabler","Act Like it!","Aspiration","BaseMod","Beaked The Cultist","Better Match","BetterRewards","Card Forge","Colored Map","Colored Powertips","Conspire","Disable Question Mark Monsters","Fireblade Mod","Friendly Minions","GifTheSpireLib","Glutton Mod","Googly Eyes","Hermit","Hubris","Infinite Spire","Koishi","Marisa????????","Minty Spire (QoL Compilation)","Permanent Neow","Potionbrewer","Quick Restart","Random Character Button","Rare Cards Sparkle","Relic Filter","Replay The Spire","Shade Mod","Shop Mod","Small Relic Pack","StSLib","Stuff the Spire","SuperFastMode","The Animator","The Cursed","The Druid","The Gatherer","The Hierophant","The IronCluck","The Runesmith","Waifu the Spire","Wandering Minibosses","vexMod"],"gold_per_floor":[109,129,141,141,106,131,131,160,160,172,962,988,988,1000,1000,1079,1079,1092,746,777,795,795,795,795,851,851,882,909,909,909,1004,1004,1081,1081,1248,1248,1293,1366,1366,1469,1320,1407,1479,1543,1543,1543,1605,1605,1640,1640,1640,1670,1670,1670,1402,1429,1489],"floor_reached":58,"playtime":2093,"items_purged":[],"score":2849,"play_id":"2f9e0b7a-e03f-4758-a113-f7480c73a43c","local_time":"20201212112708","is_ascension_mode":true,"campfire_choices":[{"data":"Strike_P","floor":7,"key":"SMITH"},{"data":"Wish","floor":13,"key":"SMITH"},{"data":"DeusExMachina","floor":15,"key":"SMITH"},{"data":"DeusExMachina","floor":26,"key":"SMITH"},{"data":"Wish","floor":29,"key":"SMITH"},{"floor":34,"key":"RECALL"},{"data":"DevaForm","floor":46,"key":"SMITH"},{"data":"TalkToTheHand","floor":48,"key":"SMITH"},{"data":"LikeWater","floor":51,"key":"SMITH"},{"data":"Strike_P","floor":54,"key":"SMITH"}],"circlet_count":0,"master_deck":["AscendersBane","Strike_P","Strike_P","Strike_P","Strike_P","Defend_P+12","Defend_P","Defend_P+12","Defend_P","Eruption+1","Vigilance+1","FollowUp+1","Protect+1","Brilliance+1","CrushJoints+1","Halt+1","Wish+1","DeusExMachina+1","LikeWater+1","DeusExMachina+1","MentalFortress+1","Wish+1","DevaForm+1","LikeWater+1","hubris:DuctTapeCard"],"relics":["Hammer of Thor","Seething Fire","Anvil of the Gods","aspiration:FutureDiary","Simple Rune","vexMod:RetaliationKit","HornCleat","wanderingMiniBosses:MasterThiefsPresence","StuffTheSpire:CocoNut","Black Star","TeardropLocket","Red Mask","Mirror","infinitespire:Bottled Soul","Replay:Kaleidoscope","Pear","Juzu Bracelet","Bag of Marbles","Toy Ornithopter","hubris:Towel","Busted Crown","Sundial","infinitespire:WardingShard","hubris:CrystalStatue","StuffTheSpire:Gunfinga","White Beast Statue","hubris:TinFlute","conspire:TopHat","potionbrewer:Torch","Runesmith:Nanobots","hubris:MysteriousPyramids","hubris:DuctTape","War Paint"],"acts_visited":["Exordium","TheCity","TheBeyond","TheEnding"],"potions_floor_usage":[6,35,47,47],"damage_taken":[{"damage":0,"enemies":"2 Louse","floor":1,"turns":1},{"damage":0,"enemies":"Small Slimes","floor":2,"turns":4},{"damage":0,"enemies":"Jaw Worm","floor":3,"turns":4},{"damage":0,"enemies":"Replay:BlueRogue","floor":6,"turns":3},{"damage":0,"enemies":"Gremlin Nob","floor":8,"turns":2},{"damage":0,"enemies":"2 Fungi Beasts","floor":10,"turns":2},{"damage":2,"enemies":"Red Slaver","floor":11,"turns":4},{"damage":0,"enemies":"3 Sentries","floor":12,"turns":2},{"damage":0,"enemies":"Large Slime","floor":14,"turns":2},{"damage":0,"enemies":"Slime Boss","floor":16,"turns":2},{"damage":0,"enemies":"2 Thieves","floor":18,"turns":2},{"damage":0,"enemies":"Masked Bandits","floor":20,"turns":1},{"damage":0,"enemies":"conspire:FuzzyDice","floor":21,"turns":1},{"damage":0,"enemies":"Slavers","floor":25,"turns":3},{"damage":0,"enemies":"Book of Stabbing","floor":27,"turns":2},{"damage":4,"enemies":"Gremlin Leader","floor":31,"turns":4},{"damage":0,"enemies":"Shelled Parasite and Fungi","floor":33,"turns":3},{"damage":1,"enemies":"Champ","floor":35,"turns":7},{"damage":0,"enemies":"3 Darklings","floor":37,"turns":3},{"damage":0,"enemies":"3 Shapes","floor":38,"turns":6},{"damage":0,"enemies":"Nemesis","floor":42,"turns":5},{"damage":0,"enemies":"Writhing Mass","floor":43,"turns":3},{"damage":9,"enemies":"Giant Head","floor":44,"turns":5},{"damage":0,"enemies":"Nightmare","floor":47,"turns":4},{"damage":0,"enemies":"Nemesis","floor":49,"turns":1},{"damage":10,"enemies":"Donu and Deca","floor":52,"turns":5},{"damage":0,"enemies":"Shield and Spear","floor":56,"turns":3},{"damage":12,"enemies":"The Heart","floor":57,"turns":6}],"seed_played":"610652606341446975","potions_obtained":[{"floor":3,"key":"LifebloodPotion"},{"floor":8,"key":"BottledMiracle"},{"floor":11,"key":"Weak Potion"},{"floor":35,"key":"Ancient Potion"},{"floor":49,"key":"FairyPotion"},{"floor":56,"key":"Block Potion"}],"is_trial":false,"path_per_floor":["M","M","M","$","?","E","R","E","T","M","M","E","R","M","R","B",null,"M","$","?","M","PTL","PTL","?","E","R","E","T","R","?","E","?","M","R","B",null,"M","M","?","?","?","E","M","E","T","R","NM","R","E","AVR","R","B",null,"R","$","E","B",null],"character_chosen":"WATCHER","items_purchased":["TeardropLocket","MentalFortress+1","hubris:MysteriousPyramids"],"campfire_rested":0,"item_purchase_floors":[19,19,55],"current_hp_per_floor":[61,61,61,61,68,68,68,68,68,68,66,73,73,73,73,73,75,75,75,75,75,75,75,75,75,75,85,85,85,85,81,81,81,81,84,85,85,85,85,51,51,51,51,42,42,42,52,52,52,52,52,42,74,74,74,74,62],"gold":1489,"neow_bonus":"BOSS_RELIC","is_daily":false,"chose_seed":false,"campfire_upgraded":9,"win_rate":0.0,"timestamp":1607772428,"path_taken":["M","M","M","$","?","E","R","E","T","M","M","E","R","M","R","BOSS","M","$","?","M","PTL","PTL","?","E","R","E","T","R","?","E","?","M","R","BOSS","M","M","?","?","?","E","M","E","T","R","NM","R","E","AVR","R","BOSS","R","$","E","BOSS"],"items_purchased_type":["Relic","Card","Relic"],"build_version":"2020-11-30","purchased_purges":0,"victory":true,"max_hp_per_floor":[68,68,68,68,68,68,68,68,68,68,68,75,75,75,75,75,75,75,75,75,75,75,75,75,75,75,85,85,85,85,85,85,85,85,85,85,85,85,85,85,85,85,85,85,85,85,85,85,85,85,85,85,85,85,85,85,85],"card_choices":[{"not_picked":["Evaluate","EmptyBody"],"picked":"FollowUp","floor":1},{"not_picked":["Worship","ThirdEye"],"picked":"Protect","floor":2},{"not_picked":["FlurryOfBlows","InnerPeace"],"picked":"Brilliance","floor":3},{"not_picked":["ThirdEye","Consecrate"],"picked":"CrushJoints","floor":6},{"not_picked":["Replay:ManipulateFuture","Replay:Anticipation","ClearTheMind"],"picked":"SKIP","floor":8},{"not_picked":["JustLucky","PathToVictory"],"picked":"Halt","floor":10},{"not_picked":["Replay:Hum","Tantrum"],"picked":"Wish","floor":11},{"not_picked":["WaveOfTheHand","Replay:DivineShield"],"picked":"DeusExMachina","floor":12},{"not_picked":["ThirdEye","SashWhip"],"picked":"LikeWater","floor":14},{"not_picked":["Brilliance","Replay:LoomingThreat"],"picked":"DeusExMachina","floor":16},{"not_picked":["BowlingBash","JustLucky"],"picked":"TalkToTheHand","floor":18},{"not_picked":["Conclude+1","Sanctity","PathToVictory"],"picked":"SKIP","floor":21},{"not_picked":["Halt","Collect","Replay:AtTheReady"],"picked":"SKIP","floor":25},{"not_picked":["Sanctity","Study"],"picked":"Wish","floor":27},{"not_picked":["Replay:ManipulateFuture","CutThroughFate","Conclude"],"picked":"SKIP","floor":31},{"not_picked":["EmptyBody","Replay:AllIn","FollowUp"],"picked":"SKIP","floor":33},{"not_picked":["SpiritShield","Establishment"],"picked":"DevaForm","floor":35},{"not_picked":[],"picked":"LikeWater","floor":37},{"not_picked":["FollowUp"],"picked":"SKIP","floor":38},{"not_picked":["FollowUp"],"picked":"SKIP","floor":38},{"not_picked":["Scrawl"],"picked":"SKIP","floor":42},{"not_picked":["Evaluate"],"picked":"SKIP","floor":43},{"not_picked":[],"picked":"TalkToTheHand","floor":44},{"not_picked":["EmptyFist"],"picked":"SKIP","floor":47},{"not_picked":["JustLucky"],"picked":"SKIP","floor":49},{"not_picked":["Sanctity"],"picked":"SKIP","floor":56}],"player_experience":3714074,"relics_obtained":[{"floor":6,"key":"Simple Rune"},{"floor":8,"key":"vexMod:RetaliationKit"},{"floor":9,"key":"HornCleat"},{"floor":11,"key":"wanderingMiniBosses:MasterThiefsPresence"},{"floor":12,"key":"StuffTheSpire:CocoNut"},{"floor":20,"key":"Red Mask"},{"floor":25,"key":"Mirror"},{"floor":25,"key":"infinitespire:Bottled Soul"},{"floor":27,"key":"Replay:Kaleidoscope"},{"floor":27,"key":"Pear"},{"floor":28,"key":"Juzu Bracelet"},{"floor":31,"key":"Bag of Marbles"},{"floor":31,"key":"Toy Ornithopter"},{"floor":42,"key":"infinitespire:WardingShard"},{"floor":42,"key":"hubris:CrystalStatue"},{"floor":44,"key":"StuffTheSpire:Gunfinga"},{"floor":44,"key":"White Beast Statue"},{"floor":47,"key":"hubris:TinFlute"},{"floor":47,"key":"conspire:TopHat"},{"floor":49,"key":"potionbrewer:Torch"},{"floor":49,"key":"Runesmith:Nanobots"},{"floor":56,"key":"hubris:DuctTape"},{"floor":56,"key":"War Paint"}],"event_choices":[{"damage_healed":17,"gold_gain":0,"player_choice":"Healed","damage_taken":0,"max_hp_gain":0,"max_hp_loss":0,"event_name":"The Cleric","floor":5,"gold_loss":35},{"damage_healed":0,"gold_gain":0,"player_choice":"Fought Bandits","damage_taken":0,"max_hp_gain":0,"max_hp_loss":0,"event_name":"Masked Bandits","floor":20,"gold_loss":0},{"damage_healed":0,"gold_gain":0,"player_choice":"Paid Gold","damage_taken":0,"relics_obtained":["Sundial"],"max_hp_gain":0,"max_hp_loss":0,"event_name":"WeMeetAgain","floor":41,"gold_loss":149}],"is_beta":false,"boss_relics":[{"not_picked":["vexMod:ImprovementManual","Snecko Heart"],"picked":"Black Star"},{"not_picked":["vexMod:EndlessSickness","StuffTheSpire:RunicConfusion"],"picked":"Busted Crown"}],"items_purged_floors":[],"is_endless":false,"potions_floor_spawned":[3,8,11,14,21,33,35,37,44,49,56],"ascension_level":17}}