{"host":"lfgp7c6orz52hf2j","time":1607814625,"event":{"mods":["2.2 Compatiblity","AchievementEnabler","Aspiration","BaseMod","Better Altar","Better Skull","Better Third Choice","BetterRewards","Colored Map","Conspire","Disable Question Mark Monsters","Displayed Cursed Tome","GifTheSpireLib","Halation","Hubris","Hyrulean Relics","Infinite Spire","Minty Spire (QoL Compilation)","Replay The Spire","Shade Mod","Shop Mod","Spikes Relics","StSLib","Stuff the Spire","The Blue Laboratory","The Factory","The Wild Card","Trackpad","Waifu the Spire","vexMod"],"gold_per_floor":[144,189,189,214,214,304,349,394,444,444,534,589,150,203,203,509,509,562,562,99,150,211,211,262,262,287,287,287,336,336,397,397,711,711,772,772,772,590,590,590,653,710,735,800,861,861,861,886,886,898],"floor_reached":51,"playtime":4710,"items_purged":["StuffTheSpire:CuriosityCurse","Pain"],"score":859,"play_id":"99389058-18df-4975-8bc7-67fdf7f620a2","local_time":"20201212211025","daily_mods":["Chimera","ControlledChaos","Midas"],"is_ascension_mode":false,"campfire_choices":[{"floor":10,"key":"REST"},{"floor":15,"key":"REST"},{"floor":23,"key":"REST"},{"floor":25,"key":"REST"},{"floor":32,"key":"REST"},{"floor":40,"key":"REST"},{"floor":46,"key":"REST"},{"floor":49,"key":"REST"}],"circlet_count":0,"master_deck":["Survivor","Zap","Eruption","Strike_B","Defend_R","Defend_G","Defend_P","BattleHymn+1","Prostrate","SashWhip","WindmillStrike","Apotheosis","Devotion","Wireheading","LessonLearned","ReplayUltimateDefense","Replay:BluntJabs","Replay:Battleflow+1","Replay:LoomingThreat","Consecrate+1","Atom Bomb","StuffTheSpire:Injection","Flying Knee","SpiritShield+1","FlyingSleeves","Prostrate","ForeignInfluence+1","Madness","Madness"],"relics":["PureWater","Frozen Eye","Boot","infinitespire:Magic Flask","ReplayFunnel","Replay:Bandana","MerchantsRug","CosmicIsotope","WarpedTongs","RollingBoulder","Bloody Idol","Pet Ghost","Philosopher\u0027s Stone","trackpad:Coffee","hubris:Towel","ReplayTheSpireMod:TigerMarble","halation:EternalFortune","ReplayTheSpireMod:Lightbulb","Orichalcum"],"acts_visited":["Exordium","TheCity","TheBeyond"],"potions_floor_usage":[6,14,22,22,24,31,50],"damage_taken":[{"damage":0,"enemies":"Jaw Worm","floor":1,"turns":3},{"damage":1,"enemies":"conspire:RoseBush","floor":2,"turns":4},{"damage":25,"enemies":"Gremlin Nob","floor":6,"turns":4},{"damage":0,"enemies":"Cultist","floor":7,"turns":2},{"damage":0,"enemies":"Large Slime","floor":8,"turns":4},{"damage":31,"enemies":"Lagavulin","floor":11,"turns":4},{"damage":11,"enemies":"Red Slaver","floor":12,"turns":3},{"damage":1,"enemies":"Exordium Wildlife","floor":14,"turns":3},{"damage":0,"enemies":"Fading Forest","floor":16,"turns":11},{"damage":22,"enemies":"Spheric Guardian","floor":18,"turns":6},{"damage":38,"enemies":"conspire:FuzzyDice","floor":21,"turns":6},{"damage":16,"enemies":"Snake Plant","floor":22,"turns":3},{"damage":3,"enemies":"Snecko","floor":24,"turns":5},{"damage":20,"enemies":"Centurion and Healer","floor":29,"turns":5},{"damage":0,"enemies":"Chosen and Byrds","floor":31,"turns":5},{"damage":0,"enemies":"Champ","floor":33,"turns":7},{"damage":8,"enemies":"3 Darklings","floor":35,"turns":5},{"damage":0,"enemies":"3 Shapes","floor":41,"turns":3},{"damage":0,"enemies":"Spire Growth","floor":42,"turns":5},{"damage":1,"enemies":"4 Shapes","floor":44,"turns":4},{"damage":0,"enemies":"Maw","floor":45,"turns":7},{"damage":0,"enemies":"infinitespire:MassOfShapes","floor":50,"turns":9}],"seed_played":"-2740983366772686195","potions_obtained":[{"floor":1,"key":"Strength Potion"},{"floor":2,"key":"blueLaboratory:LouseDecoction"},{"floor":11,"key":"blueLaboratory:EpiphanyPotion"},{"floor":12,"key":"DuplicationPotion"},{"floor":16,"key":"blueLaboratory:FaithlessPotion"},{"floor":21,"key":"AttackPotion"},{"floor":22,"key":"blueLaboratory:Moonshine"},{"floor":24,"key":"blueLaboratory:FaithlessPotion"},{"floor":35,"key":"blueLaboratory:PolymorphPotion"},{"floor":45,"key":"blueLaboratory:FrostheartPotion"}],"is_trial":false,"path_per_floor":["M","M","?","T","?","E","M","M","T","R","E","M","$","M","R","B",null,"M","?","$","M","M","R","M","R","T","?","?","M","AVR","M","R","B",null,"M","?","?","$","?","R","M","M","T","M","M","R","?","T","R","B",null],"character_chosen":"WATCHER","items_purchased":["MerchantsRug","Apotheosis","Devotion","infinitespire:CursedDice","ReplayUltimateDefense","SpiritShield+1","ReplayTheSpireMod:TigerMarble"],"campfire_rested":8,"item_purchase_floors":[13,13,13,20,20,38,38],"current_hp_per_floor":[72,71,71,71,71,46,46,46,46,67,36,25,25,24,45,55,72,50,50,50,12,26,47,44,65,65,29,22,7,7,12,33,38,72,69,69,69,72,75,75,75,75,75,75,75,75,66,71,75,75],"gold":898,"neow_bonus":"","is_daily":true,"chose_seed":false,"campfire_upgraded":0,"win_rate":0.0,"timestamp":1607814625,"path_taken":["M","M","?","?","?","E","M","?","T","R","E","M","$","M","R","BOSS","M","?","$","?","M","R","M","R","T","?","?","M","AVR","M","R","BOSS","M","?","?","$","?","R","?","M","T","M","M","R","?","?","R","BOSS"],"items_purchased_type":["Relic","Card","Card","Relic","Card","Card","Relic"],"build_version":"2020-11-30","purchased_purges":2,"victory":true,"max_hp_per_floor":[72,72,72,72,72,72,72,72,72,72,72,72,72,72,72,72,72,72,72,72,72,72,72,72,72,72,72,72,72,72,72,72,72,72,72,72,72,72,75,75,75,75,75,75,75,75,75,75,75,75],"card_choices":[{"not_picked":["Replay:Vibes","SashWhip"],"picked":"BattleHymn","floor":1},{"not_picked":["ThirdEye","PathToVictory"],"picked":"Prostrate","floor":2},{"not_picked":["ReachHeaven","Sanctity","EmptyFist"],"picked":"SKIP","floor":6},{"not_picked":["Crescendo","Conclude"],"picked":"SashWhip","floor":7},{"not_picked":["Alpha","SashWhip","ThirdEye"],"picked":"SKIP","floor":8},{"not_picked":["MentalFortress","Replay:AtTheReady","EmptyFist"],"picked":"SKIP","floor":11},{"not_picked":["Evaluate","FlyingSleeves"],"picked":"WindmillStrike","floor":12},{"not_picked":["Vengeance","FlurryOfBlows"],"picked":"Wireheading","floor":14},{"not_picked":["SpiritShield","Replay:AllIn"],"picked":"LessonLearned","floor":16},{"not_picked":["SashWhip+1","Meditate","EmptyFist+1"],"picked":"SKIP","floor":18},{"not_picked":["ThirdEye","Fasting2","Halt"],"picked":"SKIP","floor":21},{"not_picked":["BattleHymn","Weave","SashWhip"],"picked":"SKIP","floor":22},{"not_picked":["Replay:ManipulateFuture","CutThroughFate"],"picked":"Replay:BluntJabs","floor":24},{"not_picked":["MentalFortress+1","FearNoEvil"],"picked":"Replay:Battleflow+1","floor":29},{"not_picked":["Evaluate","SashWhip","Indignation"],"picked":"SKIP","floor":31},{"not_picked":["Vault","ConjureBlade"],"picked":"Replay:LoomingThreat","floor":33},{"not_picked":["Evaluate+1","Worship"],"picked":"Consecrate","floor":35},{"not_picked":["BowlingBash+1","Perseverance+1"],"picked":"FlyingSleeves","floor":41},{"not_picked":["CarveReality","EmptyBody+1"],"picked":"Prostrate","floor":42},{"not_picked":["Sanctity+1","SandsOfTime+1"],"picked":"ForeignInfluence+1","floor":44},{"not_picked":["SashWhip+1","Replay:AtTheReady+1","CarveReality+1"],"picked":"SKIP","floor":45},{"not_picked":["SashWhip+1","Replay:AtTheReady+1","CarveReality+1"],"picked":"SKIP","floor":45}],"player_experience":1523819,"relics_obtained":[{"floor":4,"key":"Boot"},{"floor":5,"key":"StuffTheSpire:Mouthbags"},{"floor":6,"key":"infinitespire:Magic Flask"},{"floor":9,"key":"ReplayFunnel"},{"floor":11,"key":"Replay:Bandana"},{"floor":26,"key":"RollingBoulder"},{"floor":43,"key":"ReplayTheSpireMod:Lightbulb"},{"floor":48,"key":"Orichalcum"}],"event_choices":[{"damage_healed":0,"gold_gain":0,"player_choice":"Relic","damage_taken":0,"max_hp_gain":0,"max_hp_loss":0,"event_name":"Wheel of Change","floor":5,"gold_loss":0},{"damage_healed":0,"gold_gain":0,"player_choice":"Rummage","damage_taken":0,"relics_obtained":["WarpedTongs"],"max_hp_gain":0,"max_hp_loss":0,"event_name":"Accursed Blacksmith","floor":19,"gold_loss":0,"cards_obtained":["Pain"]},{"damage_healed":0,"gold_gain":0,"player_choice":" Idol ","damage_taken":36,"relics_obtained":["Bloody Idol"],"max_hp_gain":65,"max_hp_loss":29,"event_name":"betterAltar:BetterAltar","floor":27,"potions_obtained":[],"relics_lost":[],"gold_loss":0},{"damage_healed":0,"gold_gain":0,"player_choice":"Damaged","damage_taken":7,"max_hp_gain":0,"max_hp_loss":0,"event_name":"Wheel of Change","floor":28,"gold_loss":0},{"damage_healed":0,"gold_gain":0,"player_choice":"Embrace Madness","damage_taken":9,"max_hp_gain":0,"max_hp_loss":0,"event_name":"Winding Halls","floor":47,"gold_loss":0,"cards_obtained":["Madness","Madness"]}],"is_beta":false,"boss_relics":[{"not_picked":["vexMod:CursedCompass","aspiration:DefectSkillbook"],"picked":"CosmicIsotope"},{"not_picked":["Runic Dome","hubris:ScarierMask"],"picked":"trackpad:Coffee"}],"items_purged_floors":[13,30],"is_endless":false,"potions_floor_spawned":[1,2,11,12,16,21,22,24,35,45],"ascension_level":0}}