{"host":"qqjv58wfhopf6ysa","time":1607754612,"event":{"mods":["AchievementEnabler","Aspiration","BaseMod","Conspire","Hubris","Infinite Spire","Minty Spire (QoL Compilation)","Quick Restart","Replay The Spire","StSLib","SuperFastMode","vexMod"],"gold_per_floor":[119,138,138,149,183,196,196,196,222,21,35,35,35,35,35,56,56,181,181,197,0,14,38,38,38,62,62,117,138,151,151,176,200,200,200,200],"floor_reached":35,"playtime":862,"items_purged":["Strike_B","Strike_B"],"score":253,"play_id":"979ef448-a5cb-499c-8b0a-bcb759173558","local_time":"20201212153012","is_ascension_mode":false,"campfire_choices":[{"data":"Zap","floor":7,"key":"SMITH"},{"data":"Coolheaded","floor":12,"key":"SMITH"},{"data":"Dualcast","floor":17,"key":"SMITH"},{"data":"Electrodynamics","floor":25,"key":"SMITH"},{"floor":27,"key":"REST"},{"floor":31,"key":"REST"},{"floor":34,"key":"REST"}],"circlet_count":0,"master_deck":["Strike_B","Defend_B","Defend_B","Defend_B","Defend_B","Zap+1","Dualcast+1","Reboot","Capacitor","Coolheaded+1","FTL","Thunder Strike","hubris:Ukulele+1","conspire:Banana","Electrodynamics+1","Pot Of Greed","Pot Of Greed","Ball Lightning"],"relics":["Cracked Core","hubris:GlazedTorus","conspire:GiftBox","aspiration:ChemicalBlood","Pet Ghost","Golden Idol","Philosopher\u0027s Stone","Grinning Jar"],"acts_visited":["Exordium","TheCity"],"potions_floor_usage":[23,23,29,30,35,35],"damage_taken":[{"damage":1,"enemies":"conspire:RoseBush","floor":1,"turns":3},{"damage":0,"enemies":"2 Louse","floor":2,"turns":3},{"damage":0,"enemies":"Small Slimes","floor":4,"turns":2},{"damage":5,"enemies":"Exordium Wildlife","floor":6,"turns":4},{"damage":5,"enemies":"3 Louse","floor":11,"turns":4},{"damage":0,"enemies":"2 Fungi Beasts","floor":16,"turns":3},{"damage":30,"enemies":"Hexaghost","floor":18,"turns":11},{"damage":27,"enemies":"2 Thieves","floor":20,"turns":4},{"damage":4,"enemies":"Shell Parasite","floor":22,"turns":3},{"damage":22,"enemies":"Snecko","floor":23,"turns":4},{"damage":5,"enemies":"3 Cultists","floor":26,"turns":3},{"damage":32,"enemies":"Snake Plant","floor":29,"turns":3},{"damage":0,"enemies":"Centurion and Healer","floor":30,"turns":3},{"damage":17,"enemies":"Shelled Parasite and Fungi","floor":32,"turns":3},{"damage":7,"enemies":"Cultist and Chosen","floor":33,"turns":2},{"damage":34,"enemies":"hubris:MusketHawk","floor":35,"turns":3}],"seed_played":"6630124802946604251","potions_obtained":[{"floor":1,"key":"infinitespire:BlackPotion"},{"floor":4,"key":"SkillPotion"},{"floor":11,"key":"Fire Potion"},{"floor":29,"key":"SkillPotion"},{"floor":33,"key":"AttackPotion"}],"is_trial":false,"path_per_floor":["M","M","?","M","?","M","R","?","T","$","M","R","PTL","PTL","?","M","R","B",null,"M","$","M","M","?","R","M","R","T","M","M","R","M","M","R","B"],"character_chosen":"DEFECT","items_purchased":["Capacitor","Coolheaded","conspire:Banana"],"campfire_rested":3,"item_purchase_floors":[10,10,21],"current_hp_per_floor":[53,53,75,75,75,70,70,37,37,37,32,32,32,32,32,32,32,2,69,42,42,39,18,18,18,13,34,34,3,4,25,9,2,24,0,0],"gold":200,"neow_bonus":"ONE_RARE_RELIC","is_daily":false,"chose_seed":false,"campfire_upgraded":4,"win_rate":0.0,"timestamp":1607754612,"path_taken":["M","?","?","M","?","M","R","?","T","$","M","R","PTL","PTL","?","M","R","BOSS","M","$","M","M","?","R","M","R","T","?","M","R","M","M","R","BOSS"],"items_purchased_type":["Card","Card","Card"],"build_version":"2020-11-30","purchased_purges":2,"victory":false,"max_hp_per_floor":[75,75,75,75,75,75,75,75,75,75,75,75,75,75,69,69,69,69,69,69,69,70,71,71,71,71,71,71,72,73,73,74,74,74,75,75],"card_choices":[{"not_picked":["Compile Driver","Static Discharge","ReplayTheSpireMod:System Scan"],"picked":"SKIP","floor":1},{"not_picked":["ReplayTheSpireMod:GoodbyeWorld","Go for the Eyes","Heatsinks"],"picked":"SKIP","floor":2},{"not_picked":["Leap","Storm","Go for the Eyes"],"picked":"SKIP","floor":4},{"not_picked":["Leap","Storm","Go for the Eyes"],"picked":"SKIP","floor":4},{"not_picked":["hubris:SpecializedCircuitry","Thunder Strike"],"picked":"Reboot","floor":5},{"not_picked":["Hologram","Panic Button","Rebound"],"picked":"SKIP","floor":6},{"not_picked":["Turbo","Double Energy"],"picked":"FTL","floor":11},{"not_picked":["Scrape","Go for the Eyes","Compile Driver"],"picked":"SKIP","floor":16},{"not_picked":["Reboot","ReplayRNGCard"],"picked":"Thunder Strike","floor":18},{"not_picked":["Go for the Eyes","Compile Driver"],"picked":"hubris:Ukulele+1","floor":20},{"not_picked":["Hello World+1","hubris:PowerSurge","Cold Snap"],"picked":"SKIP","floor":22},{"not_picked":["Chill+1","Self Repair+1"],"picked":"Electrodynamics","floor":23},{"not_picked":["Sweeping Beam","Leap","Conserve Battery+1"],"picked":"SKIP","floor":26},{"not_picked":["Compile Driver","ReplayRNGCard","Skim"],"picked":"SKIP","floor":29},{"not_picked":["BasicCrystalCard+1","Steam","Sweeping Beam"],"picked":"SKIP","floor":30},{"not_picked":["Steam+1","Heatsinks"],"picked":"Ball Lightning","floor":32},{"not_picked":["Coolheaded+1","Cold Snap","Barrage"],"picked":"SKIP","floor":33}],"player_experience":315764,"relics_obtained":[{"floor":5,"key":"conspire:GiftBox"},{"floor":9,"key":"Pet Ghost"},{"floor":28,"key":"Grinning Jar"}],"event_choices":[{"damage_healed":25,"gold_gain":0,"player_choice":"Banana","damage_taken":0,"max_hp_gain":0,"max_hp_loss":0,"event_name":"Big Fish","floor":3,"gold_loss":0},{"damage_healed":0,"gold_gain":0,"player_choice":"Success","damage_taken":33,"relics_obtained":["aspiration:ChemicalBlood"],"max_hp_gain":0,"max_hp_loss":0,"event_name":"Scrap Ooze","floor":8,"gold_loss":0},{"damage_healed":0,"gold_gain":0,"player_choice":"Lose Max HP","damage_taken":0,"relics_obtained":["Golden Idol"],"max_hp_gain":0,"max_hp_loss":6,"event_name":"Golden Idol","floor":15,"gold_loss":0},{"cards_removed":["Strike_B"],"damage_healed":0,"gold_gain":0,"player_choice":"Purged","damage_taken":0,"max_hp_gain":0,"max_hp_loss":0,"event_name":"Purifier","floor":24,"gold_loss":0}],"is_beta":false,"boss_relics":[{"not_picked":["aspiration:IroncladSkillbook","Coffee Dripper"],"picked":"Philosopher\u0027s Stone"}],"items_purged_floors":[10,21],"is_endless":false,"potions_floor_spawned":[1,4,11,18,20,22,33],"killed_by":"hubris:MusketHawk","ascension_level":0}}