{"host":"gzwwvnucm264f2jm","time":1607765794,"event":{"mods":["AchievementEnabler","BaseMod","Better Note","BetterRewards","Colored Map","Minty Spire (QoL Compilation)","Permanent Neow","Quick Restart","Rare Cards Sparkle","Slay-I","Spicy Shops","StSLib","SuperFastMode"],"gold_per_floor":[111,128,303,378,398,398,97,114,114,146,146,158,173,223,223,320,320,338,349,39,55,69,69,88,88,114,114,146,160,160,16,16,116,116,133,147,158,168,134,134,134,188,188,188,202,202,236,186,186,186],"floor_reached":51,"playtime":1378,"items_purged":["Doubt","Self Repair"],"score":974,"play_id":"36e660fc-a79c-4990-9010-c03021aba25a","local_time":"20201212043634","daily_mods":["SealedDeck","Vintage"],"is_ascension_mode":false,"campfire_choices":[{"data":"Fusion","floor":6,"key":"SMITH"},{"data":"Loop","floor":11,"key":"SMITH"},{"data":"Coolheaded","floor":15,"key":"SMITH"},{"data":"Defragment","floor":23,"key":"SMITH"},{"data":"Barrage","floor":25,"key":"SMITH"},{"data":"Electrodynamics","floor":27,"key":"SMITH"},{"data":"Conserve Battery","floor":30,"key":"SMITH"},{"data":"Undo","floor":32,"key":"SMITH"},{"data":"Amplify","floor":40,"key":"SMITH"},{"data":"Capacitor","floor":46,"key":"SMITH"},{"floor":49,"key":"REST"}],"circlet_count":0,"master_deck":["Barrage+1","Ball Lightning+1","Sweeping Beam+1","Conserve Battery+1","Loop+1","Fusion+1","Undo+1","Coolheaded+1","Electrodynamics+1","Defragment+1","Amplify+1","Capacitor+1","Skim+1"],"relics":["Cracked Core","Pocketwatch","Pantograph","Oddly Smooth Stone","Calipers","Whetstone","Bottled Flame","Pear","Regal Pillow","MealTicket","Art of War","Nuclear Battery","Bag of Preparation","Bird Faced Urn","Runic Capacitor","DataDisk","Matryoshka","HornCleat","Bronze Scales","Tiny Chest","Toy Ornithopter","Mercury Hourglass","Vajra","Philosopher\u0027s Stone","Lizard Tail","Ancient Tea Set","Smiling Mask","StrikeDummy","TungstenRod","PreservedInsect","Cables","Singing Bowl","Boot"],"acts_visited":["Exordium","TheCity","TheBeyond"],"potions_floor_usage":[50],"damage_taken":[{"damage":7,"enemies":"Jaw Worm","floor":1,"turns":3},{"damage":6,"enemies":"Cultist","floor":2,"turns":3},{"damage":0,"enemies":"Small Slimes","floor":5,"turns":2},{"damage":10,"enemies":"Gremlin Gang","floor":8,"turns":3},{"damage":0,"enemies":"Lagavulin","floor":10,"turns":5},{"damage":0,"enemies":"Large Slime","floor":12,"turns":3},{"damage":0,"enemies":"Lots of Slimes","floor":13,"turns":2},{"damage":0,"enemies":"Slime Boss","floor":16,"turns":6},{"damage":0,"enemies":"Spheric Guardian","floor":18,"turns":3},{"damage":0,"enemies":"Chosen","floor":19,"turns":3},{"damage":11,"enemies":"Snake Plant","floor":21,"turns":3},{"damage":10,"enemies":"Sentry and Sphere","floor":22,"turns":3},{"damage":0,"enemies":"3 Cultists","floor":24,"turns":2},{"damage":18,"enemies":"Gremlin Leader","floor":28,"turns":3},{"damage":0,"enemies":"Centurion and Healer","floor":29,"turns":3},{"damage":0,"enemies":"Automaton","floor":33,"turns":4},{"damage":3,"enemies":"3 Shapes","floor":35,"turns":2},{"damage":0,"enemies":"3 Darklings","floor":36,"turns":1},{"damage":9,"enemies":"Sphere and 2 Shapes","floor":37,"turns":2},{"damage":0,"enemies":"Transient","floor":38,"turns":5},{"damage":15,"enemies":"2 Orb Walkers","floor":42,"turns":3},{"damage":0,"enemies":"Writhing Mass","floor":45,"turns":3},{"damage":13,"enemies":"Nemesis","floor":47,"turns":3},{"damage":6,"enemies":"Awakened One","floor":50,"turns":5}],"seed_played":"-6071050543725779384","potions_obtained":[{"floor":2,"key":"BlessingOfTheForge"},{"floor":5,"key":"DuplicationPotion"},{"floor":8,"key":"ColorlessPotion"}],"is_trial":true,"path_per_floor":["M","M","?","?","M","R","$","M","T","E","R","M","M","T","R","B",null,"M","M","$","M","M","R","M","R","T","R","E","M","R","$","R","B",null,"M","M","M","M","$","R","?","?","T","?","M","R","E","$","R","B",null],"character_chosen":"DEFECT","items_purchased":["Calipers","Runic Capacitor","Defragment","Vajra","Capacitor"],"campfire_rested":1,"item_purchase_floors":[7,20,20,31,39],"current_hp_per_floor":[75,75,75,64,71,71,71,68,68,85,85,85,85,85,85,85,85,85,85,85,81,84,84,85,85,85,85,76,82,82,85,85,85,85,85,85,85,85,85,85,85,74,74,74,85,85,72,85,85,79],"gold":186,"neow_bonus":"","is_daily":false,"chose_seed":false,"campfire_upgraded":10,"win_rate":0.0,"timestamp":1607765794,"path_taken":["M","M","?","?","M","R","$","M","T","E","R","M","M","?","R","BOSS","M","M","$","M","M","R","M","R","T","R","E","M","R","$","R","BOSS","M","M","M","M","$","R","?","?","T","?","M","R","E","$","R","BOSS"],"items_purchased_type":["Relic","Relic","Card","Relic","Card"],"build_version":"2020-11-30","purchased_purges":2,"victory":true,"max_hp_per_floor":[75,75,75,75,75,75,75,75,75,85,85,85,85,85,85,85,85,85,85,85,85,85,85,85,85,85,85,85,85,85,85,85,85,85,85,85,85,85,85,85,85,85,85,85,85,85,85,85,85,85],"card_choices":[{"not_picked":["Ball Lightning","Chaos","Heatsinks"],"picked":"SKIP","floor":10},{"not_picked":["Meteor Strike","Echo Form"],"picked":"Electrodynamics","floor":16},{"not_picked":["Recycle","Thunder Strike","Self Repair+1"],"picked":"SKIP","floor":28},{"not_picked":["Core Surge","Machine Learning"],"picked":"Amplify","floor":33},{"not_picked":["Double Energy","Go for the Eyes+1"],"picked":"Skim+1","floor":47}],"player_experience":422808,"relics_obtained":[{"floor":1,"key":"Pocketwatch"},{"floor":2,"key":"Pantograph"},{"floor":5,"key":"Oddly Smooth Stone"},{"floor":8,"key":"Whetstone"},{"floor":9,"key":"Bottled Flame"},{"floor":10,"key":"Pear"},{"floor":12,"key":"Regal Pillow"},{"floor":13,"key":"MealTicket"},{"floor":14,"key":"Art of War"},{"floor":18,"key":"Bag of Preparation"},{"floor":19,"key":"Bird Faced Urn"},{"floor":21,"key":"DataDisk"},{"floor":22,"key":"Matryoshka"},{"floor":24,"key":"HornCleat"},{"floor":26,"key":"Bronze Scales"},{"floor":26,"key":"Tiny Chest"},{"floor":28,"key":"Toy Ornithopter"},{"floor":29,"key":"Mercury Hourglass"},{"floor":35,"key":"Lizard Tail"},{"floor":36,"key":"Ancient Tea Set"},{"floor":37,"key":"Smiling Mask"},{"floor":38,"key":"StrikeDummy"},{"floor":42,"key":"TungstenRod"},{"floor":43,"key":"PreservedInsect"},{"floor":43,"key":"Cables"},{"floor":45,"key":"Singing Bowl"},{"floor":47,"key":"Boot"}],"event_choices":[{"damage_healed":0,"gold_gain":175,"player_choice":"AGREE","damage_taken":0,"max_hp_gain":0,"max_hp_loss":0,"event_name":"Liars Game","floor":3,"gold_loss":0,"cards_obtained":["Doubt"]},{"damage_healed":0,"gold_gain":75,"player_choice":"Gather Gold","damage_taken":11,"max_hp_gain":0,"max_hp_loss":0,"event_name":"World of Goop","floor":4,"gold_loss":0},{"damage_healed":0,"gold_gain":0,"player_choice":"Ignored","damage_taken":0,"max_hp_gain":0,"max_hp_loss":0,"event_name":"Tomb of Lord Red Mask","floor":41,"gold_loss":0},{"damage_healed":0,"gold_gain":0,"player_choice":"Fight","damage_taken":0,"max_hp_gain":0,"max_hp_loss":0,"event_name":"Mysterious Sphere","floor":42,"gold_loss":0},{"cards_removed":["Ball Lightning"],"damage_healed":0,"gold_gain":0,"player_choice":"Removed Attack","damage_taken":0,"max_hp_gain":0,"max_hp_loss":0,"event_name":"Falling","floor":44,"gold_loss":0}],"is_beta":false,"boss_relics":[{"not_picked":["Empty Cage","Runic Dome"],"picked":"Nuclear Battery"},{"not_picked":["Calling Bell","Snecko Eye"],"picked":"Philosopher\u0027s Stone"}],"items_purged_floors":[20,48],"is_endless":false,"potions_floor_spawned":[2,5,8,13,16,19,24,33,35,42,45,47],"ascension_level":0}}