{"host":"s6mlqkqtr3ey2mm2","time":1607797482,"event":{"mods":["2.2 Compatiblity","AchievementEnabler","Aspiration","BaseMod","Beaked The Cultist","Better Note","BetterRewards","Colored Map","Colored Powertips","Conspire","Downfall","Energized Spire","GifTheSpireLib","Halation","Hermit","Hubris","Infinite Spire","Ironclad Rager","Marked Mod","Minty Spire (QoL Compilation)","Quick Restart","Replay The Spire","Shade Mod","Somnambulant","Spicy Shops","StSLib","Stuff the Spire","The Blue Laboratory","The Construct","The Cursed","The IronCluck","The Necromancer","The Poker Player","The Runesmith","The Servant 0.9.4","The Valiant","vexMod"],"gold_per_floor":[99,199,218,218,218,232,232,247,258,283,283,301,301,314,329,329,329],"floor_reached":16,"playtime":1631,"items_purged":[],"score":104,"play_id":"202d4cd6-8beb-4540-9c9c-e6dbb4a86603","local_time":"20201212132442","is_ascension_mode":false,"campfire_choices":[{"floor":1,"key":"RECALL"}],"circlet_count":0,"master_deck":["hexamod:Strike","hexamod:Strike","hexamod:Strike","hexamod:Strike","hexamod:Defend","hexamod:Defend","hexamod:Defend","hexamod:Defend+1","hexamod:Sear","hexamod:Float","hexamod:NightmareStrike","hexamod:NightmareGuise","hexamod:FourthSeal","hexamod:InspiringFlames","hexamod:ThirdSeal","hexamod:SpectersWail","hexamod:Incineration","Regret","hexamod:HauntingEcho","hexamod:SkipABeat","hexamod:GhostOfSpirePresent"],"relics":["hexamod:SpiritBrand","halation:PrussianBluePaint","hubris:CuriousFeather","Oddly Smooth Stone"],"acts_visited":["Exordium"],"potions_floor_usage":[8,16,16,16],"damage_taken":[{"damage":0,"enemies":"Small Slimes","floor":3,"turns":3},{"damage":2,"enemies":"2 Louse","floor":6,"turns":3},{"damage":6,"enemies":"Jaw Worm","floor":8,"turns":2},{"damage":6,"enemies":"2 Fungi Beasts","floor":9,"turns":3},{"damage":26,"enemies":"3 Sentries","floor":10,"turns":12},{"damage":8,"enemies":"Exordium Wildlife","floor":12,"turns":3},{"damage":14,"enemies":"Large Slime","floor":14,"turns":4},{"damage":6,"enemies":"Blue Slaver","floor":15,"turns":2},{"damage":3,"enemies":"downfall:CharBossIronclad","floor":16,"turns":3}],"seed_played":"-2537752649335381796","potions_obtained":[{"floor":6,"key":"Fire Potion"},{"floor":8,"key":"blueLaboratory:ForbiddenFruitJuice"},{"floor":8,"key":"blueLaboratory:BottledHope"},{"floor":9,"key":"Weak Potion"},{"floor":10,"key":"Adrenaline Potion"},{"floor":12,"key":"DistilledChaos"}],"is_trial":false,"path_per_floor":["R","?","M","?","?","M","T","M","M","E","?","M","?","M","M","B"],"character_chosen":"THE_SPIRIT","items_purchased":[],"campfire_rested":0,"item_purchase_floors":[],"current_hp_per_floor":[70,70,70,70,70,68,68,62,56,30,30,22,22,8,2,0,0],"gold":329,"neow_bonus":"THREE_CARDS","is_daily":false,"chose_seed":false,"campfire_upgraded":0,"win_rate":0.0,"timestamp":1607797482,"path_taken":["R","?","M","?","?","?","T","M","M","E","?","M","?","M","M","BOSS"],"items_purchased_type":[],"build_version":"2020-11-30","purchased_purges":0,"victory":false,"max_hp_per_floor":[70,70,70,70,70,70,70,70,70,70,70,70,70,70,70,70,70],"card_choices":[{"not_picked":["hexamod:Hexaguard","hexamod:GhostShield"],"picked":"hexamod:NightmareStrike","floor":0},{"not_picked":["hexamod:Hexaguard","hexamod:HeatShield"],"picked":"hexamod:NightmareGuise","floor":3},{"not_picked":["hexamod:SpectersWail","hexamod:AdvancingGuard"],"picked":"hexamod:FourthSeal","floor":6},{"not_picked":["hexamod:AdvancingGuard","hexamod:HauntingEcho"],"picked":"hexamod:InspiringFlames","floor":8},{"not_picked":["hexamod:RetreatToShadows","hexamod:GhostflameBarrier"],"picked":"hexamod:ThirdSeal","floor":9},{"not_picked":["hexamod:HeatShield","hexamod:NightmareGuise"],"picked":"hexamod:SpectersWail","floor":10},{"not_picked":["hexamod:NightmareGuise","hexamod:RainOfEmbers"],"picked":"hexamod:Incineration","floor":10},{"not_picked":["hexamod:SwordOfDarkness","hexamod:FastForward"],"picked":"hexamod:HauntingEcho","floor":12},{"not_picked":["hexamod:RetreatToShadows","hexamod:CrushingStance","hexamod:FastForward"],"picked":"SKIP","floor":12},{"not_picked":["hexamod:SpectersWail","hexamod:RainOfEmbers"],"picked":"hexamod:SkipABeat","floor":14},{"not_picked":["hexamod:FastForward","hexamod:NightmareStrike","hexamod:InspiringFlames"],"picked":"SKIP","floor":14},{"not_picked":["hexamod:RetreatToShadows","hexamod:FastForward"],"picked":"hexamod:GhostOfSpirePresent","floor":15}],"player_experience":41452,"relics_obtained":[{"floor":7,"key":"halation:PrussianBluePaint"},{"floor":10,"key":"hubris:CuriousFeather"}],"event_choices":[{"damage_healed":0,"gold_gain":0,"player_choice":"Box","damage_taken":0,"relics_obtained":["Oddly Smooth Stone"],"max_hp_gain":0,"max_hp_loss":0,"event_name":"Big Fish","floor":11,"gold_loss":0,"cards_obtained":["Regret"]},{"damage_healed":0,"gold_gain":0,"player_choice":"Disagree","damage_taken":0,"max_hp_gain":0,"max_hp_loss":0,"event_name":"conspire:LoneGhost","floor":13,"gold_loss":0}],"is_beta":false,"boss_relics":[],"items_purged_floors":[],"is_endless":false,"potions_floor_spawned":[6,8,12,14,15],"killed_by":"downfall:CharBossIronclad","ascension_level":0}}