{"host":"vtuvba5dsdtnnx8i","time":1607807008,"event":{"mods":["2.2 Compatiblity","AchievementEnabler","Act Like it!","BaseMod","BetterRewards","Block Reminder","CapriCore","Chen","Custom Start","DeckTracker","Gensokyo","Infinite Spire","Koishi","KomeijiMod","Marisa£¨Ùöéë¡¡Øª×âÞÞ£©","Minty Spire (QoL Compilation)","Onozuka Komachi Mod","Pale of the Ancients","Quick Restart","Random Character Mod","Reimu£¨ÚÏ???£©","Replay The Spire","Shop Mod","StSLib","The Immortal","Unknown Chances","Youmu£¨ûëÛÞèí?£©","Yuyuko"],"gold_per_floor":[15,32,32,52,64,97,108,108,108,0,18,29,61,81,81,176,226,226,239,93,111,111,111,111],"floor_reached":22,"playtime":2257,"items_purged":["MokouMod:Defend"],"score":202,"play_id":"fb9c8bcd-307d-427a-900c-2cadcffacc52","local_time":"20201213060327","is_ascension_mode":false,"campfire_choices":[{"floor":15,"key":"REST"}],"circlet_count":0,"master_deck":["MokouMod:Strike","MokouMod:Strike","MokouMod:Strike+1","MokouMod:Defend","MokouMod:Defend","MokouMod:Defend","MokouMod:HeatSpark","MokouMod:HeartofFire","MokouMod:Afterburner+1","MokouMod:FlickeringFlame","MokouMod:Firecracker","Pot Of Greed","Pot Of Greed","MokouMod:SubterraneanCore","MokouMod:FlareStarter+1","MokouMod:Overheat","MokouMod:RisingSunBarrier","MokouMod:HouraiForge","MokouMod:IgnitionBlast","MokouMod:BurningDraft+1","MokouMod:Geothermal","MokouMod:Overheat+1"],"relics":["MokouMod:PhoenixFeather","Ring of Hypnosis","Grinning Jar","CultistMask","Gremlin Food","Tiny House"],"acts_visited":["Exordium","TheCity"],"potions_floor_usage":[5,7,13,13,18,22],"damage_taken":[{"damage":6,"enemies":"2 Louse","floor":1,"turns":2},{"damage":10,"enemies":"Jaw Worm","floor":2,"turns":6},{"damage":13,"enemies":"Cultist","floor":4,"turns":5},{"damage":21,"enemies":"Exordium Wildlife","floor":5,"turns":5},{"damage":42,"enemies":"3 Sentries","floor":6,"turns":11},{"damage":0,"enemies":"2 Fungi Beasts","floor":7,"turns":4},{"damage":1,"enemies":"3 Louse","floor":11,"turns":5},{"damage":1,"enemies":"Looter","floor":12,"turns":3},{"damage":18,"enemies":"Lagavulin","floor":13,"turns":9},{"damage":15,"enemies":"Exordium Wildlife","floor":14,"turns":6},{"damage":45,"enemies":"Fading Forest","floor":16,"turns":11},{"damage":0,"enemies":"3 Byrds","floor":18,"turns":1},{"damage":39,"enemies":"Chosen","floor":19,"turns":12},{"damage":26,"enemies":"Shelled Parasite and Fungi","floor":21,"turns":10},{"damage":20,"enemies":"Snake Plant","floor":22,"turns":5}],"seed_played":"354259104417707571","potions_obtained":[{"floor":1,"key":"Strength Potion"},{"floor":6,"key":"AttackPotion"},{"floor":7,"key":"ZuzhouPotion:ReiMu"},{"floor":11,"key":"Languid Potion"},{"floor":13,"key":"Strength Potion"},{"floor":17,"key":"SmokeBomb"},{"floor":19,"key":"Block Potion"},{"floor":21,"key":"ExcitationPotion"}],"is_trial":false,"path_per_floor":["M","M","?","M","M","E","M","?","T","$","M","M","E","M","R","B",null,"M","M","$","M","M"],"character_chosen":"MKU","items_purchased":["MokouMod:FlareStarter+1","MokouMod:Geothermal"],"campfire_rested":1,"item_purchase_floors":[10,20],"current_hp_per_floor":[69,59,59,46,25,5,5,5,5,5,4,3,7,18,40,17,80,80,41,41,15,0,0,0],"gold":111,"neow_bonus":"REMOVE_TWO","is_daily":false,"chose_seed":false,"campfire_upgraded":0,"win_rate":0.0,"timestamp":1607807007,"path_taken":["M","M","?","M","M","E","M","?","T","$","M","M","E","M","R","BOSS","M","M","$","M","M"],"items_purchased_type":["Card","Card"],"build_version":"2020-11-30","purchased_purges":1,"victory":false,"max_hp_per_floor":[75,75,75,75,75,75,75,75,75,75,75,75,75,75,75,75,80,80,80,80,80,80,80,80],"card_choices":[{"not_picked":["MokouMod:EternalBurstReactor","MokouMod:ControlledCombustion"],"picked":"MokouMod:HeartofFire","floor":1},{"not_picked":["MokouMod:IgneousBlow","MokouMod:Singe"],"picked":"MokouMod:Afterburner","floor":2},{"not_picked":["MokouMod:HeatCyclone","MokouMod:Fireball"],"picked":"MokouMod:FlickeringFlame","floor":4},{"not_picked":["MokouMod:ScorchingColumn","MokouMod:InfernalWave"],"picked":"MokouMod:Firecracker","floor":5},{"not_picked":["MokouMod:AdaptivePyromancy","MokouMod:FlareStarter"],"picked":"MokouMod:SubterraneanCore","floor":6},{"not_picked":["MokouMod:Firecracker","MokouMod:Stoke","MokouMod:ControlledCombustion"],"picked":"SKIP","floor":7},{"not_picked":["MokouMod:EternalBurstReactor","MokouMod:RoaringFlare"],"picked":"MokouMod:Overheat","floor":11},{"not_picked":["MokouMod:SubterraneanCore","MokouMod:BlazingComet","MokouMod:ThermalPressure"],"picked":"SKIP","floor":12},{"not_picked":["MokouMod:UncontrollableSolarReaction","MokouMod:EnchantingBambooForest"],"picked":"MokouMod:RisingSunBarrier","floor":13},{"not_picked":["MokouMod:Meltdown","MokouMod:RoaringFlare","MokouMod:Stoke"],"picked":"SKIP","floor":14},{"not_picked":["MokouMod:SacredFire","MokouMod:ProfanedFlare"],"picked":"MokouMod:HouraiForge","floor":16},{"not_picked":["MokouMod:Firecracker","MokouMod:InfernalWave"],"picked":"MokouMod:IgnitionBlast","floor":17},{"not_picked":["MokouMod:Afterburner+1","MokouMod:UncontrollableSolarReaction"],"picked":"MokouMod:BurningDraft+1","floor":19},{"not_picked":["MokouMod:WarmUp","MokouMod:BurningDraft+1"],"picked":"MokouMod:Overheat+1","floor":21}],"player_experience":228966,"relics_obtained":[{"floor":3,"key":"Ring of Hypnosis"},{"floor":6,"key":"Grinning Jar"},{"floor":13,"key":"Gremlin Food"}],"event_choices":[{"damage_healed":0,"gold_gain":0,"player_choice":"Trade","damage_taken":0,"relics_obtained":["CultistMask"],"max_hp_gain":0,"max_hp_loss":0,"event_name":"FaceTrader","floor":8,"gold_loss":0}],"is_beta":false,"boss_relics":[{"not_picked":["ReplayTheSpireMod:DimensionalGlitch","ChewingGum"],"picked":"Tiny House"}],"items_purged_floors":[10],"is_endless":false,"potions_floor_spawned":[1,6,7,11,13,19,21],"killed_by":"Snake Plant","ascension_level":0}}