{"host":"2lo6hma6kymb0g9i","time":1607762113,"event":{"mods":["BaseMod","Colored Map","DeckTracker","Minty Spire (QoL Compilation)"],"gold_per_floor":[111,111,111,111,136,136,165,165,190,265,285,235,92,164,164,164,164],"floor_reached":16,"playtime":777,"items_purged":[],"score":132,"play_id":"cc0146f5-8a01-4cdb-931c-9239c6b5aa36","local_time":"20201212173513","is_ascension_mode":true,"campfire_choices":[{"data":"Glass Knife","floor":6,"key":"SMITH"},{"floor":15,"key":"REST"}],"circlet_count":0,"master_deck":["Strike_G","Strike_G","Defend_G","Defend_G+1","Defend_G","Defend_G","Defend_G","Survivor","Neutralize","Distraction+1","Glass Knife+1","Unload","Outmaneuver","Flechettes"],"relics":["Ring of the Snake","PreservedInsect","Blood Vial","CeramicFish","Medical Kit","Bag of Marbles"],"acts_visited":["Exordium"],"potions_floor_usage":[14,16],"damage_taken":[{"damage":18,"enemies":"Cultist","floor":1,"turns":7},{"damage":4,"enemies":"3 Sentries","floor":7,"turns":7},{"damage":1,"enemies":"Jaw Worm","floor":11,"turns":2},{"damage":0,"enemies":"Lagavulin Event","floor":14,"turns":4},{"damage":48,"enemies":"Slime Boss","floor":16,"turns":7}],"seed_played":"-6627570012483262358","potions_obtained":[{"floor":7,"key":"Swift Potion"},{"floor":11,"key":"Weak Potion"}],"is_trial":false,"path_per_floor":["M","?","?","?","T","R","E","?","T","?","M","?","$","?","R","B"],"character_chosen":"THE_SILENT","items_purchased":["Medical Kit"],"campfire_rested":1,"item_purchase_floors":[13],"current_hp_per_floor":[45,31,31,31,31,31,27,32,32,21,22,22,22,24,46,0,0],"gold":164,"neow_bonus":"REMOVE_CARD","is_daily":false,"chose_seed":false,"campfire_upgraded":1,"win_rate":0.0,"timestamp":1607762113,"path_taken":["M","?","?","?","?","R","E","?","T","?","?","?","$","?","R","BOSS"],"items_purchased_type":["Relic"],"build_version":"2020-11-30","purchased_purges":0,"victory":false,"max_hp_per_floor":[70,70,70,70,70,70,70,75,75,75,75,75,75,75,75,75,75],"card_choices":[{"not_picked":["Prepared","Dagger Spray"],"picked":"Distraction","floor":1},{"not_picked":["Crippling Poison","Slice"],"picked":"Unload","floor":7},{"not_picked":["Deadly Poison","Dodge and Roll"],"picked":"Outmaneuver","floor":11},{"not_picked":["Well Laid Plans","Dagger Throw"],"picked":"Flechettes","floor":14}],"player_experience":774931,"relics_obtained":[{"floor":5,"key":"PreservedInsect"},{"floor":7,"key":"Blood Vial"},{"floor":9,"key":"CeramicFish"}],"event_choices":[{"damage_healed":0,"gold_gain":0,"player_choice":"Entered Light","damage_taken":14,"max_hp_gain":0,"max_hp_loss":0,"event_name":"Shining Light","floor":2,"gold_loss":0,"cards_upgraded":["Defend_G","Distraction"]},{"damage_healed":0,"gold_gain":0,"cards_transformed":["Strike_G"],"player_choice":"Change","damage_taken":0,"max_hp_gain":0,"max_hp_loss":0,"event_name":"Living Wall","floor":3,"gold_loss":0,"cards_obtained":["Glass Knife"]},{"damage_healed":0,"gold_gain":0,"player_choice":"Ignored","damage_taken":0,"max_hp_gain":0,"max_hp_loss":0,"event_name":"Golden Idol","floor":4,"gold_loss":0},{"damage_healed":0,"gold_gain":0,"player_choice":"Donut","damage_taken":0,"max_hp_gain":5,"max_hp_loss":0,"event_name":"Big Fish","floor":8,"gold_loss":0},{"damage_healed":0,"gold_gain":75,"player_choice":"Gather Gold","damage_taken":11,"max_hp_gain":0,"max_hp_loss":0,"event_name":"World of Goop","floor":10,"gold_loss":0},{"cards_removed":["Strike_G"],"damage_healed":0,"gold_gain":0,"player_choice":"Card Removal","damage_taken":0,"max_hp_gain":0,"max_hp_loss":0,"event_name":"The Cleric","floor":12,"gold_loss":50},{"damage_healed":0,"gold_gain":0,"player_choice":"Searched \u00272\u0027 times","damage_taken":0,"relics_obtained":["Bag of Marbles"],"max_hp_gain":0,"max_hp_loss":0,"event_name":"Dead Adventurer","floor":14,"gold_loss":0}],"is_beta":false,"boss_relics":[],"items_purged_floors":[],"is_endless":false,"potions_floor_spawned":[7,11],"killed_by":"Slime Boss","ascension_level":8}}