{"host":"ds28d883r3sz42zs","time":1607816414,"event":{"mods":["2.2 Compatiblity","AchievementEnabler","Act Like it!","Aspiration","BaseMod","Bestiary","Better Match","Better Note","Better Sensory Stone","Better Skull","Better Third Choice","Better-Laid Plans","BetterRewards","Block Reminder","Challenge The Spire","Colored Map","Colored Powertips","Conspire","DeckTracker","Defuse TimeMaze Blight","Disable Question Mark Monsters","Displayed Cursed Tome","Downfall-Rebalance","Emptier Cage","GifTheSpireLib","Gold Saver","Hubris","Infinite Spire","Marked Mod","Minty Spire (QoL Compilation)","Permanent Neow","Practice Mode","Quick Restart","Random Character Button","Rare Cards Sparkle","Relic Filter","Relic Sorter","Relic Stats","Replay The Spire","SacredBarkPlus","StSLib","Stuff the Spire","SuperFastMode","The Bug Knight","The Construct","The Jungle","Uncapped","Unknown Chances"],"gold_per_floor":[118,220,220,63,83,83,108,126,126,146,173,72,72,72,72,170,170,186,186,286,298,309,340,340,340,340,460,460,491,491,504,504,504,504],"floor_reached":33,"playtime":1131,"items_purged":["Strike_R","hubris:Despair"],"score":419,"play_id":"a0213f10-c9ca-42a2-bb21-a5b70a9895d7","local_time":"20201212184014","is_ascension_mode":true,"campfire_choices":[{"data":"Carnage","floor":6,"key":"SMITH"},{"data":"Evolve","floor":13,"key":"SMITH"},{"data":"Shockwave","floor":15,"key":"SMITH"},{"data":"Inflame","floor":24,"key":"SMITH"},{"data":"expansioncontent:DefensiveStance","floor":28,"key":"SMITH"},{"data":"Reaper","floor":32,"key":"SMITH"}],"circlet_count":0,"master_deck":["Strike_R","Strike_R+1","Strike_R","Defend_R","Defend_R","Defend_R","Defend_R+1","Bash+1","StuffTheSpire:RockThrow","Carnage+1","Dark Embrace","Anger","expansioncontent:DefensiveStance+1","Pot Of Greed","Pot Of Greed","Abandon","Shockwave+1","Power Through","Evolve+1","Fire Breathing+1","Reaper+1","Inflame+1","Clothesline+1"],"relics":["Burning Blood","Grinning Jar","Mercury Hourglass","Odd Mushroom","StuffTheSpire:GrapeVine","ReplayTheSpireMod:CursedCoin","Snecko Eye","StuffTheSpire:Nightcore","ReplayTheSpireMod:Shallot","Pear","Simple Rune"],"acts_visited":["Exordium","Exordium"],"potions_floor_usage":[7,22,29],"damage_taken":[{"damage":1,"enemies":"Cultist","floor":1,"turns":3},{"damage":2,"enemies":"Jaw Worm","floor":5,"turns":4},{"damage":15,"enemies":"Lagavulin","floor":7,"turns":5},{"damage":0,"enemies":"2 Louse","floor":8,"turns":3},{"damage":17,"enemies":"The Mushroom Lair","floor":10,"turns":4},{"damage":12,"enemies":"3 Sentries","floor":11,"turns":6},{"damage":10,"enemies":"Fading Forest","floor":16,"turns":11},{"damage":0,"enemies":"theJungle:GiantWrat","floor":18,"turns":5},{"damage":5,"enemies":"theJungle:5_Spyders","floor":21,"turns":7},{"damage":0,"enemies":"theJungle:2_Snecko_Cultists","floor":22,"turns":3},{"damage":36,"enemies":"theJungle:2_Phrogs","floor":23,"turns":12},{"damage":18,"enemies":"theJungle:Cassacara","floor":29,"turns":5},{"damage":20,"enemies":"theJungle:2_Flameangoes","floor":31,"turns":6},{"damage":0,"enemies":"theJungle:FunGuy","floor":33,"turns":1}],"seed_played":"6411281057518338139","potions_obtained":[{"floor":1,"key":"AttackPotion"},{"floor":7,"key":"construct:ShiftPotion"},{"floor":8,"key":"BloodPotion"},{"floor":21,"key":"SkillPotion"},{"floor":22,"key":"Elixir"},{"floor":29,"key":"Block Potion"}],"is_trial":false,"path_per_floor":["M","?","?","$","M","R","E","M","T","?","E","$","R","?","R","B",null,"M","?","?","M","M","E","R","T","T","?","R","E","?","M","R","B"],"character_chosen":"IRONCLAD","items_purchased":["expansioncontent:DefensiveStance","ReplayTheSpireMod:CursedCoin","Fire Breathing+1","FairyPotion"],"campfire_rested":0,"item_purchase_floors":[4,12,12,12],"current_hp_per_floor":[77,77,70,70,74,74,65,71,71,60,54,54,54,54,54,58,75,80,80,75,80,80,50,50,50,60,47,47,81,81,75,75,75,75],"gold":504,"neow_bonus":"UPGRADE_CARD","is_daily":false,"chose_seed":false,"campfire_upgraded":6,"win_rate":0.0,"timestamp":1607816414,"path_taken":["M","?","?","$","M","R","E","M","T","?","E","$","R","?","R","BOSS","M","?","?","?","?","E","R","?","T","?","R","E","?","M","R","BOSS"],"items_purchased_type":["Card","Relic","Card","Potion"],"build_version":"2020-11-30","purchased_purges":2,"victory":false,"max_hp_per_floor":[80,80,80,80,80,80,80,80,80,80,80,80,80,80,80,80,80,80,80,80,80,80,80,80,80,90,90,90,90,90,90,90,90,90],"relic_stats":{"counters":[14,74],"Snecko Eye":[69,78,76,85],"obtain_stats":[{"Pear":26,"ReplayTheSpireMod:Shallot":25,"ReplayTheSpireMod:CursedCoin":12,"Snecko Eye":17,"Simple Rune":29,"StuffTheSpire:GrapeVine":11,"StuffTheSpire:Nightcore":23,"Grinning Jar":7,"Odd Mushroom":10,"Burning Blood":0,"Mercury Hourglass":9},{"Pear":11,"ReplayTheSpireMod:Shallot":11,"ReplayTheSpireMod:CursedCoin":6,"Snecko Eye":7,"Simple Rune":12,"StuffTheSpire:GrapeVine":6,"StuffTheSpire:Nightcore":11,"Grinning Jar":3,"Odd Mushroom":5,"Burning Blood":0,"Mercury Hourglass":4},{"Pear":62,"ReplayTheSpireMod:Shallot":62,"ReplayTheSpireMod:CursedCoin":25,"Snecko Eye":36,"Simple Rune":67,"StuffTheSpire:GrapeVine":25,"StuffTheSpire:Nightcore":62,"Grinning Jar":12,"Odd Mushroom":19,"Burning Blood":0,"Mercury Hourglass":15}],"Burning Blood":66,"Mercury Hourglass":[297]},"card_choices":[{"not_picked":["Run Through","Havoc"],"picked":"StuffTheSpire:RockThrow","floor":1},{"not_picked":["Disarm","hubris:ReadiedAction"],"picked":"Carnage","floor":2},{"not_picked":["Body Slam","Iron Wave"],"picked":"Dark Embrace","floor":2},{"not_picked":["Wild Strike","Heavy Blade"],"picked":"Anger","floor":2},{"not_picked":["Havoc","ReplayTheSpireMod:Strike From Hell","hubris:ReadiedAction"],"picked":"SKIP","floor":5},{"not_picked":["True Grit","Anger"],"picked":"Abandon","floor":7},{"not_picked":["hubris:ReadiedAction","Thunderclap"],"picked":"Shockwave","floor":8},{"not_picked":["infinitespire:OneForAll","ReplayTheSpireMod:Limb From Limb"],"picked":"Power Through","floor":10},{"not_picked":["Sentinel","Heavy Blade"],"picked":"Evolve","floor":11},{"not_picked":["Brutality","Eclipse"],"picked":"Reaper","floor":16},{"not_picked":["Body Slam","StuffTheSpire:Incineration","Battle Trance"],"picked":"SKIP","floor":18},{"not_picked":["StuffTheSpire:Slingshot","Blood for Blood"],"picked":"Inflame","floor":21},{"not_picked":["Wild Strike+1","Body Slam+1"],"picked":"Clothesline+1","floor":22},{"not_picked":["Iron Wave","Limit Break","Entrench"],"picked":"SKIP","floor":23},{"not_picked":["Whirlwind","Burning Pact","Anger"],"picked":"SKIP","floor":29},{"not_picked":["Havoc+1","Anger","Heavy Blade+1"],"picked":"SKIP","floor":31}],"player_experience":727752,"relics_obtained":[{"floor":7,"key":"Grinning Jar"},{"floor":9,"key":"Mercury Hourglass"},{"floor":10,"key":"Odd Mushroom"},{"floor":11,"key":"StuffTheSpire:GrapeVine"},{"floor":23,"key":"StuffTheSpire:Nightcore"},{"floor":25,"key":"ReplayTheSpireMod:Shallot"},{"floor":26,"key":"Pear"},{"floor":29,"key":"Simple Rune"}],"event_choices":[{"cards_removed":["Strike_R"],"damage_healed":0,"gold_gain":0,"player_choice":"Card Removal","damage_taken":7,"max_hp_gain":0,"max_hp_loss":0,"event_name":"Golden Wing","floor":3,"gold_loss":0},{"damage_healed":0,"gold_gain":0,"player_choice":"Fought Mushrooms","damage_taken":0,"max_hp_gain":0,"max_hp_loss":0,"event_name":"Mushrooms","floor":10,"gold_loss":0},{"damage_healed":0,"gold_gain":0,"player_choice":"Ignored","damage_taken":0,"max_hp_gain":0,"max_hp_loss":0,"event_name":"betterNote:BetterNote","floor":19,"gold_loss":0,"cards_obtained":["Neutralize"]},{"damage_healed":0,"gold_gain":0,"player_choice":"Leave","damage_taken":0,"max_hp_gain":0,"max_hp_loss":0,"event_name":"conspire:Investor","floor":30,"gold_loss":0}],"is_beta":false,"boss_relics":[{"not_picked":["conspire:SlowCooker","construct:ClawGrip"],"picked":"Snecko Eye"}],"items_purged_floors":[4,12],"is_endless":false,"potions_floor_spawned":[1,7,8,21,22,29],"killed_by":"theJungle:FunGuy","ascension_level":9}}