{"host":"vtuvba5dsdtnnx8i","time":1607766935,"event":{"mods":["2.2 Compatiblity","AchievementEnabler","Act Like it!","BaseMod","BetterRewards","Block Reminder","CapriCore","Chen","Colored Powertips","Custom Start","DeckTracker","Gensokyo","Hermit","Infinite Spire","Koishi","KomeijiMod","Marisa£¨Ùöéë¡¡Øª×âÞÞ£©","Minty Spire (QoL Compilation)","Onozuka Komachi Mod","Pale of the Ancients","Practice Mode","Quick Restart","Random Character Mod","Reimu£¨ÚÏ???£©","Replay The Spire","Shop Mod","StSLib","The Administrix","The Immortal","The Poker Player","Unknown Chances","Youmu£¨ûëÛÞèí?£©","Yuyuko"],"gold_per_floor":[367,379,395,11,31,31,31,31,31],"floor_reached":8,"playtime":891,"items_purged":["Strike_YM"],"score":55,"play_id":"3a9404f3-da8f-4b06-b2c2-94afb6e7580c","local_time":"20201212185535","is_ascension_mode":true,"campfire_choices":[{"data":"DoubleWheelOfPain","floor":6,"key":"SMITH"}],"circlet_count":0,"master_deck":["Strike_YM","Strike_YM","Strike_YM","Defend_YM","Defend_YM","Defend_YM","Defend_YM","SlashOfPresentWorld","WheelOfPainOfLivingAndDead","CherryBlossomFlashing","DoubleWheelOfPain+1","KarmicPunishmentOfTheIdleAndUnfocused"],"relics":["HalfPhantom","Frozen Egg 2"],"acts_visited":["Exordium"],"potions_floor_usage":[],"damage_taken":[{"damage":0,"enemies":"Cultist","floor":1,"turns":6},{"damage":6,"enemies":"Jaw Worm","floor":2,"turns":5},{"damage":0,"enemies":"2 Louse","floor":3,"turns":4},{"damage":6,"enemies":"Red Slaver","floor":5,"turns":4},{"damage":100,"enemies":"Gremlin Nob","floor":8,"turns":5}],"seed_played":"8240299088384801556","potions_obtained":[],"is_trial":false,"path_per_floor":["M","M","M","$","M","R","$","E"],"character_chosen":"YOUMU","items_purchased":["Frozen Egg 2","DoubleWheelOfPain"],"campfire_rested":0,"item_purchase_floors":[4,4],"current_hp_per_floor":[68,62,62,62,56,56,56,0,0],"gold":31,"neow_bonus":"TWO_FIFTY_GOLD","is_daily":false,"chose_seed":false,"campfire_upgraded":1,"win_rate":0.0,"timestamp":1607766935,"path_taken":["M","?","M","$","M","R","?","E"],"items_purchased_type":["Relic","Card"],"build_version":"2020-11-30","purchased_purges":1,"victory":false,"max_hp_per_floor":[68,68,68,68,68,68,68,68,68],"card_choices":[{"not_picked":["SlashOfDelusionalInnerEye","SlashOfMeditation"],"picked":"CherryBlossomFlashing","floor":1},{"not_picked":["LifeCuttingSword","TwoHundredYojanaInOneSlash","SanzenSekai"],"picked":"SKIP","floor":2},{"not_picked":["PhosphoricSlash","CherryBlossomFlashing","ConstancyOfTheConventionalTruth"],"picked":"SKIP","floor":3},{"not_picked":["CrescentMoonSlash","ThreeKonsSevenHakus"],"picked":"KarmicPunishmentOfTheIdleAndUnfocused","floor":5}],"player_experience":229552,"relics_obtained":[],"event_choices":[],"is_beta":false,"boss_relics":[],"items_purged_floors":[4],"is_endless":false,"potions_floor_spawned":[],"killed_by":"Gremlin Nob","ascension_level":3}}