{"host":"p7j7o00jacnw7qzt","time":1607746712,"event":{"mods":["BaseMod","Colored Map","Colored Powertips","DeckTracker","Highlight Path","Minty Spire (QoL Compilation)","Relic Stats"],"gold_per_floor":[117,127,52,52,52,82,157,176,176,193,210,222,222,241,241,241,241],"floor_reached":16,"playtime":518,"items_purged":[],"score":258,"play_id":"05bee551-04e1-4d4e-ae75-9631b0c01d90","local_time":"20201211231832","is_ascension_mode":true,"campfire_choices":[{"data":"Perfected Strike","floor":13.0,"key":"SMITH"},{"data":"Pommel Strike","floor":15.0,"key":"SMITH"}],"circlet_count":0,"master_deck":["AscendersBane","Strike_R","Strike_R","Strike_R","Defend_R","Defend_R","Defend_R","Defend_R","Bash","Pommel Strike+1","Barricade","Perfected Strike+1","Battle Trance"],"relics":["Burning Blood","NeowsBlessing","Gambling Chip"],"acts_visited":["Exordium"],"potions_floor_usage":[16,16],"damage_taken":[{"damage":0.0,"enemies":"Jaw Worm","floor":1.0,"turns":1.0},{"damage":0.0,"enemies":"Small Slimes","floor":2.0,"turns":1.0},{"damage":0.0,"enemies":"3 Sentries","floor":6.0,"turns":2.0},{"damage":3.0,"enemies":"2 Louse","floor":8.0,"turns":4.0},{"damage":14.0,"enemies":"Blue Slaver","floor":10.0,"turns":4.0},{"damage":2.0,"enemies":"Red Slaver","floor":11.0,"turns":3.0},{"damage":22.0,"enemies":"Gremlin Gang","floor":12.0,"turns":5.0},{"damage":5.0,"enemies":"Exordium Wildlife","floor":14.0,"turns":4.0},{"damage":58,"enemies":"The Guardian","floor":16,"turns":10}],"seed_played":"-7250067317512677881","potions_obtained":[{"floor":2.0,"key":"Regen Potion"},{"floor":8.0,"key":"Block Potion"},{"floor":14.0,"key":"BloodPotion"}],"is_trial":false,"path_per_floor":["M","M","?","?","?","E","?","M","T","M","M","M","R","M","R","B"],"character_chosen":"IRONCLAD","items_purchased":[],"campfire_rested":0,"item_purchase_floors":[],"current_hp_per_floor":[74,75,75,68,68,74,63,66,66,58,62,46,46,47,47,19,19],"gold":241,"neow_bonus":"THREE_ENEMY_KILL","is_daily":false,"chose_seed":false,"campfire_upgraded":2,"win_rate":0.0,"timestamp":1607746712,"path_taken":["M","M","?","?","?","E","?","M","T","M","M","M","R","M","R","BOSS"],"items_purchased_type":[],"build_version":"2020-11-30","purchased_purges":0,"victory":false,"max_hp_per_floor":[75,75,75,75,75,75,75,75,75,75,75,75,75,75,75,75,75],"relic_stats":{"counters":[9,34],"Gambling Chip":[16],"obtain_stats":[{"NeowsBlessing":0,"Gambling Chip":6,"Burning Blood":0},{"NeowsBlessing":0,"Gambling Chip":3,"Burning Blood":0},{"NeowsBlessing":0,"Gambling Chip":4,"Burning Blood":0}],"Burning Blood":43},"card_choices":[{"not_picked":["Thunderclap","Perfected Strike","Headbutt"],"picked":"SKIP","floor":1.0},{"not_picked":["Cleave","Rage","Perfected Strike"],"picked":"SKIP","floor":2.0},{"not_picked":["Thunderclap","Twin Strike","Havoc"],"picked":"SKIP","floor":6.0},{"not_picked":["Thunderclap","Twin Strike","Havoc"],"picked":"SKIP","floor":6.0},{"not_picked":["Flex","Heavy Blade"],"picked":"Pommel Strike","floor":8.0},{"not_picked":["Feel No Pain","Flex"],"picked":"Barricade","floor":10.0},{"not_picked":["Pummel","Sword Boomerang","Fire Breathing"],"picked":"SKIP","floor":11.0},{"not_picked":["Flex","Metallicize"],"picked":"Perfected Strike","floor":12.0},{"not_picked":["Blood for Blood","Pummel"],"picked":"Battle Trance","floor":14.0}],"player_experience":797545,"relics_obtained":[{"floor":6.0,"key":"Gambling Chip"}],"event_choices":[{"cards_removed":["Strike_R"],"damage_healed":0.0,"max_hp_gain":0.0,"max_hp_loss":0.0,"gold_gain":0.0,"event_name":"The Cleric","player_choice":"Card Removal","floor":3.0,"gold_loss":75.0,"damage_taken":0.0},{"cards_removed":["Strike_R"],"damage_healed":0.0,"max_hp_gain":0.0,"max_hp_loss":0.0,"gold_gain":0.0,"event_name":"Golden Wing","player_choice":"Card Removal","floor":4.0,"gold_loss":0.0,"damage_taken":7.0},{"damage_healed":0.0,"max_hp_gain":0.0,"max_hp_loss":0.0,"gold_gain":0.0,"event_name":"Shining Light","player_choice":"Ignored","floor":5.0,"gold_loss":0.0,"damage_taken":0.0},{"damage_healed":0.0,"max_hp_gain":0.0,"max_hp_loss":0.0,"gold_gain":75.0,"event_name":"World of Goop","player_choice":"Gather Gold","floor":7.0,"gold_loss":0.0,"damage_taken":11.0}],"is_beta":false,"boss_relics":[],"items_purged_floors":[],"is_endless":false,"potions_floor_spawned":[2,8,14],"killed_by":"The Guardian","ascension_level":20}}