{"host":"qqjv58wfhopf6ysa","time":1607794202,"event":{"mods":["AchievementEnabler","Aspiration","BaseMod","Conspire","Hubris","Infinite Spire","Minty Spire (QoL Compilation)","Quick Restart","Replay The Spire","StSLib","SuperFastMode","vexMod"],"gold_per_floor":[109,128,128,138,238,270,270,96,165,165,184,38,49,60,60,156,156],"floor_reached":16,"playtime":486,"items_purged":[],"score":177,"play_id":"c9e8ba1b-4353-4d36-96b1-e031836e9c09","local_time":"20201213023002","is_ascension_mode":false,"campfire_choices":[{"data":"ReplaySolidLightProjector","floor":7,"key":"SMITH"},{"data":"Aggregate","floor":10,"key":"SMITH"},{"data":"conspire:SharedLibrary","floor":15,"key":"SMITH"}],"circlet_count":0,"master_deck":["Strike_B","Strike_B","Strike_B","Strike_B","Defend_B","Defend_B","Defend_B","Defend_B","Zap","Dualcast","Aggregate+1","Flying Knee","ReplaySolidLightProjector+1","EmptyMind","Beam Cell","Undo","Consume","Sweeping Beam","conspire:SharedLibrary+1","Conserve Battery","Reboot"],"relics":["Cracked Core","aspiration:Nostalgia","Replay:M_StaffOfTheSnake","Replay:Ringing Soul","Replay:Baseball","Snack Pack","Prayer Wheel"],"acts_visited":["Exordium"],"potions_floor_usage":[6,6],"damage_taken":[{"damage":1,"enemies":"2 Louse","floor":1,"turns":2},{"damage":1,"enemies":"Cultist","floor":2,"turns":3},{"damage":8,"enemies":"infinitespire:Voidling","floor":4,"turns":3},{"damage":19,"enemies":"Lagavulin","floor":6,"turns":8},{"damage":16,"enemies":"Lots of Slimes","floor":11,"turns":4},{"damage":12,"enemies":"Large Slime","floor":13,"turns":7},{"damage":2,"enemies":"3 Louse","floor":14,"turns":3},{"damage":23,"enemies":"The Guardian","floor":16,"turns":13}],"seed_played":"4207201515003355582","potions_obtained":[{"floor":3,"key":"SteroidPotion"},{"floor":3,"key":"EssenceOfSteel"},{"floor":3,"key":"Adrenaline Potion"},{"floor":6,"key":"DuplicationPotion"},{"floor":11,"key":"Weak Potion"}],"is_trial":false,"path_per_floor":["M","M","?","M","?","E","R","$","T","R","M","$","M","M","R","B"],"character_chosen":"DEFECT","items_purchased":["Beam Cell","Replay:Baseball","ReplayTheSpireMod:Fabricate Wheel"],"campfire_rested":0,"item_purchase_floors":[8,8,12],"current_hp_per_floor":[74,73,73,69,69,53,53,56,56,56,43,46,37,38,38,24,24],"gold":156,"neow_bonus":"NOSTALGIA","is_daily":false,"chose_seed":false,"campfire_upgraded":3,"win_rate":0.0,"timestamp":1607794202,"path_taken":["M","M","?","?","?","E","R","?","T","R","M","$","?","M","R","BOSS"],"items_purchased_type":["Card","Relic","Card"],"build_version":"2020-11-30","purchased_purges":0,"victory":false,"max_hp_per_floor":[75,75,75,75,75,78,78,81,81,81,84,87,90,93,93,96,96],"card_choices":[{"not_picked":["Rebound","Sweeping Beam"],"picked":"Aggregate","floor":1},{"not_picked":["Streamline","Panic Button"],"picked":"Flying Knee","floor":2},{"not_picked":["ClearTheMind","Redo"],"picked":"ReplaySolidLightProjector","floor":4},{"not_picked":["InnerPeace","Nirvana"],"picked":"EmptyMind","floor":6},{"not_picked":["Genetic Algorithm","Beam Cell"],"picked":"Undo","floor":11},{"not_picked":["Hologram","Panic Button"],"picked":"Consume","floor":13},{"not_picked":["Turbo","ReplayTheSpireMod:Repulse"],"picked":"Sweeping Beam","floor":13},{"not_picked":["Machine Learning","Streamline"],"picked":"conspire:SharedLibrary","floor":14},{"not_picked":["CutThroughFate","Sanctity"],"picked":"Conserve Battery","floor":14},{"not_picked":["Night Terror","Thunder Strike"],"picked":"Reboot","floor":16}],"player_experience":330241,"relics_obtained":[{"floor":6,"key":"Replay:Ringing Soul"},{"floor":9,"key":"Snack Pack"}],"event_choices":[{"damage_healed":0,"gold_gain":0,"player_choice":"Got Potions","damage_taken":0,"max_hp_gain":0,"max_hp_loss":0,"event_name":"Lab","floor":3,"gold_loss":0},{"damage_healed":0,"gold_gain":100,"player_choice":"Pray","damage_taken":0,"max_hp_gain":0,"max_hp_loss":0,"event_name":"Golden Shrine","floor":5,"gold_loss":0}],"is_beta":false,"boss_relics":[],"items_purged_floors":[],"is_endless":false,"potions_floor_spawned":[4,6,11,16],"killed_by":"The Guardian","ascension_level":0}}