{"host":"j0a1jfichhxu8b8p","time":1607743174,"event":{"mods":["BaseMod","Colored Map","DeckTracker","Keyboard Shortcuts","Minty Spire (QoL Compilation)","Permanent Neow","everything is the same but u backflip on backflip"],"gold_per_floor":[112,112,112,41,59,59,87,87,87,107,136,61,78,90,90,187,187,197,197,209,227,277,277,124,124,124,138,138,149,149,149],"floor_reached":30,"playtime":932,"items_purged":[],"score":348,"play_id":"1fbbf494-513c-4c6e-9198-9ecaa9e7e9a3","local_time":"20201212121934","is_ascension_mode":true,"campfire_choices":[{"data":"Chaos","floor":6,"key":"SMITH"},{"floor":8,"key":"REST"},{"data":"Dualcast","floor":15,"key":"SMITH"},{"floor":23,"key":"DIG"},{"data":"Chaos","floor":25,"key":"SMITH"},{"floor":28,"key":"DIG"}],"circlet_count":0,"master_deck":["Strike_B","Strike_B","Strike_B","Defend_B","Defend_B+1","Defend_B","Defend_B","Zap+1","Dualcast+1","Discovery","Turbo","Chaos+1","Machine Learning","Compile Driver","Ball Lightning","Static Discharge","Hologram","Chaos+1","Biased Cognition","CurseOfTheBell","Ball Lightning+1","Redo+1","Ball Lightning"],"relics":["Cracked Core","Shovel","Gremlin Horn","Oddly Smooth Stone","Calling Bell","Anchor","Matryoshka","WingedGreaves","White Beast Statue","Potion Belt","OrangePellets","Toy Ornithopter","Ice Cream","Omamori"],"acts_visited":["Exordium","TheCity"],"potions_floor_usage":[20,30,30],"damage_taken":[{"damage":1,"enemies":"Cultist","floor":1,"turns":4},{"damage":2,"enemies":"Jaw Worm","floor":5,"turns":3},{"damage":31,"enemies":"Gremlin Nob","floor":7,"turns":4},{"damage":6,"enemies":"2 Louse","floor":10,"turns":2},{"damage":2,"enemies":"Lagavulin","floor":11,"turns":6},{"damage":2,"enemies":"Exordium Thugs","floor":13,"turns":4},{"damage":5,"enemies":"Blue Slaver","floor":14,"turns":3},{"damage":11,"enemies":"Slime Boss","floor":16,"turns":8},{"damage":3,"enemies":"Spheric Guardian","floor":18,"turns":3},{"damage":2,"enemies":"3 Byrds","floor":20,"turns":4},{"damage":19,"enemies":"Snake Plant","floor":21,"turns":4},{"damage":6,"enemies":"Sentry and Sphere","floor":27,"turns":4},{"damage":11,"enemies":"Centurion and Healer","floor":29,"turns":4},{"damage":29,"enemies":"Slavers","floor":30,"turns":5}],"seed_played":"-4067783948308804398","potions_obtained":[{"floor":7,"key":"Explosive Potion"},{"floor":10,"key":"SpeedPotion"},{"floor":11,"key":"Weak Potion"},{"floor":13,"key":"LiquidMemories"},{"floor":20,"key":"Swift Potion"},{"floor":21,"key":"GamblersBrew"},{"floor":27,"key":"Ancient Potion"},{"floor":29,"key":"Ancient Potion"}],"is_trial":false,"path_per_floor":["M","?","?","$","M","R","E","R","T","M","E","$","M","M","R","B",null,"M","?","M","M","?","R","$","R","T","M","R","M","E"],"character_chosen":"DEFECT","items_purchased":["Chaos","Static Discharge","OrangePellets"],"campfire_rested":1,"item_purchase_floors":[4,12,24],"current_hp_per_floor":[67,52,45,45,43,43,12,34,34,28,26,26,24,19,19,8,58,55,55,53,34,34,34,34,34,34,28,28,17,0,0],"gold":149,"neow_bonus":"RANDOM_COLORLESS","is_daily":false,"chose_seed":false,"campfire_upgraded":3,"win_rate":0.0,"timestamp":1607743174,"path_taken":["M","?","?","?","M","R","E","R","T","M","E","$","M","?","R","BOSS","M","?","M","M","?","R","$","R","T","?","R","M","E"],"items_purchased_type":["Card","Card","Relic"],"build_version":"2020-11-30","purchased_purges":0,"victory":false,"max_hp_per_floor":[75,75,75,75,75,75,75,75,75,75,75,75,75,75,75,75,75,75,75,75,75,75,75,75,75,75,75,75,75,75,75],"card_choices":[{"not_picked":["Dramatic Entrance","Deep Breath"],"picked":"Discovery","floor":0},{"not_picked":["Leap","Redo"],"picked":"Turbo","floor":1},{"not_picked":["Steam Power","Go for the Eyes","Redo"],"picked":"SKIP","floor":5},{"not_picked":["Hello World","Force Field"],"picked":"Machine Learning","floor":7},{"not_picked":["Undo","Loop"],"picked":"Compile Driver","floor":10},{"not_picked":["BootSequence","Steam"],"picked":"Ball Lightning","floor":11},{"not_picked":["Rebound","Barrage"],"picked":"Hologram","floor":13},{"not_picked":["Coolheaded","Gash"],"picked":"Chaos","floor":14},{"not_picked":["Creative AI","Thunder Strike"],"picked":"Biased Cognition","floor":16},{"not_picked":["Steam Power+1","Beam Cell"],"picked":"Ball Lightning+1","floor":18},{"not_picked":["Beam Cell","Steam"],"picked":"Redo+1","floor":20},{"not_picked":["Compile Driver","Sunder+1"],"picked":"Ball Lightning","floor":21},{"not_picked":["All For One","Cold Snap+1","Chaos"],"picked":"SKIP","floor":27},{"not_picked":["Leap","Stack+1","Sweeping Beam"],"picked":"SKIP","floor":29}],"player_experience":287995,"relics_obtained":[{"floor":7,"key":"Shovel"},{"floor":9,"key":"Gremlin Horn"},{"floor":11,"key":"Oddly Smooth Stone"},{"floor":17,"key":"Anchor"},{"floor":17,"key":"Matryoshka"},{"floor":17,"key":"WingedGreaves"},{"floor":23,"key":"Potion Belt"},{"floor":26,"key":"Toy Ornithopter"},{"floor":26,"key":"Ice Cream"},{"floor":28,"key":"Omamori"}],"event_choices":[{"damage_healed":0,"gold_gain":0,"player_choice":"Entered Light","damage_taken":15,"max_hp_gain":0,"max_hp_loss":0,"event_name":"Shining Light","floor":2,"gold_loss":0,"cards_upgraded":["Zap","Defend_B"]},{"cards_removed":["Strike_B"],"damage_healed":0,"gold_gain":0,"player_choice":"Card Removal","damage_taken":7,"max_hp_gain":0,"max_hp_loss":0,"event_name":"Golden Wing","floor":3,"gold_loss":0},{"damage_healed":0,"gold_gain":0,"player_choice":"Opened","damage_taken":0,"relics_obtained":["White Beast Statue"],"max_hp_gain":0,"max_hp_loss":0,"event_name":"The Mausoleum","floor":19,"gold_loss":0},{"damage_healed":0,"gold_gain":100,"player_choice":"Bet on Murderer","damage_taken":0,"max_hp_gain":0,"max_hp_loss":0,"event_name":"The Joust","floor":22,"gold_loss":50}],"is_beta":false,"boss_relics":[{"not_picked":["Tiny House","Busted Crown"],"picked":"Calling Bell"}],"items_purged_floors":[],"is_endless":false,"potions_floor_spawned":[7,10,11,13,18,20,21,27,29],"killed_by":"Slavers","ascension_level":9}}