{"host":"pl1fbpkom0aq337f","time":1607797812,"event":{"mods":["AchievementEnabler","BaseMod","Colored Map","Marisa????????","Minty Spire (QoL Compilation)"],"gold_per_floor":[115,115,115,130,130,146,177,177,248,301,352,386,386,404,404,427,427,427,523,523,537,259,273,312,35,35,35,71,71,91,161,236,151,151,207,207,207,207,207,280,280,280,405,405,421,445,445,667,328,391,461,461,535,550,604,629,684,240,294,333,357,357,357,357],"floor_reached":65,"playtime":3929,"items_purged":["Strike_MRS","Strike_MRS","Strike_MRS"],"score":1638,"play_id":"efb8a881-b161-4a46-a285-98d75c56a03b","local_time":"20201212193012","is_ascension_mode":true,"campfire_choices":[{"floor":8,"key":"REST"},{"floor":15,"key":"REST"},{"data":"MilkyWay","floor":17,"key":"SMITH"},{"floor":18,"key":"REST"},{"data":"SatelliteIllusion","floor":27,"key":"SMITH"},{"data":"IllusionStar","floor":29,"key":"SMITH"},{"floor":34,"key":"REST"},{"floor":38,"key":"REST"},{"floor":41,"key":"REST"},{"data":"StarDustReverie","floor":42,"key":"SMITH"},{"floor":52,"key":"DIG"},{"floor":62,"key":"DIG"},{"floor":63,"key":"DIG"}],"circlet_count":0,"master_deck":["AscendersBane","Strike_MRS","Defend_MRS","Defend_MRS","Defend_MRS","Defend_MRS+1","MasterSpark+1","UpSweep","IllusionStar+1","GravityBeat","ShootTheMoon","Parasite","Parasite","AsteroidBelt+1","MilkyWay+1","StarDustReverie+1","MagicAbsorber","IllusionStar+1","MysteriousBeam","SatelliteIllusion+1","IllusionStar","FairyDestructionRay","WitchOfGreed+1","MysteriousBeam","MysteriousBeam","ManaRampage","Occultation","Trip","Secret Technique","GravityBeat+1","MysteriousBeam+1","MysteriousBeam","BlazingStar","SuperPerseids+1","AsteroidBelt","OrrerysSun+1","StarlightTyphoon","Parasite","MeteoricShower","SprinkleStarSeal+1","MagicAbsorber"],"relics":["MiniHakkero","Golden Idol","Tiny Chest","Pen Nib","ShroomBag","Juzu Bracelet","Gremlin Horn","Philosopher\u0027s Stone","Happy Flower","Red Mask","Lee\u0027s Waffle","Frozen Egg 2","Lantern","Anchor","Bottled Flame","Oddly Smooth Stone","BreadOfAWashokuLover","Calling Bell","Toy Ornithopter","Singing Bowl","Shovel","War Paint","Bottled Lightning","Thread and Needle","StrikeDummy","White Beast Statue","Mercury Hourglass","Bronze Scales","Membership Card","Bag of Preparation","Centennial Puzzle","Bag of Marbles","Sundial","MagicBroom"],"acts_visited":["Exordium","TheCity","TheBeyond"],"potions_floor_usage":[12,14,19,24,31,36,43,43,51,51,59,64,64],"damage_taken":[{"damage":7,"enemies":"Small Slimes","floor":1,"turns":3},{"damage":0,"enemies":"2 Louse","floor":4,"turns":2},{"damage":7,"enemies":"Jaw Worm","floor":6,"turns":3},{"damage":35,"enemies":"3 Sentries","floor":7,"turns":6},{"damage":21,"enemies":"Lagavulin","floor":12,"turns":6},{"damage":4,"enemies":"Exordium Thugs","floor":14,"turns":5},{"damage":7,"enemies":"3 Louse","floor":16,"turns":2},{"damage":13,"enemies":"The Guardian","floor":19,"turns":16},{"damage":17,"enemies":"3 Byrds","floor":21,"turns":4},{"damage":12,"enemies":"2 Thieves","floor":23,"turns":3},{"damage":26,"enemies":"Masked Bandits","floor":24,"turns":5},{"damage":28,"enemies":"Gremlin Leader","floor":28,"turns":6},{"damage":0,"enemies":"Shelled Parasite and Fungi","floor":30,"turns":2},{"damage":37,"enemies":"Slavers","floor":31,"turns":5},{"damage":1,"enemies":"3 Cultists","floor":35,"turns":4},{"damage":13,"enemies":"Colosseum Slavers","floor":37,"turns":2},{"damage":9,"enemies":"Book of Stabbing","floor":40,"turns":4},{"damage":15,"enemies":"Champ","floor":43,"turns":5},{"damage":0,"enemies":"3 Darklings","floor":45,"turns":2},{"damage":11,"enemies":"2 Orb Walkers","floor":50,"turns":4},{"damage":24,"enemies":"Giant Head","floor":51,"turns":6},{"damage":0,"enemies":"Reptomancer","floor":53,"turns":3},{"damage":3,"enemies":"Orb Walker","floor":54,"turns":3},{"damage":20,"enemies":"Maw","floor":56,"turns":4},{"damage":0,"enemies":"3 Darklings","floor":57,"turns":3},{"damage":13,"enemies":"Writhing Mass","floor":59,"turns":5},{"damage":1,"enemies":"Giant Head","floor":60,"turns":3},{"damage":6,"enemies":"Spire Growth","floor":61,"turns":3},{"damage":52,"enemies":"Time Eater","floor":64,"turns":9}],"seed_played":"1933183649268645210","potions_obtained":[{"floor":7,"key":"AttackPotion"},{"floor":12,"key":"Explosive Potion"},{"floor":14,"key":"DuplicationPotion"},{"floor":21,"key":"GamblersBrew"},{"floor":28,"key":"PowerPotion"},{"floor":31,"key":"LiquidBronze"},{"floor":35,"key":"BlessingOfTheForge"},{"floor":40,"key":"Strength Potion"},{"floor":43,"key":"SpeedPotion"},{"floor":45,"key":"Fire Potion"},{"floor":50,"key":"SkillPotion"},{"floor":51,"key":"Explosive Potion"},{"floor":53,"key":"Energy Potion"},{"floor":56,"key":"PowerPotion"},{"floor":57,"key":"Regen Potion"},{"floor":59,"key":"LiquidBronze"}],"is_trial":false,"path_per_floor":["M","?","?","M","?","M","E","R","?","T","T","E","?","M","R","M","R","R","B",null,"M","$","M","?","$","T","R","E","R","M","E","T","?","R","M","E","?","R","?","E","R","R","B",null,"M","T","?","?","$","?","E","R","E","M","T","M","M","$","M","E","M","R","R","B",null],"character_chosen":"MARISA","items_purchased":["IllusionStar","Happy Flower","Lee\u0027s Waffle","SatelliteIllusion","IllusionStar","Bottled Lightning","Membership Card","Bag of Preparation","AsteroidBelt","OrrerysSun+1","StarlightTyphoon","Centennial Puzzle"],"campfire_rested":6,"item_purchase_floors":[22,22,25,25,25,49,58,58,58,58,58,58],"current_hp_per_floor":[56,61,61,61,49,42,7,27,27,27,27,10,10,10,30,25,25,45,36,61,48,48,40,18,76,76,76,50,50,52,19,19,19,41,44,14,1,23,23,18,40,40,31,65,71,71,63,63,63,58,50,50,70,71,71,53,55,55,63,64,62,62,62,24],"gold":357,"neow_bonus":"UPGRADE_CARD","is_daily":false,"chose_seed":false,"campfire_upgraded":4,"win_rate":0.0,"timestamp":1607797812,"path_taken":["M","?","?","M","?","M","E","R","?","T","T","E","?","M","R","M","R","R","BOSS","M","$","M","?","$","?","R","E","R","M","E","T","?","R","M","E","?","R","?","E","R","R","BOSS","M","?","?","?","$","?","E","R","E","M","T","M","M","$","M","E","M","R","R","BOSS"],"items_purchased_type":["Card","Relic","Relic","Card","Card","Relic","Relic","Relic","Card","Card","Card","Relic"],"build_version":"2020-11-30","purchased_purges":3,"victory":true,"max_hp_per_floor":[70,75,69,69,69,69,69,69,69,69,69,69,69,69,69,69,69,69,69,69,69,69,69,69,76,76,76,76,76,76,76,76,76,76,76,76,76,76,76,76,76,76,76,76,76,76,78,78,78,78,78,78,91,93,93,93,93,93,93,93,93,93,93,93],"card_choices":[{"not_picked":["LuminesStrike","PowerUp","UnstableBomb"],"picked":"SKIP","floor":1},{"not_picked":["GalacticHalo","LuminesStrike"],"picked":"IllusionStar","floor":4},{"not_picked":["MillisecondPulsars","Orbital"],"picked":"GravityBeat","floor":6},{"not_picked":["MysteriousBeam","ManaConvection"],"picked":"ShootTheMoon","floor":7},{"not_picked":["WitchOfGreed","ShootingEcho"],"picked":"AsteroidBelt","floor":12},{"not_picked":["RefractionSpark","WitchLeyline","UnstableBomb"],"picked":"SKIP","floor":14},{"not_picked":["DarkMatter","PropBag"],"picked":"MilkyWay","floor":16},{"not_picked":["MaximisePower","UltimateShortwave"],"picked":"StarDustReverie","floor":19},{"not_picked":["DC","ChargingUp"],"picked":"MagicAbsorber","floor":21},{"not_picked":["BlazeAway","DoubleSpark","6A"],"picked":"SKIP","floor":23},{"not_picked":["Acceleration","NonDirectionalLaser"],"picked":"MysteriousBeam","floor":24},{"not_picked":["DeepEcoloBomb","EscapeVelocity+1"],"picked":"FairyDestructionRay","floor":28},{"not_picked":["MysteriousBeam","WitchLeyline"],"picked":"WitchOfGreed+1","floor":30},{"not_picked":["MeteoricShower","OneTimeOff+1"],"picked":"MysteriousBeam","floor":31},{"not_picked":["UltimateShortwave","MeteoricShower+1"],"picked":"MysteriousBeam","floor":35},{"not_picked":["ManaConvection","Singularity+1","BinaryStars"],"picked":"SKIP","floor":40},{"not_picked":["FinalSpark","CollectingQuirk"],"picked":"ManaRampage","floor":43},{"not_picked":["OneTimeOff","NonDirectionalLaser"],"picked":"Occultation","floor":45},{"not_picked":["PanicButton","The Bomb"],"picked":"Trip","floor":47},{"not_picked":["Bandage Up","Trip"],"picked":"Secret Technique","floor":47},{"not_picked":["PanicButton","Mayhem+1","Enlightenment"],"picked":"Singing Bowl","floor":47},{"not_picked":["MilkyWay","LuminesStrike+1"],"picked":"GravityBeat+1","floor":50},{"not_picked":["EventHorizon+1","DarkMatter+1"],"picked":"MysteriousBeam+1","floor":51},{"not_picked":["PulseMagic","LuminesStrike"],"picked":"MysteriousBeam","floor":53},{"not_picked":["OneTimeOff","ChargingUp","UnstableBomb"],"picked":"Singing Bowl","floor":54},{"not_picked":["NonDirectionalLaser","ShootingEcho"],"picked":"BlazingStar","floor":56},{"not_picked":["AsteroidBelt","MachineGunSpark"],"picked":"SuperPerseids+1","floor":57},{"not_picked":["DoubleSpark","6A+1"],"picked":"MeteoricShower","floor":59},{"not_picked":["WitchLeyline","RefractionSpark"],"picked":"SprinkleStarSeal+1","floor":60},{"not_picked":["WitchOfGreed+1","GalacticHalo"],"picked":"MagicAbsorber","floor":61}],"player_experience":451651,"relics_obtained":[{"floor":7,"key":"Pen Nib"},{"floor":10,"key":"ShroomBag"},{"floor":11,"key":"Juzu Bracelet"},{"floor":12,"key":"Gremlin Horn"},{"floor":24,"key":"Red Mask"},{"floor":26,"key":"Frozen Egg 2"},{"floor":28,"key":"Lantern"},{"floor":31,"key":"Anchor"},{"floor":32,"key":"Bottled Flame"},{"floor":40,"key":"BreadOfAWashokuLover"},{"floor":44,"key":"Toy Ornithopter"},{"floor":44,"key":"Singing Bowl"},{"floor":44,"key":"Shovel"},{"floor":46,"key":"War Paint"},{"floor":50,"key":"Thread and Needle"},{"floor":51,"key":"StrikeDummy"},{"floor":52,"key":"White Beast Statue"},{"floor":53,"key":"Mercury Hourglass"},{"floor":55,"key":"Bronze Scales"},{"floor":60,"key":"Bag of Marbles"},{"floor":62,"key":"Sundial"},{"floor":63,"key":"MagicBroom"}],"event_choices":[{"damage_healed":0,"gold_gain":0,"player_choice":"Donut","damage_taken":0,"max_hp_gain":5,"max_hp_loss":0,"event_name":"Big Fish","floor":2,"gold_loss":0},{"damage_healed":0,"gold_gain":0,"player_choice":"Lose Max HP","damage_taken":0,"relics_obtained":["Golden Idol"],"max_hp_gain":0,"max_hp_loss":6,"event_name":"Golden Idol","floor":3,"gold_loss":0},{"damage_healed":0,"gold_gain":0,"player_choice":"Success","damage_taken":12,"relics_obtained":["Tiny Chest"],"max_hp_gain":0,"max_hp_loss":0,"event_name":"Scrap Ooze","floor":5,"gold_loss":0},{"damage_healed":0,"gold_gain":71,"player_choice":"Gained Gold","damage_taken":0,"max_hp_gain":0,"max_hp_loss":0,"event_name":"Golden Wing","floor":9,"gold_loss":0},{"damage_healed":0,"gold_gain":0,"player_choice":"Upgraded","damage_taken":0,"max_hp_gain":0,"max_hp_loss":0,"event_name":"Upgrade Shrine","floor":13,"gold_loss":0,"cards_upgraded":["AsteroidBelt"]},{"damage_healed":0,"gold_gain":0,"player_choice":"Fought Bandits","damage_taken":0,"max_hp_gain":0,"max_hp_loss":0,"event_name":"Masked Bandits","floor":24,"gold_loss":0},{"damage_healed":0,"gold_gain":0,"player_choice":"Obtained Relic","damage_taken":0,"relics_obtained":["Oddly Smooth Stone"],"max_hp_gain":0,"max_hp_loss":0,"event_name":"Addict","floor":33,"gold_loss":85},{"damage_healed":0,"gold_gain":0,"player_choice":"Fight","damage_taken":0,"max_hp_gain":0,"max_hp_loss":0,"event_name":"Colosseum","floor":37,"gold_loss":0},{"damage_healed":0,"gold_gain":0,"player_choice":"Fled From Nobs","damage_taken":0,"max_hp_gain":0,"max_hp_loss":0,"event_name":"Colosseum","floor":37,"gold_loss":0},{"damage_healed":0,"gold_gain":0,"player_choice":"Ignored","damage_taken":0,"max_hp_gain":0,"max_hp_loss":0,"event_name":"Cursed Tome","floor":39,"gold_loss":0},{"damage_healed":0,"gold_gain":0,"player_choice":"Memory 3","damage_taken":10,"max_hp_gain":0,"max_hp_loss":0,"event_name":"SensoryStone","floor":47,"gold_loss":0},{"damage_healed":0,"gold_gain":222,"player_choice":"Wore Mask","damage_taken":0,"max_hp_gain":0,"max_hp_loss":0,"event_name":"Tomb of Lord Red Mask","floor":48,"gold_loss":0},{"damage_healed":0,"gold_gain":0,"player_choice":"Fight","damage_taken":0,"max_hp_gain":0,"max_hp_loss":0,"event_name":"Mysterious Sphere","floor":50,"gold_loss":0}],"is_beta":false,"boss_relics":[{"not_picked":["Coffee Dripper","Ectoplasm"],"picked":"Philosopher\u0027s Stone"},{"not_picked":["ExperimentalFamiliar","Tiny House"],"picked":"Calling Bell"}],"items_purged_floors":[22,49,58],"is_endless":false,"potions_floor_spawned":[7,12,14,21,28,35,37,40,45,50,54,56,57,59,60,61],"ascension_level":14}}