{"host":"j4g6ia6asvpyu2b0","time":1607736334,"event":{"mods":["BaseMod","Colored Map","Minty Spire (QoL Compilation)","Permanent Neow","Quick Restart","Relic Stats","StSLib","Unceasing Turn Reminder"],"gold_per_floor":[111,111,111,123,142,175,175,242,293,325,325,341,372,389,389,494,494,506,506,506,526,536,565,584,610,610,610,644,644,660,678,678,777,777,788,496,545,595,613,640,263,280,303,303,329,340,374,374,374,374,374,374,76,106,106],"floor_reached":56,"playtime":2059,"items_purged":["Strike_G","Strike_G"],"score":1550,"play_id":"5dd0a8a4-4e19-4b3c-baa1-d78179bd796f","local_time":"20201211182534","is_ascension_mode":true,"campfire_choices":[{"data":"Accuracy","floor":7,"key":"SMITH"},{"data":"Blade Dance","floor":11,"key":"SMITH"},{"data":"Crippling Poison","floor":15,"key":"SMITH"},{"data":"A Thousand Cuts","floor":29,"key":"SMITH"},{"data":"Footwork","floor":32,"key":"SMITH"},{"data":"After Image","floor":44,"key":"SMITH"},{"floor":49,"key":"RECALL"},{"data":"Footwork","floor":52,"key":"SMITH"}],"circlet_count":0,"master_deck":["Strike_G","Strike_G","Strike_G","Defend_G+1","Defend_G","Defend_G","Defend_G+1","Survivor","Neutralize","Dodge and Roll","Infinite Blades","Blade Dance+1","Accuracy+1","Backstab","PiercingWail","Quick Slash","Accuracy","Crippling Poison+1","A Thousand Cuts+1","Blade Dance","Footwork+1","Crippling Poison","Acrobatics","Acrobatics","Dodge and Roll","Bouncing Flask","After Image+1","Outmaneuver","Footwork+1","Cloak And Dagger+1","Bane+1","Escape Plan+1","Noxious Fumes","Blade Dance","Sucker Punch+1","Noxious Fumes+1","Sucker Punch+1","Footwork","Dodge and Roll","PiercingWail+1"],"relics":["Coffee Dripper","Art of War","Juzu Bracelet","Orichalcum","War Paint","Gambling Chip","Runic Pyramid","Pantograph","Snake Skull","PreservedInsect","MutagenicStrength","Meat on the Bone","WristBlade","Potion Belt","Calipers","Ginger","Turnip","Bag of Preparation","Mercury Hourglass","Dream Catcher","Anchor","Tough Bandages"],"acts_visited":["Exordium","TheCity","TheBeyond","TheEnding"],"potions_floor_usage":[13,19,25,37,54,55,55,55,55],"damage_taken":[{"damage":0,"enemies":"2 Louse","floor":1,"turns":3},{"damage":0,"enemies":"Small Slimes","floor":4,"turns":4},{"damage":0,"enemies":"Cultist","floor":5,"turns":4},{"damage":7,"enemies":"Lagavulin","floor":6,"turns":8},{"damage":12,"enemies":"Gremlin Nob","floor":10,"turns":3},{"damage":5,"enemies":"Looter","floor":12,"turns":2},{"damage":9,"enemies":"3 Sentries","floor":13,"turns":5},{"damage":2,"enemies":"2 Fungi Beasts","floor":14,"turns":3},{"damage":2,"enemies":"Hexaghost","floor":16,"turns":8},{"damage":5,"enemies":"Shell Parasite","floor":18,"turns":4},{"damage":6,"enemies":"Spheric Guardian","floor":21,"turns":4},{"damage":4,"enemies":"3 Cultists","floor":22,"turns":4},{"damage":6,"enemies":"Book of Stabbing","floor":23,"turns":6},{"damage":2,"enemies":"Cultist and Chosen","floor":24,"turns":4},{"damage":4,"enemies":"Gremlin Leader","floor":25,"turns":5},{"damage":0,"enemies":"Book of Stabbing","floor":28,"turns":3},{"damage":3,"enemies":"Snecko","floor":30,"turns":4},{"damage":0,"enemies":"Snake Plant","floor":31,"turns":3},{"damage":10,"enemies":"Collector","floor":33,"turns":7},{"damage":0,"enemies":"Orb Walker","floor":35,"turns":3},{"damage":36,"enemies":"2 Orb Walkers","floor":37,"turns":4},{"damage":0,"enemies":"Mind Bloom Boss Battle","floor":38,"turns":6},{"damage":0,"enemies":"3 Shapes","floor":39,"turns":4},{"damage":18,"enemies":"Nemesis","floor":40,"turns":5},{"damage":15,"enemies":"Transient","floor":42,"turns":5},{"damage":0,"enemies":"Reptomancer","floor":45,"turns":5},{"damage":5,"enemies":"Jaw Worm Horde","floor":46,"turns":3},{"damage":0,"enemies":"Giant Head","floor":47,"turns":5},{"damage":58,"enemies":"Time Eater","floor":50,"turns":10},{"damage":46,"enemies":"Shield and Spear","floor":54,"turns":4},{"damage":51,"enemies":"The Heart","floor":55,"turns":9}],"seed_played":"2960409291479856679","potions_obtained":[{"floor":6,"key":"CunningPotion"},{"floor":10,"key":"Regen Potion"},{"floor":13,"key":"BlessingOfTheForge"},{"floor":14,"key":"AttackPotion"},{"floor":19,"key":"Fruit Juice"},{"floor":19,"key":"Strength Potion"},{"floor":25,"key":"LiquidMemories"},{"floor":37,"key":"Weak Potion"},{"floor":45,"key":"CultistPotion"},{"floor":54,"key":"Explosive Potion"}],"is_trial":false,"path_per_floor":["M","?","?","M","M","E","R","?","T","E","R","M","E","M","R","B",null,"M","?","?","M","M","E","M","E","T","?","E","R","M","M","R","B",null,"M","$","?","?","M","E","$","M","T","R","E","M","E","?","R","B",null,"R","$","E","B",null],"character_chosen":"THE_SILENT","items_purchased":["Footwork","Potion Belt","Noxious Fumes","Bag of Preparation","Blade Dance","Anchor","Footwork","Dodge and Roll","Energy Potion"],"campfire_rested":0,"item_purchase_floors":[36,36,41,41,41,53,53,53,53],"current_hp_per_floor":[70,37,37,37,37,30,30,30,30,18,18,13,18,16,16,14,70,65,70,70,64,60,54,52,48,48,48,48,48,45,45,45,60,75,75,75,39,64,64,46,46,43,43,43,43,38,38,38,38,17,75,75,75,41,27],"gold":106,"neow_bonus":"BOSS_RELIC","is_daily":false,"chose_seed":false,"campfire_upgraded":7,"win_rate":0.0,"timestamp":1607736334,"path_taken":["M","?","?","M","M","E","R","?","T","E","R","M","E","M","R","BOSS","M","?","?","M","M","E","M","E","T","?","E","R","M","M","R","BOSS","M","$","?","?","M","E","$","M","T","R","E","M","E","?","R","BOSS","R","$","E","BOSS"],"items_purchased_type":["Card","Relic","Card","Relic","Card","Relic","Card","Card","Potion"],"build_version":"2020-11-30","purchased_purges":2,"victory":true,"max_hp_per_floor":[70,70,70,70,70,70,70,70,70,70,70,70,70,70,70,70,70,70,75,75,75,75,75,75,75,75,75,75,75,75,75,75,75,75,75,75,75,75,75,75,75,75,75,75,75,75,75,75,75,75,75,75,75,75,75],"relic_stats":{"counters":[31,147],"Snake Skull":[77],"PreservedInsect":338,"Juzu Bracelet":1,"Bag of Preparation":[14],"Ginger":[7],"Orichalcum":[192],"War Paint":["Defend_G","Defend_G"],"Mercury Hourglass":[81],"Dream Catcher":0,"Tough Bandages":[9],"Gambling Chip":[33],"Pantograph":100,"Turnip":[2],"Art of War":[12],"obtain_stats":[{"Potion Belt":36,"Calipers":37,"Snake Skull":25,"PreservedInsect":26,"Juzu Bracelet":6,"Bag of Preparation":41,"Ginger":38,"Orichalcum":9,"War Paint":10,"Mercury Hourglass":45,"Dream Catcher":47,"Anchor":53,"Tough Bandages":54,"WristBlade":34,"Gambling Chip":13,"Pantograph":23,"MutagenicStrength":27,"Turnip":40,"Coffee Dripper":0,"Art of War":2,"Ring of the Snake":0,"Runic Pyramid":17,"Meat on the Bone":28},{"Potion Belt":20,"Calipers":21,"Snake Skull":15,"PreservedInsect":15,"Juzu Bracelet":4,"Bag of Preparation":24,"Ginger":22,"Orichalcum":4,"War Paint":5,"Mercury Hourglass":26,"Dream Catcher":28,"Anchor":29,"Tough Bandages":30,"WristBlade":19,"Gambling Chip":7,"Pantograph":13,"MutagenicStrength":15,"Turnip":24,"Coffee Dripper":0,"Art of War":1,"Ring of the Snake":0,"Runic Pyramid":9,"Meat on the Bone":16},{"Potion Belt":87,"Calipers":91,"Snake Skull":67,"PreservedInsect":67,"Juzu Bracelet":19,"Bag of Preparation":106,"Ginger":97,"Orichalcum":19,"War Paint":22,"Mercury Hourglass":116,"Dream Catcher":124,"Anchor":134,"Tough Bandages":138,"WristBlade":84,"Gambling Chip":29,"Pantograph":58,"MutagenicStrength":67,"Turnip":106,"Coffee Dripper":0,"Art of War":3,"Ring of the Snake":0,"Runic Pyramid":40,"Meat on the Bone":70}],"Meat on the Bone":48},"card_choices":[{"not_picked":["Dagger Throw","Cloak And Dagger"],"picked":"Dodge and Roll","floor":1},{"not_picked":["Quick Slash","Deflect"],"picked":"Blade Dance","floor":4},{"not_picked":["Acrobatics","Escape Plan"],"picked":"Accuracy","floor":5},{"not_picked":["Underhanded Strike","Bane"],"picked":"Backstab","floor":6},{"not_picked":["Cloak And Dagger","Setup"],"picked":"PiercingWail","floor":10},{"not_picked":["Deflect","Blur"],"picked":"Quick Slash","floor":12},{"not_picked":["Phantasmal Killer","Wraith Form v2"],"picked":"Accuracy","floor":13},{"not_picked":["Bane","Tactician"],"picked":"Crippling Poison","floor":14},{"not_picked":["Malaise","Tools of the Trade"],"picked":"A Thousand Cuts","floor":16},{"not_picked":["Underhanded Strike","Poisoned Stab"],"picked":"Blade Dance","floor":18},{"not_picked":["Endless Agony","Sucker Punch"],"picked":"Footwork","floor":21},{"not_picked":["PiercingWail","Heel Hook"],"picked":"Crippling Poison","floor":22},{"not_picked":["Quick Slash","Skewer+1"],"picked":"Acrobatics","floor":23},{"not_picked":["Setup+1","Flechettes"],"picked":"Acrobatics","floor":24},{"not_picked":["All Out Attack","Masterful Stab","Unload"],"picked":"SKIP","floor":25},{"not_picked":["Die Die Die","Prepared","Setup+1"],"picked":"SKIP","floor":28},{"not_picked":["Endless Agony","Poisoned Stab"],"picked":"Dodge and Roll","floor":30},{"not_picked":["Outmaneuver","Blur"],"picked":"Bouncing Flask","floor":31},{"not_picked":["Burst","Adrenaline"],"picked":"After Image","floor":33},{"not_picked":["Bane+1","Dagger Spray+1"],"picked":"Outmaneuver","floor":35},{"not_picked":["Deflect","Crippling Poison+1"],"picked":"Cloak And Dagger+1","floor":37},{"not_picked":["All Out Attack","Dagger Spray"],"picked":"Bane+1","floor":39},{"not_picked":["Poisoned Stab","Flechettes+1"],"picked":"Escape Plan+1","floor":40},{"not_picked":["Setup","Backstab+1","Slice+1"],"picked":"SKIP","floor":42},{"not_picked":["Deflect+1","Deadly Poison+1"],"picked":"Sucker Punch+1","floor":45},{"not_picked":["Bouncing Flask","Outmaneuver"],"picked":"Noxious Fumes+1","floor":46},{"not_picked":["Acrobatics+1","Distraction+1"],"picked":"Sucker Punch+1","floor":47},{"not_picked":["Deadly Poison+1","Infinite Blades"],"picked":"PiercingWail+1","floor":54}],"player_experience":612999,"relics_obtained":[{"floor":6,"key":"Juzu Bracelet"},{"floor":9,"key":"Orichalcum"},{"floor":10,"key":"War Paint"},{"floor":13,"key":"Gambling Chip"},{"floor":23,"key":"Pantograph"},{"floor":25,"key":"Snake Skull"},{"floor":26,"key":"PreservedInsect"},{"floor":28,"key":"Meat on the Bone"},{"floor":37,"key":"Calipers"},{"floor":38,"key":"Ginger"},{"floor":40,"key":"Turnip"},{"floor":45,"key":"Mercury Hourglass"},{"floor":47,"key":"Dream Catcher"},{"floor":54,"key":"Tough Bandages"}],"event_choices":[{"damage_healed":0,"gold_gain":0,"player_choice":"Success","damage_taken":33,"relics_obtained":["Art of War"],"max_hp_gain":0,"max_hp_loss":0,"event_name":"Scrap Ooze","floor":2,"gold_loss":0},{"damage_healed":0,"gold_gain":0,"cards_transformed":["Defend_G"],"player_choice":"Change","damage_taken":0,"max_hp_gain":0,"max_hp_loss":0,"event_name":"Living Wall","floor":3,"gold_loss":0,"cards_obtained":["Infinite Blades"]},{"damage_healed":0,"gold_gain":67,"player_choice":"Gained Gold","damage_taken":0,"max_hp_gain":0,"max_hp_loss":0,"event_name":"Golden Wing","floor":8,"gold_loss":0},{"damage_healed":0,"gold_gain":0,"player_choice":"Got Potions","damage_taken":0,"max_hp_gain":0,"max_hp_loss":0,"event_name":"Lab","floor":19,"gold_loss":0},{"damage_healed":0,"gold_gain":0,"player_choice":"Ignored","damage_taken":0,"max_hp_gain":0,"max_hp_loss":0,"event_name":"Ghosts","floor":20,"gold_loss":0},{"damage_healed":0,"gold_gain":0,"player_choice":"Inject Mutagens","damage_taken":0,"relics_obtained":["MutagenicStrength"],"max_hp_gain":0,"max_hp_loss":0,"event_name":"Drug Dealer","floor":27,"gold_loss":0},{"damage_healed":0,"gold_gain":0,"player_choice":"Fight","damage_taken":0,"max_hp_gain":0,"max_hp_loss":0,"event_name":"Mysterious Sphere","floor":37,"gold_loss":0},{"damage_healed":0,"gold_gain":0,"player_choice":"Fight","damage_taken":0,"max_hp_gain":0,"max_hp_loss":0,"event_name":"MindBloom","floor":38,"gold_loss":0},{"damage_healed":0,"gold_gain":0,"player_choice":"Ignored","damage_taken":0,"max_hp_gain":0,"max_hp_loss":0,"event_name":"SecretPortal","floor":48,"gold_loss":0}],"is_beta":false,"boss_relics":[{"not_picked":["Philosopher\u0027s Stone","Fusion Hammer"],"picked":"Runic Pyramid"},{"not_picked":["Snecko Eye","Pandora\u0027s Box"],"picked":"WristBlade"}],"items_purged_floors":[36,41],"is_endless":false,"potions_floor_spawned":[6,10,13,14,23,25,28,30,31,35,37,45,54],"ascension_level":3}}