{"host":"jg07b2bexsgdacfj","time":1607801165,"event":{"mods":["AchievementEnabler","Act Like it!","Aspiration","BaseMod","Better Third Choice","BetterRewards","Block Reminder","Challenge The Spire","Colored Map","Conspire","Downfall","Elementarium","Energized Spire","Friendly Minions","GifTheSpireLib","Gold Saver","Halation","Highlight Path","Hubris","Infinite Spire","Menagerie","Minty Spire (QoL Compilation)","Permanent Neow","Railgun Mod","Remove Card Discount Mod","Replay The Spire","Shop Mod","Spikes Relics","StSLib","Stuff the Spire","Synergy Search","The Animator","The Blackbeard","The Forsaken","The Gatherer","The Necromancer","The Servant 0.9.4","TheHeartMod","TheWitcher","Transform Curses","UnlockEverythingMod","vexMod"],"gold_per_floor":[118,132,149,149,79,104,124,139,139,139,152,172,207,220,220,220,220],"floor_reached":16,"playtime":1266,"items_purged":[],"score":121,"play_id":"5c82b5d4-fb8c-4099-a222-6950f49e9d4f","local_time":"20201212202605","is_ascension_mode":true,"campfire_choices":[{"floor":10,"key":"REST"}],"circlet_count":0,"master_deck":["theForsaken:TheForsaken_Strike","theForsaken:TheForsaken_Strike","theForsaken:TheForsaken_Strike","theForsaken:TheForsaken_Strike","theForsaken:TheForsaken_Defend","theForsaken:TheForsaken_Defend","theForsaken:TheForsaken_Defend","theForsaken:TheForsaken_Defend","theForsaken:Smite","theForsaken:Penitence","theForsaken:SolarFlare","theForsaken:ShieldCharge","theForsaken:AncientWords","Menagerie:BeastSpirit","Menagerie:DarkRitual","Menagerie:SteelWall","theForsaken:Enfeeble","theForsaken:SpinAttack","theForsaken:HymnOfPatience","theForsaken:QuickAttack","theForsaken:InspiringBlow","theForsaken:PlagueCurse"],"relics":["theForsaken:JudgementScales","conspire:Dentures","infinitespire:PuzzleCube","theForsaken:PlagueMask"],"acts_visited":["Exordium"],"potions_floor_usage":[3,6,6,11,12,13,16],"damage_taken":[{"damage":4,"enemies":"Menagerie:WhisperingWraith","floor":1,"turns":6},{"damage":0,"enemies":"Menagerie:2_RABBITS","floor":2,"turns":1},{"damage":0,"enemies":"Menagerie:StygianBoar","floor":3,"turns":2},{"damage":23,"enemies":"Menagerie:MaskedSummoner","floor":6,"turns":7},{"damage":14,"enemies":"Menagerie:RedMage","floor":7,"turns":4},{"damage":12,"enemies":"Menagerie:STYGIAN_BOAR_AND_WHISPERING_WRAITH","floor":8,"turns":5},{"damage":1,"enemies":"Menagerie:STYGIAN_BOAR_AND_RABBIT","floor":11,"turns":4},{"damage":14,"enemies":"Menagerie:EntropyWarlock","floor":12,"turns":4},{"damage":15,"enemies":"Menagerie:Hydra","floor":13,"turns":5},{"damage":2,"enemies":"Menagerie:DREAD_MOTH_AND_GRAFTED_WORMS","floor":14,"turns":2},{"damage":19,"enemies":"Menagerie:Suneater","floor":16,"turns":6}],"seed_played":"-7141368563177069298","potions_obtained":[{"floor":0,"key":"Elixir"},{"floor":0,"key":"SneckoOil"},{"floor":0,"key":"Swift Potion"},{"floor":1,"key":"Swift Potion"},{"floor":6,"key":"Venom Potion"},{"floor":8,"key":"SteroidPotion"},{"floor":11,"key":"BlessingOfTheForge"},{"floor":14,"key":"Block Potion"}],"is_trial":false,"path_per_floor":["M","M","M","?","?","E","M","M","T","R","M","M","E","M","R_BF","B"],"character_chosen":"THE_FORSAKEN","items_purchased":[],"campfire_rested":1,"item_purchase_floors":[],"current_hp_per_floor":[65,65,65,62,62,44,33,21,21,39,41,29,17,15,15,0,0],"gold":220,"neow_bonus":"THREE_SMALL_POTIONS","is_daily":false,"chose_seed":false,"campfire_upgraded":0,"win_rate":0.0,"timestamp":1607801165,"path_taken":["M","M","M","?","?","E","?","M","T","R","M","M","E","M","R_BF","BOSS"],"items_purchased_type":[],"build_version":"2020-11-30","purchased_purges":0,"victory":false,"max_hp_per_floor":[65,65,65,62,62,62,62,62,62,62,62,62,62,62,62,62,62],"card_choices":[{"not_picked":["theForsaken:ShieldCharge","theForsaken:RainingSunlight"],"picked":"theForsaken:SolarFlare","floor":1},{"not_picked":["theForsaken:HorrifyingStrike","theForsaken:CreepingInfection"],"picked":"theForsaken:ShieldCharge","floor":2},{"not_picked":["theForsaken:DarkRift","theForsaken:ScorchingSunlight"],"picked":"theForsaken:AncientWords","floor":3},{"not_picked":["Menagerie:CrumblingSanctuary","Menagerie:Tinker"],"picked":"Menagerie:DarkRitual","floor":5},{"not_picked":["Menagerie:RelicOfProgenitus","Menagerie:Tinker"],"picked":"Menagerie:SteelWall","floor":5},{"not_picked":["theForsaken:MagicWeapon","theForsaken:AncientWords"],"picked":"theForsaken:Enfeeble","floor":6},{"not_picked":["theForsaken:Enfeeble","theForsaken:FuryStrikes"],"picked":"theForsaken:SpinAttack","floor":7},{"not_picked":["theForsaken:CreepingInfection","theForsaken:Devotion","theForsaken:RainingSunlight"],"picked":"SKIP","floor":8},{"not_picked":["theForsaken:BountifulSunlight","theForsaken:StoreUp"],"picked":"theForsaken:HymnOfPatience","floor":11},{"not_picked":["theForsaken:AncientWords","theForsaken:Terrorize"],"picked":"theForsaken:QuickAttack","floor":12},{"not_picked":["theForsaken:Tranquility","theForsaken:StoreUp","theForsaken:FatRoll"],"picked":"SKIP","floor":13},{"not_picked":["theForsaken:AncientWords","theForsaken:PreciseStrike"],"picked":"theForsaken:InspiringBlow","floor":14}],"player_experience":293484,"relics_obtained":[{"floor":6,"key":"conspire:Dentures"},{"floor":13,"key":"infinitespire:PuzzleCube"}],"event_choices":[{"damage_healed":0,"gold_gain":0,"player_choice":"Knelt","damage_taken":0,"max_hp_gain":0,"max_hp_loss":3,"event_name":"Menagerie:BeastSpiritShrine","floor":4,"gold_loss":0,"cards_obtained":["Menagerie:BeastSpirit"]},{"damage_healed":0,"gold_gain":0,"player_choice":"Spells","damage_taken":0,"max_hp_gain":0,"max_hp_loss":0,"event_name":"Menagerie:MagicPeddler","floor":5,"gold_loss":70},{"damage_healed":0,"gold_gain":0,"player_choice":"Obtain Plague Curse","damage_taken":0,"max_hp_gain":0,"max_hp_loss":0,"event_name":"Plague Doctor","floor":15,"gold_loss":0,"cards_obtained":["theForsaken:PlagueCurse"]}],"is_beta":false,"boss_relics":[],"items_purged_floors":[],"is_endless":false,"potions_floor_spawned":[1,6,8,11,14],"killed_by":"Menagerie:Suneater","ascension_level":1}}