{"host":"wrp3mzqnpgxvyzn2","time":1607761659,"event":{"mods":["BaseMod","Minty Spire (QoL Compilation)"],"gold_per_floor":[115,115,14,14,14,14,32,46,73,73,73,103,56,81,81,204,204,228,228,228,228,248,271,292,312,363,363,278,298,298,317,317,317,317],"floor_reached":33,"playtime":1649,"items_purged":["Defend_P"],"score":312,"play_id":"ae595348-5ca8-46a8-95a4-a7f59730f4b3","local_time":"20201212032739","is_ascension_mode":false,"campfire_choices":[{"data":"Eruption","floor":6,"key":"SMITH"},{"data":"FollowUp","floor":10,"key":"SMITH"},{"data":"SashWhip","floor":15,"key":"SMITH"},{"data":"RitualDagger","floor":27,"key":"SMITH"},{"data":"WindmillStrike","floor":30,"key":"SMITH"},{"data":"FollowUp","floor":32,"key":"SMITH"}],"circlet_count":0,"master_deck":["Strike_P","Strike_P","Strike_P+1","Defend_P","Defend_P+1","Defend_P","Eruption+1","Vigilance+1","FollowUp+1","Consecrate+1","FearNoEvil+1","SashWhip+1","FollowUp+1","LessonLearned","FollowUp","WindmillStrike+1","RitualDagger+1","Halt+1"],"relics":["PureWater","Centennial Puzzle","Strawberry","Blood Vial","Golden Idol","War Paint","Singing Bowl","Pantograph"],"acts_visited":["Exordium","TheCity"],"potions_floor_usage":[22,23,23,23,25,33],"damage_taken":[{"damage":3,"enemies":"Jaw Worm","floor":1,"turns":2},{"damage":0,"enemies":"Small Slimes","floor":7,"turns":2},{"damage":0,"enemies":"2 Louse","floor":8,"turns":1},{"damage":1,"enemies":"Exordium Thugs","floor":14,"turns":4},{"damage":0,"enemies":"Slime Boss","floor":16,"turns":5},{"damage":3,"enemies":"3 Byrds","floor":18,"turns":4},{"damage":0,"enemies":"2 Thieves","floor":22,"turns":2},{"damage":13,"enemies":"Snake Plant","floor":23,"turns":3},{"damage":2,"enemies":"Cultist and Chosen","floor":24,"turns":4},{"damage":8,"enemies":"Shelled Parasite and Fungi","floor":25,"turns":2},{"damage":3,"enemies":"Snecko","floor":29,"turns":3},{"damage":6,"enemies":"Centurion and Healer","floor":31,"turns":2},{"damage":101,"enemies":"Champ","floor":33,"turns":12}],"seed_played":"1101430217061428091","potions_obtained":[{"floor":7,"key":"GamblersBrew"},{"floor":16,"key":"DistilledChaos"},{"floor":18,"key":"Block Potion"},{"floor":22,"key":"PowerPotion"},{"floor":24,"key":"DistilledChaos"},{"floor":29,"key":"GamblersBrew"}],"is_trial":false,"path_per_floor":["M","?","$","?","?","R","M","M","T","R","?","?","$","M","R","B",null,"M","?","?","?","M","M","M","M","T","R","?","M","R","M","R","B"],"character_chosen":"WATCHER","items_purchased":["Consecrate","SashWhip"],"campfire_rested":0,"item_purchase_floors":[3,13],"current_hp_per_floor":[69,62,62,66,66,66,66,66,66,66,47,47,47,48,48,50,79,76,76,70,70,74,65,67,63,63,63,63,64,64,60,60,0,0],"gold":317,"neow_bonus":"RANDOM_COMMON_RELIC","is_daily":false,"chose_seed":false,"campfire_upgraded":6,"win_rate":0.0,"timestamp":1607761659,"path_taken":["M","?","$","?","?","R","M","?","T","R","?","?","$","M","R","BOSS","M","?","?","?","M","M","M","M","T","R","?","M","R","?","R","BOSS"],"items_purchased_type":["Card","Card"],"build_version":"2020-11-30","purchased_purges":1,"victory":false,"max_hp_per_floor":[72,72,72,79,79,79,79,79,79,79,79,79,79,79,79,79,79,79,79,79,79,81,83,85,87,87,87,87,89,89,89,89,89,89],"card_choices":[{"not_picked":["PathToVictory","Fasting2"],"picked":"FollowUp","floor":1},{"not_picked":["WreathOfFlame","PathToVictory","JustLucky"],"picked":"SKIP","floor":7},{"not_picked":["SignatureMove","Halt"],"picked":"FearNoEvil","floor":8},{"not_picked":["Indignation","Sanctity"],"picked":"FollowUp","floor":14},{"not_picked":["Blasphemy","DevaForm"],"picked":"LessonLearned","floor":16},{"not_picked":["EmptyFist","Prostrate"],"picked":"FollowUp","floor":18},{"not_picked":["ClearTheMind","Protect","FlurryOfBlows+1"],"picked":"Singing Bowl","floor":22},{"not_picked":["WreathOfFlame","Protect","PathToVictory"],"picked":"Singing Bowl","floor":23},{"not_picked":["Study","ClearTheMind","Pray+1"],"picked":"Singing Bowl","floor":24},{"not_picked":["JustLucky","CarveReality","ReachHeaven"],"picked":"Singing Bowl","floor":25},{"not_picked":["PathToVictory","SignatureMove","CarveReality"],"picked":"Singing Bowl","floor":29},{"not_picked":["BowlingBash","Scrawl"],"picked":"Halt+1","floor":31}],"player_experience":132627,"relics_obtained":[{"floor":9,"key":"Blood Vial"}],"event_choices":[{"cards_removed":["Strike_P"],"damage_healed":0,"gold_gain":0,"player_choice":"Card Removal","damage_taken":7,"max_hp_gain":0,"max_hp_loss":0,"event_name":"Golden Wing","floor":2,"gold_loss":0},{"damage_healed":0,"gold_gain":0,"player_choice":"Success","damage_taken":3,"relics_obtained":["Strawberry"],"max_hp_gain":0,"max_hp_loss":0,"event_name":"Scrap Ooze","floor":4,"gold_loss":0},{"damage_healed":0,"gold_gain":0,"player_choice":"Upgraded","damage_taken":0,"max_hp_gain":0,"max_hp_loss":0,"event_name":"Upgrade Shrine","floor":5,"gold_loss":0,"cards_upgraded":["Consecrate"]},{"damage_healed":0,"gold_gain":0,"player_choice":"Take Damage","damage_taken":19,"relics_obtained":["Golden Idol"],"max_hp_gain":0,"max_hp_loss":0,"event_name":"Golden Idol","floor":11,"gold_loss":0},{"damage_healed":0,"gold_gain":30,"player_choice":"Searched \u00273\u0027 times","damage_taken":0,"relics_obtained":["War Paint"],"max_hp_gain":0,"max_hp_loss":0,"event_name":"Dead Adventurer","floor":12,"gold_loss":0},{"damage_healed":0,"gold_gain":0,"player_choice":"Read","damage_taken":0,"max_hp_gain":0,"max_hp_loss":0,"event_name":"The Library","floor":19,"gold_loss":0,"cards_obtained":["WindmillStrike"]},{"damage_healed":0,"gold_gain":0,"player_choice":"Joined the Cult","damage_taken":6,"max_hp_gain":0,"max_hp_loss":0,"event_name":"Nest","floor":20,"gold_loss":0,"cards_obtained":["RitualDagger"]},{"damage_healed":0,"gold_gain":0,"player_choice":"Opened","damage_taken":0,"relics_obtained":["Singing Bowl"],"max_hp_gain":0,"max_hp_loss":0,"event_name":"The Mausoleum","floor":21,"gold_loss":0},{"damage_healed":0,"gold_gain":0,"player_choice":"Obtained Relic","damage_taken":0,"relics_obtained":["Pantograph"],"max_hp_gain":0,"max_hp_loss":0,"event_name":"Addict","floor":28,"gold_loss":85}],"is_beta":false,"boss_relics":[{"not_picked":["Fusion Hammer","Ectoplasm","Snecko Eye"]}],"items_purged_floors":[3],"is_endless":false,"potions_floor_spawned":[7,16,18,22,24,29],"killed_by":"Champ","ascension_level":0}}