{"host":"ocll6kdfqxraqtza","time":1607746493,"event":{"mods":["2.2 Compatiblity","Act Like it!","Aspiration","BaseMod","Better Third Choice","Gensokyo","Hallownest","Hermit","Hubris","Jorbs\u0027s Wanderer Trilogy","Luminous","Marisa（霧雨　魔理沙）","Minty Spire (QoL Compilation)","Reimu（博??梦）","Replay The Spire","StSLib","The Alterego","The Bug Knight","The Cursed","The Hierophant","The Runesmith","TheBandit","Wandering Minibosses","vexMod"],"gold_per_floor":[117,292,310,89,49,49,82,82,82,100,116,135,135,85,85,189,289,303,303,323,323,339,339,339,34,334,353,353,380,295,295,295,391,391,408,408,471,421,435,435,448,537,564,564,564,597,597,597],"floor_reached":47,"playtime":1660,"items_purged":["Doubt"],"score":694,"play_id":"d31f2aee-1ebf-4e09-b9fc-e630e1a86248","local_time":"20201212121453","is_ascension_mode":false,"campfire_choices":[{"data":"Luminous:Concentrate_Luminous","floor":6.0,"key":"SMITH"},{"floor":15.0,"key":"RECALL"},{"data":"Luminous:Light_Sylvan_Lance","floor":23.0,"key":"SMITH"},{"data":"Dagger Throw","floor":40.0,"key":"SMITH"},{"floor":44.0,"key":"REST"}],"circlet_count":0,"master_deck":["Luminous:Light_Flash_Shower","Luminous:Light_Flash_Shower","Luminous:Light_Flash_Shower","Luminous:Dark_Abyssal_Drop","Luminous:Dark_Abyssal_Drop","Luminous:Dark_Abyssal_Drop","Luminous:Defend_Luminous","Luminous:Switch_Luminous","Luminous:Concentrate_Luminous+1","Dagger Throw+1","TheCursedMod:CursedSpellbook+1","alterego_mod:TrashNCrash+1","stsjorbsmod:Hurt","Luminous:Abyss_Heart_Luminous+1","hubris:EnhanceAbility+1","TheCursedMod:CircleOfCorruption+1","hermit:EyeOfTheStorm+1","Luminous:Light_Sylvan_Lance+1","stsjorbsmod:Rebuke+1","Apotheosis+1","Crescendo+1","Hidden Blade+1","Luminous:Equalize_Luminous+1","Master of Strategy+1","Meditation:ReiMu+1","Malaise+1","TheCursedMod:FleshFromBone+1","wariomod:Purify+1","Cold Snap+1","DeepEcoloBomb+1","Luminous:Abyss_Heart_Luminous+1"],"relics":["Luminous:MirrorRelic","aspiration:Nostalgia","m_TsuchinokoRing","PrismaticShard","PaintedHorse:ReiMu","Toxic Egg 2","Ring of Peace","Ring of Searing","Replay:Wanted Poster","Unceasing Top","Old Coin","hubris:Towel","Bottled Tornado","Letter Opener","Kunai","vexMod:BigBerry","Ice Cream","ReplayTheSpireMod:Lightbulb","Pen Nib","hubris:Icosahedron","ReplayTheSpireMod:TigerMarble"],"acts_visited":["Exordium","TheCity","Hallownest:KingdomsEdge"],"potions_floor_usage":[],"damage_taken":[{"damage":3.0,"enemies":"2 Louse","floor":1.0,"turns":4.0},{"damage":16.0,"enemies":"Jaw Worm","floor":3.0,"turns":7.0},{"damage":28.0,"enemies":"Lagavulin","floor":7.0,"turns":6.0},{"damage":1.0,"enemies":"Cultist","floor":10.0,"turns":3.0},{"damage":2.0,"enemies":"2 Fungi Beasts","floor":11.0,"turns":3.0},{"damage":0.0,"enemies":"Large Slime","floor":12.0,"turns":3.0},{"damage":1.0,"enemies":"Fading Forest","floor":16.0,"turns":11.0},{"damage":20.0,"enemies":"Shell Parasite","floor":18.0,"turns":5.0},{"damage":9.0,"enemies":"Chosen","floor":20.0,"turns":3.0},{"damage":0.0,"enemies":"Centurion and Healer","floor":22.0,"turns":3.0},{"damage":0.0,"enemies":"Cultist and Chosen","floor":27.0,"turns":3.0},{"damage":0.0,"enemies":"HollowMod:Nosk","floor":29.0,"turns":3.0},{"damage":0.0,"enemies":"Collector","floor":33.0,"turns":3.0},{"damage":19.0,"enemies":"Hallownest:Shield_Heavy","floor":35.0,"turns":3.0},{"damage":42.0,"enemies":"Hallownest:2_Primals","floor":37.0,"turns":4.0},{"damage":2.0,"enemies":"Hallownest:2_Littles","floor":39.0,"turns":2.0},{"damage":16.0,"enemies":"Hallownest:Xero_Hu_Marmu","floor":41.0,"turns":3.0},{"damage":3.0,"enemies":"Hallownest:eliteHiveKnight","floor":46.0,"turns":5.0}],"seed_played":"-3203613593886661811","potions_obtained":[{"floor":1.0,"key":"Elixir"},{"floor":10.0,"key":"Explosive Potion"},{"floor":11.0,"key":"Venom Potion"},{"floor":16.0,"key":"PowerPotion"},{"floor":18.0,"key":"Elixir"},{"floor":27.0,"key":"DistilledChaos"},{"floor":29.0,"key":"CultistPotion"},{"floor":37.0,"key":"Explosive Potion"},{"floor":39.0,"key":"GamblersBrew"},{"floor":46.0,"key":"CultistPotion"}],"is_trial":false,"path_per_floor":["M","?","M","$","?","R","E","?","T","M","M","M","?","?","R","B",null,"M","?","M","?","M","R","?","$","T","M","?","E","?","T","R","B",null,"M","?","?","?","M","R","M","?","T","R","?","E","?"],"character_chosen":"LuminousClass","items_purchased":["PrismaticShard","Unceasing Top"],"campfire_rested":1,"item_purchase_floors":[4,25],"current_hp_per_floor":[72,72,56,56,56,56,28,28,28,27,25,25,25,25,25,34,75,55,55,46,46,46,46,46,46,46,46,46,46,46,46,46,46,105,86,86,44,74,72,72,56,14,14,45,45,42,42,42],"gold":597,"neow_bonus":"NOSTALGIA","is_daily":false,"chose_seed":false,"campfire_upgraded":3,"win_rate":0.0,"timestamp":1607746493,"path_taken":["M","?","M","$","?","R","E","?","T","M","?","M","?","?","R","BOSS","M","?","?","?","M","R","?","$","T","M","?","E","?","?","R","BOSS","M","?","?","?","M","R","?","?","T","R","?","E","?"],"items_purchased_type":["Relic","Relic"],"build_version":"2020-11-30","purchased_purges":1,"victory":false,"max_hp_per_floor":[75,75,75,75,75,75,75,75,75,75,75,75,75,75,75,75,75,75,75,75,75,75,75,75,75,75,75,75,75,75,75,75,75,105,105,105,105,105,105,105,105,105,105,105,105,105,105,105],"card_choices":[{"not_picked":["Choke","Deflect"],"picked":"Luminous:Concentrate_Luminous","floor":1.0},{"not_picked":["Flechettes","Luminous:Light_Sylvan_Lance"],"picked":"Dagger Throw","floor":3.0},{"not_picked":["Whirlwind","stsjorbsmod:Toll"],"picked":"TheCursedMod:CursedSpellbook+1","floor":7.0},{"not_picked":["stsjorbsmod:Pollute+1","SashWhip"],"picked":"alterego_mod:TrashNCrash+1","floor":10.0},{"not_picked":["wariomod:AwfulLook","stsjorbsmod:LoseGrip+1"],"picked":"stsjorbsmod:Hurt","floor":11.0},{"not_picked":["YinYangSange:ReiMu","CrushJoints"],"picked":"Luminous:Abyss_Heart_Luminous","floor":12.0},{"not_picked":["stsjorbsmod:MirrorImage+1","stsjorbsmod:Sentinel_Cull"],"picked":"hubris:EnhanceAbility","floor":16.0},{"not_picked":["MilkyWay+1","wariomod:Smackflip"],"picked":"TheCursedMod:CircleOfCorruption+1","floor":18.0},{"not_picked":["Acrobatics+1","Runesmith:Malloc+1"],"picked":"hermit:EyeOfTheStorm+1","floor":20.0},{"not_picked":["TheCursedMod:VitalStrike","Inflame"],"picked":"stsjorbsmod:Rebuke+1","floor":22.0},{"not_picked":["Perfected Strike+1","6A"],"picked":"Crescendo+1","floor":27.0},{"not_picked":["Deadly Poison+1","Genetic Algorithm+1"],"picked":"Hidden Blade+1","floor":29.0},{"not_picked":["stsjorbsmod:Fear+1","HollowMod:HornetsHelp"],"picked":"Master of Strategy+1","floor":33.0},{"not_picked":["Life Link","hierophant:Purify"],"picked":"Meditation:ReiMu+1","floor":35.0},{"not_picked":["NonDirectionalLaser","wariomod:ChargeForth+1"],"picked":"Malaise+1","floor":37.0},{"not_picked":["HollowMod:DashSlash","Runesmith:NanitesCloud+1"],"picked":"TheCursedMod:FleshFromBone+1","floor":39.0},{"not_picked":["wariomod:Bombshield+1","stsjorbsmod:MagicMissiles"],"picked":"wariomod:Purify+1","floor":41.0},{"not_picked":["wariomod:SmallSprint","stsjorbsmod:SmithingStrike+1"],"picked":"Cold Snap+1","floor":42.0},{"not_picked":["Heavy Blade","stsjorbsmod:Fireball"],"picked":"DeepEcoloBomb+1","floor":42.0},{"not_picked":["HollowMod:SharpenedShadows+1","Reckless Charge+1"],"picked":"Luminous:Abyss_Heart_Luminous+1","floor":46.0}],"player_experience":442818,"relics_obtained":[{"floor":7.0,"key":"Toxic Egg 2"},{"floor":13.0,"key":"Ring of Peace"},{"floor":13.0,"key":"Ring of Searing"},{"floor":26.0,"key":"Old Coin"},{"floor":29.0,"key":"Bottled Tornado"},{"floor":31.0,"key":"Kunai"},{"floor":37.0,"key":"Ice Cream"},{"floor":42.0,"key":"ReplayTheSpireMod:Lightbulb"},{"floor":43.0,"key":"Pen Nib"},{"floor":46.0,"key":"ReplayTheSpireMod:TigerMarble"}],"event_choices":[{"damage_healed":0.0,"max_hp_gain":0.0,"max_hp_loss":0.0,"gold_gain":175.0,"event_name":"betterThird:BetterSerpent","player_choice":"AGREE","floor":2.0,"gold_loss":0.0,"damage_taken":117.0},{"damage_healed":0.0,"max_hp_gain":0.0,"max_hp_loss":0.0,"gold_gain":0.0,"event_name":"yidonshenshe","player_choice":"Donate","floor":5.0,"gold_loss":40.0,"damage_taken":0.0,"relics_obtained":["PaintedHorse:ReiMu"]},{"cards_removed":["Luminous:Defend_Luminous"],"damage_healed":0.0,"max_hp_gain":0.0,"max_hp_loss":0.0,"gold_gain":0.0,"event_name":"Purifier","player_choice":"Purged","floor":8.0,"gold_loss":0.0,"damage_taken":0.0},{"cards_removed":["Spreading Infection"],"damage_healed":0.0,"max_hp_gain":0.0,"max_hp_loss":0.0,"gold_gain":0.0,"event_name":"The Cleric","player_choice":"Card Removal","floor":14.0,"gold_loss":50.0,"damage_taken":0.0},{"damage_healed":0.0,"max_hp_gain":0.0,"max_hp_loss":0.0,"gold_gain":0.0,"event_name":"Upgrade Shrine","player_choice":"Upgraded","floor":19.0,"gold_loss":0.0,"damage_taken":0.0,"cards_upgraded":["hubris:EnhanceAbility"]},{"damage_healed":0.0,"max_hp_gain":0.0,"max_hp_loss":0.0,"gold_gain":0.0,"cards_transformed":["Luminous:Defend_Luminous","Luminous:Defend_Luminous"],"event_name":"Drug Dealer","player_choice":"Became Test Subject","floor":21.0,"gold_loss":0.0,"damage_taken":0.0,"cards_obtained":["Luminous:Light_Sylvan_Lance","Luminous:Light_Sylvan_Lance"]},{"damage_healed":0.0,"max_hp_gain":0.0,"max_hp_loss":0.0,"gold_gain":0.0,"event_name":"Addict","player_choice":"Obtained Relic","floor":30.0,"gold_loss":85.0,"damage_taken":0.0,"relics_obtained":["Letter Opener"]}],"is_beta":false,"boss_relics":[{"not_picked":["hubris:VirtuousBlindfold","hubris:GrandSneckoEye"],"picked":"Replay:Wanted Poster"},{"not_picked":["Snecko Eye","hubris:Stopwatch"],"picked":"vexMod:BigBerry"}],"items_purged_floors":[4],"is_endless":false,"potions_floor_spawned":[1,10,11,16,18,27,29,37,39,46],"ascension_level":0}}