{"host":"2pgz2fctomabfk86","time":1607779792,"event":{"mods":["AchievementEnabler","BaseMod","Colored Map","DeckTracker","Minty Spire (QoL Compilation)","StSLib","SuperFastMode"],"gold_per_floor":[19,19,37,37,37,75,89,103,103,103,103,156,243,269,281,383,395,420,432,469,531,187,187,187],"floor_reached":23,"playtime":1103,"items_purged":["Strike_P"],"score":426,"play_id":"5ade6a8a-368d-4100-8a13-760322e7de9f","local_time":"20201212222952","is_ascension_mode":true,"campfire_choices":[{"data":"Eruption","floor":10.0,"key":"SMITH"},{"floor":15.0,"key":"REST"}],"circlet_count":0,"master_deck":["AscendersBane","Strike_P","Defend_P","Defend_P","Defend_P","Eruption+1","Vigilance","ReachHeaven","Ragnarok","EmptyBody","Tantrum","Meditate","DeusExMachina","Indignation","Pray+1","FearNoEvil","InnerPeace","MentalFortress"],"relics":["PureWater","Golden Idol","MawBank","Potion Belt","SlaversCollar","Vajra"],"acts_visited":["Exordium","TheCity"],"potions_floor_usage":[23,23],"damage_taken":[{"damage":2.0,"enemies":"Jaw Worm","floor":1.0,"turns":3.0},{"damage":6.0,"enemies":"2 Louse","floor":3.0,"turns":2.0},{"damage":0.0,"enemies":"Gremlin Nob","floor":6.0,"turns":2.0},{"damage":0.0,"enemies":"Cultist","floor":7.0,"turns":1.0},{"damage":7.0,"enemies":"3 Louse","floor":8.0,"turns":4.0},{"damage":20.0,"enemies":"Lagavulin","floor":12.0,"turns":6.0},{"damage":1.0,"enemies":"Large Slime","floor":14.0,"turns":6.0},{"damage":8.0,"enemies":"Hexaghost","floor":16.0,"turns":8.0},{"damage":17.0,"enemies":"Spheric Guardian","floor":18.0,"turns":3.0},{"damage":0.0,"enemies":"Chosen","floor":20.0,"turns":3.0},{"damage":42,"enemies":"Slavers","floor":23,"turns":2}],"seed_played":"-8097870163781849374","potions_obtained":[{"floor":8.0,"key":"Block Potion"},{"floor":12.0,"key":"Regen Potion"},{"floor":16.0,"key":"Fruit Juice"},{"floor":20.0,"key":"LiquidBronze"}],"is_trial":false,"path_per_floor":["M","?","M","?","$","E","M","M","T","R","?","E","?","M","R","B",null,"M","?","M","?","$","E"],"character_chosen":"WATCHER","items_purchased":["MentalFortress","Vajra","DistilledChaos"],"campfire_rested":1,"item_purchase_floors":[22,22,22],"current_hp_per_floor":[59,59,53,46,46,46,46,39,39,39,34,14,3,17,35,27,53,36,36,36,36,36,0,0],"gold":187,"neow_bonus":"TRANSFORM_TWO_CARDS","is_daily":false,"chose_seed":false,"campfire_upgraded":1,"win_rate":0.0,"timestamp":1607779792,"path_taken":["M","?","M","?","?","E","M","?","T","R","?","E","?","M","R","BOSS","M","?","M","?","$","E"],"items_purchased_type":["Card","Relic","Potion"],"build_version":"2020-11-30","purchased_purges":1,"victory":false,"max_hp_per_floor":[68,62,62,62,62,62,62,62,62,62,62,62,62,62,62,62,62,62,62,62,62,62,67,67],"card_choices":[{"not_picked":["FlyingSleeves","SashWhip"],"picked":"EmptyBody","floor":1.0},{"not_picked":["SashWhip","JustLucky"],"picked":"Tantrum","floor":3.0},{"not_picked":["CrushJoints","Consecrate"],"picked":"Meditate","floor":6.0},{"not_picked":["FlurryOfBlows","Halt","FollowUp"],"picked":"SKIP","floor":7.0},{"not_picked":["Prostrate","Protect","JustLucky"],"picked":"SKIP","floor":8.0},{"not_picked":["Evaluate","JustLucky"],"picked":"DeusExMachina","floor":12.0},{"not_picked":["CarveReality","WaveOfTheHand"],"picked":"Indignation","floor":14.0},{"not_picked":["EmptyFist","CutThroughFate"],"picked":"Pray+1","floor":18.0},{"not_picked":["CrushJoints+1","SashWhip"],"picked":"InnerPeace","floor":20.0}],"player_experience":928838,"relics_obtained":[{"floor":12.0,"key":"Potion Belt"}],"event_choices":[{"damage_healed":0.0,"max_hp_gain":0.0,"max_hp_loss":6.0,"gold_gain":0.0,"event_name":"Golden Idol","player_choice":"Lose Max HP","floor":2.0,"gold_loss":0.0,"damage_taken":0.0,"relics_obtained":["Golden Idol"]},{"cards_removed":["Strike_P"],"damage_healed":0.0,"max_hp_gain":0.0,"max_hp_loss":0.0,"gold_gain":0.0,"event_name":"Golden Wing","player_choice":"Card Removal","floor":4.0,"gold_loss":0.0,"damage_taken":7.0},{"damage_healed":0.0,"max_hp_gain":0.0,"max_hp_loss":0.0,"gold_gain":0.0,"event_name":"Scrap Ooze","player_choice":"Success","floor":11.0,"gold_loss":0.0,"damage_taken":5.0,"relics_obtained":["MawBank"]},{"damage_healed":0.0,"max_hp_gain":0.0,"max_hp_loss":0.0,"gold_gain":75.0,"event_name":"World of Goop","player_choice":"Gather Gold","floor":13.0,"gold_loss":0.0,"damage_taken":11.0},{"damage_healed":0.0,"max_hp_gain":0.0,"max_hp_loss":0.0,"gold_gain":0.0,"event_name":"The Library","player_choice":"Read","floor":19.0,"gold_loss":0.0,"damage_taken":0.0,"cards_obtained":["FearNoEvil"]},{"damage_healed":0.0,"max_hp_gain":0.0,"max_hp_loss":0.0,"gold_gain":100.0,"event_name":"The Joust","player_choice":"Bet on Murderer","floor":21.0,"gold_loss":50.0,"damage_taken":0.0}],"is_beta":false,"boss_relics":[{"not_picked":["Calling Bell","Philosopher\u0027s Stone"],"picked":"SlaversCollar"}],"items_purged_floors":[22],"is_endless":false,"potions_floor_spawned":[8,12,16,20],"killed_by":"Slavers","ascension_level":18}}