{"host":"sabve5zmqufxyc5o","time":1607762284,"event":{"mods":["2.2 Compatiblity","AchievementEnabler","Act Like it!","BaseMod","Block Reminder","Colored Map","Colored Powertips","DeckTracker","KOR Keyword Fix","Keyboard Shortcuts","Minty Spire (QoL Compilation)","Quick Restart","Rare Cards Sparkle","Relic Stats","StSLib","SuperFastMode"],"gold_per_floor":[114,126,143,68,68,103,103,129,153,165,193,223,249,274,286,298,298],"floor_reached":16,"playtime":337,"items_purged":["Strike_B"],"score":222,"play_id":"b1331de2-9782-4a5e-8fe6-50776c3d990e","local_time":"20201212173804","is_ascension_mode":true,"campfire_choices":[{"floor":7.0,"key":"REST"},{"data":"Buffer","floor":10.0,"key":"SMITH"},{"data":"Zap","floor":15,"key":"SMITH"}],"circlet_count":0,"master_deck":["AscendersBane","Strike_B","Strike_B","Defend_B","Defend_B","Defend_B","Defend_B","Zap+1","Dualcast","BootSequence","Blizzard","Sweeping Beam","Gash","Buffer+1","Glacier","Gash","Self Repair"],"relics":["Cracked Core","DataDisk","Lantern","MawBank"],"acts_visited":["Exordium"],"potions_floor_usage":[16],"damage_taken":[{"damage":0.0,"enemies":"2 Louse","floor":1.0,"turns":2.0},{"damage":0.0,"enemies":"Cultist","floor":2.0,"turns":3.0},{"damage":10.0,"enemies":"Small Slimes","floor":3.0,"turns":4.0},{"damage":25.0,"enemies":"3 Sentries","floor":6.0,"turns":7.0},{"damage":2.0,"enemies":"Lagavulin","floor":8.0,"turns":7.0},{"damage":0,"enemies":"2 Fungi Beasts","floor":11,"turns":2},{"damage":0,"enemies":"Exordium Wildlife","floor":12,"turns":3},{"damage":5,"enemies":"Large Slime","floor":13,"turns":6},{"damage":8,"enemies":"Exordium Thugs","floor":14,"turns":5},{"damage":49,"enemies":"Hexaghost","floor":16,"turns":11}],"seed_played":"-209684814752983454","potions_obtained":[{"floor":1.0,"key":"LiquidBronze"},{"floor":2.0,"key":"AttackPotion"},{"floor":8.0,"key":"PotionOfCapacity"}],"is_trial":false,"path_per_floor":["M","M","M","$","?","E","R","E","T","R","M","M","M","M","R","B"],"character_chosen":"DEFECT","items_purchased":[],"campfire_rested":1,"item_purchase_floors":[],"current_hp_per_floor":[64,64,54,54,54,29,50,48,48,48,48,48,43,42,42,0,0],"gold":298,"neow_bonus":"TRANSFORM_CARD","is_daily":false,"chose_seed":false,"campfire_upgraded":2,"win_rate":0.0,"timestamp":1607762284,"path_taken":["M","M","M","$","?","E","R","E","T","R","M","M","M","M","R","BOSS"],"items_purchased_type":[],"build_version":"2020-11-30","purchased_purges":1,"victory":false,"max_hp_per_floor":[71,71,71,71,71,71,71,71,71,71,71,71,71,71,71,71,71],"relic_stats":{"counters":[10,50],"MawBank":84,"obtain_stats":[{"DataDisk":6,"Lantern":8,"Cracked Core":0,"MawBank":9},{"DataDisk":4,"Lantern":5,"Cracked Core":0,"MawBank":5},{"DataDisk":16,"Lantern":23,"Cracked Core":0,"MawBank":23}]},"card_choices":[{"not_picked":["Rip and Tear","Reprogram"],"picked":"Blizzard","floor":1.0},{"not_picked":["Barrage","Sunder"],"picked":"Sweeping Beam","floor":2.0},{"not_picked":["Compile Driver","Beam Cell"],"picked":"Gash","floor":3.0},{"not_picked":["Fusion","BootSequence","Barrage"],"picked":"SKIP","floor":6.0},{"not_picked":["Biased Cognition","Fusion"],"picked":"Glacier","floor":8.0},{"not_picked":["Steam","Double Energy"],"picked":"Gash","floor":11},{"not_picked":["Fusion","Barrage","Auto Shields"],"picked":"SKIP","floor":12},{"not_picked":["BootSequence","Ball Lightning"],"picked":"Self Repair","floor":13},{"not_picked":["Turbo","Streamline","Beam Cell"],"picked":"SKIP","floor":14}],"player_experience":765577,"relics_obtained":[{"floor":6.0,"key":"DataDisk"},{"floor":8.0,"key":"Lantern"},{"floor":9.0,"key":"MawBank"}],"event_choices":[{"damage_healed":0.0,"max_hp_gain":0.0,"max_hp_loss":0.0,"gold_gain":0.0,"event_name":"Match and Keep!","player_choice":"1 cards matched","floor":5.0,"gold_loss":0.0,"damage_taken":0.0,"cards_obtained":["Buffer"]}],"is_beta":false,"boss_relics":[],"items_purged_floors":[4],"is_endless":false,"potions_floor_spawned":[1,2,8],"killed_by":"Hexaghost","ascension_level":19}}