{"host":"pgqkv8mh62pnrbci","time":1607745391,"event":{"mods":["AchievementEnabler","BaseMod","Custom Start","Minty Spire (QoL Compilation)","Replay The Spire","StSLib","SuperFastMode","¡¼?Úª?ø«¡½REMEMod"],"gold_per_floor":[116,127,139,158,177,177,177,76,76,76,90,90,109,19,19,96,96,108,108,108,128,65,65,95,95,95,123,142,168,68,68,68,147,147,167,179,194,209,1,26,75,110,110,110,110,122,138,170,170,170],"floor_reached":51,"playtime":3870,"items_purged":["Strike_G","Strike_G","Strike_G"],"score":1973,"play_id":"98faacc4-e045-4402-a1b5-b4188d998229","local_time":"20201212125631","is_ascension_mode":true,"campfire_choices":[{"data":"Eruption","floor":6.0,"key":"SMITH"},{"data":"After Image","floor":10.0,"key":"SMITH"},{"floor":15.0,"key":"REST"},{"data":"Venomology","floor":23.0,"key":"SMITH"},{"data":"Terror","floor":25.0,"key":"SMITH"},{"data":"Noxious Fumes","floor":32.0,"key":"SMITH"},{"floor":44.0,"key":"REST"},{"data":"Defend_G","floor":49.0,"key":"PURGE"}],"circlet_count":0,"master_deck":["AscendersBane","Defend_G","Defend_G","Defend_G","Defend_G","Survivor","Venomology+1","Strike_R","Eruption+1","Panache","Acrobatics","Backstab","Backflip","After Image+1","Adrenaline+1","Blade Dance","Caltrops","Noxious Fumes+1","Storm of Steel","ReplayTheSpireMod:Scrap Shanks","Terror+1","Accuracy+1","Blade Dance","ReplayTheSpireMod:From All Sides","Night Terror","Blade Dance+1","REME_GreenPollution","Sneak Up+1","Storm of Steel","ReplayTheSpireMod:Speed Training+1","PiercingWail"],"relics":["Ring of the Snake","REME_ComplimentaryCards","HornCleat","SlaversCollar","Matryoshka","Ornamental Fan","Replay:WaspNest","FossilizedHelix","Happy Flower","Fusion Hammer","Paper Crane","Replay:Arrowhead","White Beast Statue","Ancient Tea Set","Peace Pipe","Onion Ring","Singing Bowl"],"acts_visited":["Exordium","TheCity","TheBeyond"],"potions_floor_usage":[50,50,50,50],"damage_taken":[{"damage":2.0,"enemies":"Small Slimes","floor":1.0,"turns":3.0},{"damage":9.0,"enemies":"2 Louse","floor":2.0,"turns":3.0},{"damage":4.0,"enemies":"Jaw Worm","floor":3.0,"turns":5.0},{"damage":1.0,"enemies":"Blue Slaver","floor":4.0,"turns":6.0},{"damage":19.0,"enemies":"Large Slime","floor":5.0,"turns":6.0},{"damage":5.0,"enemies":"Lots of Slimes","floor":11.0,"turns":3.0},{"damage":0.0,"enemies":"Red Slaver","floor":13.0,"turns":2.0},{"damage":70.0,"enemies":"Fading Forest","floor":16.0,"turns":13.0},{"damage":0.0,"enemies":"Chosen","floor":18.0,"turns":3.0},{"damage":0.0,"enemies":"Shell Parasite","floor":21.0,"turns":3.0},{"damage":0.0,"enemies":"Replay:Snechameleon","floor":24.0,"turns":6.0},{"damage":0.0,"enemies":"Gremlin Leader","floor":27.0,"turns":4.0},{"damage":0.0,"enemies":"Centurion and Healer","floor":28.0,"turns":3.0},{"damage":0.0,"enemies":"Replay:Snechameleon","floor":29.0,"turns":3.0},{"damage":0.0,"enemies":"Collector","floor":33.0,"turns":6.0},{"damage":0.0,"enemies":"Orb Walker","floor":35.0,"turns":4.0},{"damage":0.0,"enemies":"3 Shapes","floor":36.0,"turns":2.0},{"damage":0.0,"enemies":"Sphere and 2 Shapes","floor":37.0,"turns":3.0},{"damage":40.0,"enemies":"4 Shapes","floor":38.0,"turns":2.0},{"damage":0.0,"enemies":"Giant Head","floor":40.0,"turns":5.0},{"damage":0.0,"enemies":"2 Orb Walkers","floor":41.0,"turns":3.0},{"damage":0.0,"enemies":"Reptomancer","floor":42.0,"turns":4.0},{"damage":0.0,"enemies":"Transient","floor":46.0,"turns":6.0},{"damage":0.0,"enemies":"Spire Growth","floor":47.0,"turns":6.0},{"damage":0.0,"enemies":"Nemesis","floor":48.0,"turns":5.0},{"damage":0,"enemies":"Awakened One","floor":50,"turns":8}],"seed_played":"6930073557902903282","potions_obtained":[{"floor":1.0,"key":"Weak Potion"},{"floor":5.0,"key":"FairyPotion"},{"floor":11.0,"key":"AttackPotion"},{"floor":18.0,"key":"SteroidPotion"},{"floor":33.0,"key":"SpeedPotion"},{"floor":36.0,"key":"SteroidPotion"},{"floor":37.0,"key":"BlessingOfTheForge"},{"floor":41.0,"key":"Block Potion"},{"floor":46.0,"key":"Adrenaline Potion"}],"is_trial":false,"path_per_floor":["M","M","M","M","M","R","?","$","T","R","M","?","M","$","R","B",null,"M","?","?","M","$","R","E","R","T","E","M","E","$","?","R","B",null,"M","M","M","M","$","E","?","E","T","R","T","M","M","E","R","B",null],"character_chosen":"THE_SILENT","items_purchased":["Blade Dance","Noxious Fumes","Accuracy+1","REME_GreenPollution"],"campfire_rested":2,"item_purchase_floors":[8,14,22,39],"current_hp_per_floor":[57,48,44,43,24,24,24,24,24,24,19,19,19,19,38,16,54,54,54,54,54,54,54,54,54,54,54,54,63,63,63,63,63,65,66,66,66,26,26,26,26,26,26,45,45,45,45,45,45,45],"gold":170,"neow_bonus":"RANDOM_COLORLESS_2","is_daily":false,"chose_seed":false,"campfire_upgraded":5,"win_rate":0.0,"timestamp":1607745391,"path_taken":["M","M","M","M","M","R","?","$","T","R","M","?","M","?","R","BOSS","M","?","?","?","?","R","E","R","T","E","M","E","$","?","R","BOSS","M","M","M","M","$","E","?","E","T","R","?","?","M","E","R","BOSS"],"items_purchased_type":["Card","Card","Card","Card"],"build_version":"2020-11-30","purchased_purges":3,"victory":true,"max_hp_per_floor":[66,66,66,66,66,66,66,66,66,66,66,66,66,66,66,66,66,66,66,66,66,66,66,66,66,66,66,66,66,66,66,66,66,66,66,66,66,66,66,66,66,66,66,66,66,66,66,66,66,66],"card_choices":[{"not_picked":["Secret Technique","Midas Touch"],"picked":"Panache","floor":0.0},{"not_picked":["Prepared","Quick Slash","Acrobatics"],"picked":"SKIP","floor":1.0},{"not_picked":["Flechettes","Underhanded Strike"],"picked":"Acrobatics","floor":2.0},{"not_picked":["Accuracy","Caltrops"],"picked":"Backstab","floor":3.0},{"not_picked":["Quick Slash","Underhanded Strike"],"picked":"Backflip","floor":4.0},{"not_picked":["Toxin Wave","Prepared"],"picked":"After Image","floor":5.0},{"not_picked":["Quick Slash","Deadly Poison","ReplayTheSpireMod:Exploit Weakness"],"picked":"SKIP","floor":11.0},{"not_picked":["Sucker Punch","Bane","Outmaneuver"],"picked":"SKIP","floor":13.0},{"not_picked":["Venomology","Corpse Explosion"],"picked":"Storm of Steel","floor":16.0},{"not_picked":["Deadly Poison+1","Acrobatics","Choke"],"picked":"SKIP","floor":18.0},{"not_picked":["Fluid Movement","Dodge and Roll"],"picked":"Terror","floor":21.0},{"not_picked":["Sucker Punch","Backflip","Fluid Movement"],"picked":"SKIP","floor":24.0},{"not_picked":["Atom Bomb","Dagger Throw"],"picked":"Blade Dance","floor":27.0},{"not_picked":["Fluid Movement","Replay:Poison Smokescreen","Catalyst"],"picked":"SKIP","floor":28.0},{"not_picked":["Outmaneuver","Prepared"],"picked":"ReplayTheSpireMod:From All Sides","floor":29.0},{"not_picked":["REME_GrazeFinale","Wraith Form v2"],"picked":"Night Terror","floor":33.0},{"not_picked":["Deflect+1","Dash+1","Sucker Punch"],"picked":"SKIP","floor":35.0},{"not_picked":["All Out Attack+1","Sucker Punch","ReplayTheSpireMod:Shiv Toss"],"picked":"SKIP","floor":36.0},{"not_picked":["Endless Agony+1","Backstab"],"picked":"Blade Dance+1","floor":37.0},{"not_picked":["Blade Dance","Toxin Wave","ReplayTheSpireMod:The Works+1"],"picked":"SKIP","floor":38.0},{"not_picked":["Flying Knee","Sucker Punch","Leg Sweep+1"],"picked":"SKIP","floor":40.0},{"not_picked":["Blade Dance","Sucker Punch+1"],"picked":"Sneak Up+1","floor":42.0},{"not_picked":["Flying Knee","Finisher+1"],"picked":"Storm of Steel","floor":46.0},{"not_picked":["Prepared","REME_GreenPollution+1"],"picked":"ReplayTheSpireMod:Speed Training+1","floor":47.0},{"not_picked":["Corpse Explosion","Quick Slash"],"picked":"PiercingWail","floor":48.0}],"player_experience":535632,"relics_obtained":[{"floor":9.0,"key":"HornCleat"},{"floor":24.0,"key":"Matryoshka"},{"floor":26.0,"key":"Ornamental Fan"},{"floor":26.0,"key":"Replay:WaspNest"},{"floor":27.0,"key":"FossilizedHelix"},{"floor":29.0,"key":"Happy Flower"},{"floor":40.0,"key":"Paper Crane"},{"floor":41.0,"key":"Replay:Arrowhead"},{"floor":42.0,"key":"White Beast Statue"},{"floor":43.0,"key":"Ancient Tea Set"},{"floor":43.0,"key":"Peace Pipe"},{"floor":45.0,"key":"Onion Ring"},{"floor":48.0,"key":"Singing Bowl"}],"event_choices":[{"damage_healed":0.0,"max_hp_gain":0.0,"max_hp_loss":0.0,"gold_gain":0.0,"cards_transformed":["Strike_G"],"event_name":"Living Wall","player_choice":"Change","floor":12.0,"gold_loss":0.0,"damage_taken":0.0,"cards_obtained":["Caltrops"]},{"damage_healed":0.0,"max_hp_gain":0.0,"max_hp_loss":0.0,"gold_gain":0.0,"event_name":"The Library","player_choice":"Read","floor":19.0,"gold_loss":0.0,"damage_taken":0.0,"cards_obtained":["ReplayTheSpireMod:Scrap Shanks"]},{"cards_removed":["Strike_G"],"damage_healed":0.0,"max_hp_gain":0.0,"max_hp_loss":0.0,"gold_gain":0.0,"event_name":"Purifier","player_choice":"Purged","floor":20.0,"gold_loss":0.0,"damage_taken":0.0},{"damage_healed":0.0,"max_hp_gain":0.0,"max_hp_loss":0.0,"gold_gain":0.0,"event_name":"Mysterious Sphere","player_choice":"Fight","floor":41.0,"gold_loss":0.0,"damage_taken":0.0}],"is_beta":false,"boss_relics":[{"not_picked":["Black Star","REME_DemonsWealth"],"picked":"SlaversCollar"},{"not_picked":["Kintsugi","Replay:Drink Me"],"picked":"Fusion Hammer"}],"items_purged_floors":[8,30,39],"is_endless":false,"potions_floor_spawned":[1,5,11,13,18,33,36,37,41,42,46,47,48],"ascension_level":19}}