{"host":"046f94hp0svsg0ce","time":1607738908,"event":{"mods":["Act Like it!","Astrologer","BaseMod","Beaked The Cultist","Colored Map","Colored Powertips","GungeonMod","Halation","Highlight Path","Mad Scientist","Minty Spire (QoL Compilation)","Quick Restart","Rare Cards Sparkle","StSLib","The Construct","The Forsaken","The Necromancer","The Runesmith","The Servant 0.9.4"],"gold_per_floor":[119,394,407,45,40,40,75,75,102,102,127,152,195,200,200,306,306,321,325,325,325,325,328,328,328],"floor_reached":24,"playtime":24046,"items_purged":["Regret"],"score":225,"play_id":"af26d48e-cc0e-4921-b4e7-e5a0f28ba1bf","local_time":"20201212030828","is_ascension_mode":false,"campfire_choices":[{"floor":6,"key":"REST"},{"floor":8,"key":"REST"},{"data":"construct:QuickAttack","floor":15,"key":"SMITH"}],"circlet_count":0,"master_deck":["construct:Strike_Gold","construct:Strike_Gold","construct:Strike_Gold","construct:Strike_Gold","construct:Defend_Gold+1","construct:Defend_Gold","construct:Defend_Gold","construct:Defend_Gold","construct:AttackMode+1","construct:DefenseMode","construct:GoldenBullet","construct:QuickAttack+1","construct:Anticipate","construct:FlameCore","construct:Autoturret","construct:SweepLaser","construct:Boost","construct:QuickAttack","construct:LongRangeLance","construct:ClockworkEgg","construct:LaserCore","construct:SuppressiveFire","RitualDagger","construct:SweepLaser+1"],"relics":["construct:Cogwheel","Matryoshka","Kunai","Orichalcum","Juzu Bracelet","Golden Idol","DemoMod:Metronome","Spirit Poop","War Paint"],"acts_visited":["Exordium","TheCity"],"potions_floor_usage":[13,14,16,23],"damage_taken":[{"damage":3,"enemies":"Small Slimes","floor":1,"turns":5},{"damage":8,"enemies":"Cultist","floor":3,"turns":4},{"damage":0,"enemies":"Jaw Worm","floor":5,"turns":4},{"damage":21,"enemies":"Lagavulin","floor":7,"turns":8},{"damage":7,"enemies":"2 Fungi Beasts","floor":11,"turns":4},{"damage":5,"enemies":"Blue Slaver","floor":12,"turns":5},{"damage":7,"enemies":"Gremlin Nob","floor":13,"turns":3},{"damage":7,"enemies":"Lots of Slimes","floor":14,"turns":5},{"damage":35,"enemies":"Slime Boss","floor":16,"turns":13},{"damage":28,"enemies":"3 Byrds","floor":18,"turns":10},{"damage":37,"enemies":"Chosen","floor":19,"turns":9},{"damage":10,"enemies":"Gremlin Leader","floor":23,"turns":7},{"damage":5,"enemies":"Snake Plant","floor":24,"turns":1}],"seed_played":"6140986747754017752","potions_obtained":[{"floor":3,"key":"SteroidPotion"},{"floor":7,"key":"SkillPotion"},{"floor":11,"key":"Swift Potion"},{"floor":12,"key":"Fire Potion"},{"floor":19,"key":"Energy Potion"}],"is_trial":false,"path_per_floor":["M","?","M","$","M","R","E","R","T","?","M","M","E","M","R","B",null,"M","M","?","?","?","E","M"],"character_chosen":"THE_CONSTRUCT_MOD","items_purchased":["construct:Autoturret","Matryoshka"],"campfire_rested":2,"item_purchase_floors":[4,4],"current_hp_per_floor":[58,58,50,50,50,75,54,79,79,79,72,67,60,53,53,18,85,57,20,20,20,14,4,0,0],"gold":328,"neow_bonus":"TRANSFORM_TWO_CARDS","is_daily":false,"chose_seed":false,"campfire_upgraded":1,"win_rate":0.0,"timestamp":1607738908,"path_taken":["M","?","?","$","M","R","E","R","T","?","M","M","E","M","R","BOSS","M","M","?","?","?","E","M"],"items_purchased_type":["Card","Relic"],"build_version":"2020-11-30","purchased_purges":1,"victory":false,"max_hp_per_floor":[85,85,85,85,85,85,85,85,85,85,85,85,85,85,85,85,85,85,85,85,85,85,85,85,85],"card_choices":[{"not_picked":["construct:ModeShift","construct:Forcefield"],"picked":"construct:Anticipate","floor":1},{"not_picked":["construct:FierceBash","construct:Versatility"],"picked":"construct:FlameCore","floor":3},{"not_picked":["construct:SaveState","construct:Versatility"],"picked":"construct:SweepLaser","floor":5},{"not_picked":["construct:Missile","construct:SaveState","construct:BatteryAcid"],"picked":"SKIP","floor":7},{"not_picked":["construct:Backfire","construct:Analyze"],"picked":"construct:Boost","floor":11},{"not_picked":["construct:Backfire","construct:ForceCore"],"picked":"construct:QuickAttack","floor":12},{"not_picked":["construct:Analyze","construct:Autoturret"],"picked":"construct:LongRangeLance","floor":13},{"not_picked":["construct:Disrupt","construct:SuppressiveFire","construct:Analyze"],"picked":"SKIP","floor":14},{"not_picked":["construct:BatteryCore","construct:LongRangeLance"],"picked":"construct:ClockworkEgg","floor":16},{"not_picked":["construct:Backfire","construct:SuppressiveFire"],"picked":"construct:LaserCore","floor":18},{"not_picked":["construct:CriticalHit","construct:QuickAttack"],"picked":"construct:SuppressiveFire","floor":19},{"not_picked":["construct:FierceBash","construct:ForceCore"],"picked":"construct:SweepLaser+1","floor":23}],"player_experience":1536634,"relics_obtained":[{"floor":7,"key":"Kunai"},{"floor":9,"key":"Orichalcum"},{"floor":9,"key":"Juzu Bracelet"},{"floor":13,"key":"DemoMod:Metronome"},{"floor":23,"key":"War Paint"}],"event_choices":[{"damage_healed":0,"gold_gain":275,"player_choice":"Desecrate","damage_taken":0,"max_hp_gain":0,"max_hp_loss":0,"event_name":"Golden Shrine","floor":2,"gold_loss":0,"cards_obtained":["Regret"]},{"damage_healed":0,"gold_gain":0,"player_choice":"Take Wound","damage_taken":0,"relics_obtained":["Golden Idol"],"max_hp_gain":0,"max_hp_loss":0,"event_name":"Golden Idol","floor":10,"gold_loss":0,"cards_obtained":["Injury"]},{"damage_healed":0,"gold_gain":0,"player_choice":"Ignored","damage_taken":0,"max_hp_gain":0,"max_hp_loss":0,"event_name":"Vampires","floor":20,"gold_loss":0},{"cards_removed":["Injury"],"damage_healed":0,"gold_gain":0,"player_choice":"Offered Curse","damage_taken":0,"relics_obtained":["Spirit Poop"],"max_hp_gain":0,"max_hp_loss":0,"event_name":"Bonfire Elementals","floor":21,"gold_loss":0},{"damage_healed":0,"gold_gain":0,"player_choice":"Joined the Cult","damage_taken":6,"max_hp_gain":0,"max_hp_loss":0,"event_name":"Nest","floor":22,"gold_loss":0,"cards_obtained":["RitualDagger"]}],"is_beta":false,"boss_relics":[{"not_picked":["Busted Crown","Cursed Key","halation:Risk"]}],"items_purged_floors":[4],"is_endless":false,"potions_floor_spawned":[3,7,11,12,19],"killed_by":"Snake Plant","ascension_level":0}}