{"host":"0w69akqzy16si4rs","time":1607763892,"event":{"mods":["AchievementEnabler","BaseMod","Colored Map","Colored Powertips","Hermit","Minty Spire (QoL Compilation)","StSLib"],"gold_per_floor":[110,110,128,128,128,169,194,238,262,278,322,345,345,384,384,505,505,518,150,150,163,188,188,203,203,252,252,296,321,360,373,373,492,492,511,23,86,86,99,99,137,137,137,180,204,229,229,263,263,263,263,263,43,83,83],"floor_reached":56,"playtime":3371,"items_purged":["Strike_P","Strike_P"],"score":1538,"play_id":"c16f7887-ca6b-499a-8d00-0cefe7d2b9b9","local_time":"20201212040452","is_ascension_mode":true,"campfire_choices":[{"floor":13.0,"key":"REST"},{"floor":15.0,"key":"REST"},{"data":"SandsOfTime","floor":23.0,"key":"SMITH"},{"data":"WindmillStrike","floor":25.0,"key":"SMITH"},{"data":"Perseverance","floor":27.0,"key":"SMITH"},{"data":"Wallop","floor":32.0,"key":"SMITH"},{"floor":40.0,"key":"RECALL"},{"data":"Vigilance","floor":42,"key":"SMITH"},{"floor":47,"key":"REST"},{"floor":49,"key":"REST"},{"data":"Collect","floor":52,"key":"SMITH"}],"circlet_count":0,"master_deck":["Strike_P","Defend_P","Defend_P+1","Defend_P","Defend_P","Eruption","Vigilance+1","SandsOfTime+1","Wallop+1","TalkToTheHand+1","Collect","Collect+1","WindmillStrike+1","ClearTheMind","Devotion+1","Vault+1","Wallop+1","Nirvana","Perseverance+1","Establishment","Parasite","Panache+1"],"relics":["Snecko Eye","Golden Idol","Dream Catcher","Regal Pillow","Yang","MealTicket","Velvet Choker","Damaru","War Paint","Centennial Puzzle","Anchor","Strawberry","Busted Crown","Shuriken","Oddly Smooth Stone","CloakClasp","PreservedInsect","Bottled Flame","Singing Bowl","Pen Nib","Frozen Egg 2","Pear"],"acts_visited":["Exordium","TheCity","TheBeyond","TheEnding"],"potions_floor_usage":[54,55],"damage_taken":[{"damage":0.0,"enemies":"Jaw Worm","floor":1.0,"turns":3.0},{"damage":0.0,"enemies":"Small Slimes","floor":3.0,"turns":1.0},{"damage":5.0,"enemies":"Gremlin Nob","floor":6.0,"turns":3.0},{"damage":0.0,"enemies":"2 Louse","floor":7.0,"turns":1.0},{"damage":22.0,"enemies":"3 Sentries","floor":8.0,"turns":7.0},{"damage":24.0,"enemies":"Gremlin Gang","floor":10.0,"turns":4.0},{"damage":0.0,"enemies":"Lagavulin","floor":11.0,"turns":4.0},{"damage":12.0,"enemies":"Lots of Slimes","floor":12.0,"turns":4.0},{"damage":2.0,"enemies":"Gremlin Nob","floor":14.0,"turns":4.0},{"damage":24.0,"enemies":"The Guardian","floor":16.0,"turns":8.0},{"damage":0.0,"enemies":"Spheric Guardian","floor":18.0,"turns":3.0},{"damage":4.0,"enemies":"3 Byrds","floor":21.0,"turns":5.0},{"damage":8.0,"enemies":"3 Cultists","floor":22.0,"turns":6.0},{"damage":0.0,"enemies":"Snecko","floor":24.0,"turns":4.0},{"damage":0.0,"enemies":"Gremlin Leader","floor":28.0,"turns":4.0},{"damage":0.0,"enemies":"Centurion and Healer","floor":29.0,"turns":4.0},{"damage":3.0,"enemies":"Book of Stabbing","floor":30.0,"turns":6.0},{"damage":0.0,"enemies":"3 Cultists","floor":31.0,"turns":4.0},{"damage":21.0,"enemies":"Automaton","floor":33.0,"turns":10.0},{"damage":0.0,"enemies":"3 Shapes","floor":35.0,"turns":4.0},{"damage":0.0,"enemies":"Mind Bloom Boss Battle","floor":37.0,"turns":5.0},{"damage":0.0,"enemies":"Orb Walker","floor":39.0,"turns":4.0},{"damage":12,"enemies":"Reptomancer","floor":41,"turns":7},{"damage":0,"enemies":"Giant Head","floor":44,"turns":7},{"damage":1,"enemies":"Writhing Mass","floor":46,"turns":5},{"damage":0,"enemies":"Nemesis","floor":48,"turns":4},{"damage":12,"enemies":"Awakened One","floor":50,"turns":11},{"damage":22,"enemies":"Shield and Spear","floor":54,"turns":6},{"damage":43,"enemies":"The Heart","floor":55,"turns":10}],"seed_played":"5678887864459009637","potions_obtained":[{"floor":6.0,"key":"Weak Potion"},{"floor":7.0,"key":"Weak Potion"},{"floor":8.0,"key":"BottledMiracle"},{"floor":16.0,"key":"SpeedPotion"},{"floor":18.0,"key":"FearPotion"},{"floor":24.0,"key":"BottledMiracle"},{"floor":37.0,"key":"Ancient Potion"},{"floor":44,"key":"FairyPotion"},{"floor":48,"key":"Explosive Potion"},{"floor":54,"key":"Weak Potion"}],"is_trial":false,"path_per_floor":["M","?","M","?","?","E","M","E","T","M","E","M","R","E","R","B",null,"M","$","?","M","M","R","M","R","T","R","E","M","E","M","R","B",null,"M","$","?","?","M","R","E","R","T","E","T","M","R","E","R","B",null,"R","$","E","B",null],"character_chosen":"WATCHER","items_purchased":["Damaru","War Paint","Shuriken","Oddly Smooth Stone","Panache+1","BottledMiracle"],"campfire_rested":4,"item_purchase_floors":[19,19,36,36,53,53],"current_hp_per_floor":[72,54,54,47,71,66,66,44,44,20,20,8,44,42,72,48,72,72,72,72,68,60,60,60,60,60,60,60,60,64,64,64,43,79,79,79,79,79,79,79,67,67,67,69,69,70,85,87,89,77,89,89,89,79,36],"gold":83,"neow_bonus":"BOSS_RELIC","is_daily":false,"chose_seed":false,"campfire_upgraded":6,"win_rate":0.0,"timestamp":1607763892,"path_taken":["M","?","M","?","?","E","M","E","T","M","E","?","R","E","R","BOSS","M","$","?","M","?","R","M","R","T","R","E","M","E","?","R","BOSS","M","$","?","?","?","R","E","R","T","E","?","M","R","E","R","BOSS","R","$","E","BOSS"],"items_purchased_type":["Relic","Relic","Relic","Relic","Card","Potion"],"build_version":"2020-11-30","purchased_purges":2,"victory":true,"max_hp_per_floor":[72,72,72,72,72,72,72,72,72,72,72,72,72,72,72,72,72,72,72,72,72,72,72,72,72,72,72,72,72,79,79,79,79,79,79,79,79,79,79,79,79,79,79,81,81,83,85,87,89,89,89,89,89,101,101],"card_choices":[{"not_picked":["BowlingBash","MentalFortress"],"picked":"SandsOfTime","floor":1.0},{"not_picked":["Pray","EmptyFist"],"picked":"Wallop","floor":3.0},{"not_picked":["FlurryOfBlows","WheelKick"],"picked":"TalkToTheHand","floor":6.0},{"not_picked":["CrushJoints","CutThroughFate"],"picked":"Collect","floor":7.0},{"not_picked":["DeusExMachina","Scrawl"],"picked":"Collect","floor":8.0},{"not_picked":["EmptyFist","Prostrate","SignatureMove"],"picked":"SKIP","floor":10.0},{"not_picked":["JustLucky","Fasting2"],"picked":"WindmillStrike","floor":11.0},{"not_picked":["SashWhip","CutThroughFate","FlyingSleeves"],"picked":"SKIP","floor":12.0},{"not_picked":["FlyingSleeves","InnerPeace"],"picked":"ClearTheMind","floor":13.0},{"not_picked":["Meditate","Fasting2"],"picked":"Devotion","floor":14.0},{"not_picked":["Omniscience","Ragnarok"],"picked":"Vault","floor":16.0},{"not_picked":["Evaluate","CrushJoints+1"],"picked":"Wallop+1","floor":18.0},{"not_picked":["FlyingSleeves","JustLucky+1","CrushJoints"],"picked":"SKIP","floor":21.0},{"not_picked":["JustLucky","FlyingSleeves+1"],"picked":"Nirvana","floor":22.0},{"not_picked":["Prostrate","Protect"],"picked":"Perseverance","floor":24.0},{"not_picked":["FlyingSleeves+1","PathToVictory","DeceiveReality"],"picked":"SKIP","floor":28.0},{"not_picked":["EmptyFist","PathToVictory+1","InnerPeace"],"picked":"SKIP","floor":29.0},{"not_picked":["Consecrate","Halt","EmptyFist+1"],"picked":"SKIP","floor":30.0},{"not_picked":["Halt","ReachHeaven","Ragnarok"],"picked":"SKIP","floor":31.0},{"not_picked":["Omniscience","Brilliance"],"picked":"Establishment","floor":33.0},{"not_picked":["SashWhip+1"],"picked":"SKIP","floor":35.0},{"not_picked":["Pray+1"],"picked":"SKIP","floor":39.0},{"not_picked":["Vengeance"],"picked":"SKIP","floor":41},{"not_picked":["ForeignInfluence"],"picked":"Singing Bowl","floor":44},{"not_picked":["Crescendo+1"],"picked":"Singing Bowl","floor":46},{"not_picked":["Collect+1"],"picked":"Singing Bowl","floor":47},{"not_picked":["Wireheading+1"],"picked":"Singing Bowl","floor":48},{"not_picked":["FlurryOfBlows+1"],"picked":"Singing Bowl","floor":49},{"not_picked":["ClearTheMind+1"],"picked":"Singing Bowl","floor":54}],"player_experience":306517,"relics_obtained":[{"floor":6.0,"key":"Dream Catcher"},{"floor":8.0,"key":"Regal Pillow"},{"floor":11.0,"key":"Yang"},{"floor":14.0,"key":"MealTicket"},{"floor":26.0,"key":"Centennial Puzzle"},{"floor":28.0,"key":"Anchor"},{"floor":30.0,"key":"Strawberry"},{"floor":37.0,"key":"CloakClasp"},{"floor":41,"key":"PreservedInsect"},{"floor":43,"key":"Bottled Flame"},{"floor":44,"key":"Singing Bowl"},{"floor":45,"key":"Pen Nib"},{"floor":48,"key":"Frozen Egg 2"},{"floor":54,"key":"Pear"}],"event_choices":[{"damage_healed":0.0,"max_hp_gain":0.0,"max_hp_loss":0.0,"gold_gain":0.0,"event_name":"Golden Idol","player_choice":"Take Damage","floor":2.0,"gold_loss":0.0,"damage_taken":18.0,"relics_obtained":["Golden Idol"]},{"cards_removed":["Strike_P"],"damage_healed":0.0,"max_hp_gain":0.0,"max_hp_loss":0.0,"gold_gain":0.0,"event_name":"Golden Wing","player_choice":"Card Removal","floor":4.0,"gold_loss":0.0,"damage_taken":7.0},{"damage_healed":24.0,"max_hp_gain":0.0,"max_hp_loss":0.0,"gold_gain":0.0,"event_name":"Big Fish","player_choice":"Banana","floor":5.0,"gold_loss":0.0,"damage_taken":0.0},{"damage_healed":0.0,"max_hp_gain":0.0,"max_hp_loss":0.0,"gold_gain":0.0,"event_name":"Accursed Blacksmith","player_choice":"Forge","floor":20.0,"gold_loss":0.0,"damage_taken":0.0,"cards_upgraded":["Devotion"]},{"damage_healed":0.0,"max_hp_gain":0.0,"max_hp_loss":0.0,"gold_gain":0.0,"event_name":"MindBloom","player_choice":"Fight","floor":37.0,"gold_loss":0.0,"damage_taken":0.0},{"damage_healed":0.0,"max_hp_gain":0.0,"max_hp_loss":0.0,"gold_gain":0.0,"event_name":"Upgrade Shrine","player_choice":"Upgraded","floor":38.0,"gold_loss":0.0,"damage_taken":0.0,"cards_upgraded":["TalkToTheHand"]}],"is_beta":false,"boss_relics":[{"not_picked":["Coffee Dripper","Runic Pyramid"],"picked":"Velvet Choker"},{"not_picked":["Pandora\u0027s Box","Fusion Hammer"],"picked":"Busted Crown"}],"items_purged_floors":[19,36],"is_endless":false,"potions_floor_spawned":[6,7,8,16,18,24,28,31,33,37,44,48,54],"ascension_level":2}}