{"host":"se2kry7a7ac49ar7","time":1607743766,"event":{"mods":["BaseMod","Bestiary","Googly Eyes","Hubris","Minty Spire (QoL Compilation)","Replay The Spire","StSLib"],"gold_per_floor":[119,294,294,308,319,352,352,352,352],"floor_reached":8,"playtime":912,"items_purged":[],"score":105,"play_id":"c1a2d8c7-7f59-4cd4-b9e9-a369165a096f","local_time":"20201211192926","is_ascension_mode":true,"campfire_choices":[{"data":"Zap","floor":7,"key":"SMITH"}],"circlet_count":0,"master_deck":["Strike_B","Strike_B","Strike_B","Strike_B","Defend_B","Defend_B","Defend_B","Defend_B","Zap+1","Dualcast","Leap","Doubt","Hologram","Stack","Darkness"],"relics":["Honey Jar","GremlinMask","Centennial Puzzle"],"acts_visited":["Exordium"],"potions_floor_usage":[8],"damage_taken":[{"damage":7,"enemies":"Jaw Worm","floor":1,"turns":5},{"damage":14,"enemies":"Small Slimes","floor":4,"turns":4},{"damage":0,"enemies":"Cultist","floor":5,"turns":4},{"damage":0,"enemies":"Replay:BlueRogue","floor":6,"turns":8},{"damage":65,"enemies":"Gremlin Nob","floor":8,"turns":4}],"seed_played":"6622761650442936337","potions_obtained":[{"floor":6,"key":"Strength Potion"}],"is_trial":false,"path_per_floor":["M","?","?","M","M","E","R","E"],"character_chosen":"DEFECT","items_purchased":[],"campfire_rested":0,"item_purchase_floors":[],"current_hp_per_floor":[61,61,61,47,47,47,47,0,0],"gold":352,"neow_bonus":"BOSS_RELIC","is_daily":false,"chose_seed":false,"campfire_upgraded":1,"win_rate":0.0,"timestamp":1607743766,"path_taken":["M","?","?","?","M","E","R","E"],"items_purchased_type":[],"build_version":"2020-11-30","purchased_purges":0,"victory":false,"max_hp_per_floor":[75,75,75,75,75,75,75,75,75],"card_choices":[{"not_picked":["Redo","Capacitor","Heatsinks"],"picked":"Leap","floor":1},{"not_picked":["Ball Lightning","Compile Driver","Rebound"],"picked":"Hologram","floor":4},{"not_picked":["Sweeping Beam","Rebound","ReplaySolidLightProjector"],"picked":"Stack","floor":5},{"not_picked":["Compile Driver","Go for the Eyes","Heatsinks"],"picked":"Darkness","floor":6}],"player_experience":610813,"relics_obtained":[{"floor":6,"key":"Centennial Puzzle"}],"event_choices":[{"damage_healed":0,"gold_gain":175,"player_choice":"AGREE","damage_taken":0,"max_hp_gain":0,"max_hp_loss":0,"event_name":"Liars Game","floor":2,"gold_loss":0,"cards_obtained":["Doubt"]},{"damage_healed":0,"gold_gain":0,"player_choice":"Trade","damage_taken":0,"relics_obtained":["GremlinMask"],"max_hp_gain":0,"max_hp_loss":0,"event_name":"FaceTrader","floor":3,"gold_loss":0}],"is_beta":false,"boss_relics":[],"items_purged_floors":[],"is_endless":false,"potions_floor_spawned":[6],"killed_by":"Gremlin Nob","ascension_level":6}}