{"host":"kw4o7b3ro2ktmmbe","time":1607743246,"event":{"mods":["BaseMod","Minty Spire (QoL Compilation)","StSLib","The Death Knight","Treasure Hunter"],"gold_per_floor":[119,131,148,148,98,123,123,123,123,137,157,167,184,184,184,184,184],"floor_reached":16,"playtime":1423,"items_purged":[],"score":104,"play_id":"7d8b6ccb-fde9-49dd-ad82-c2da3bceb86b","local_time":"20201212162046","is_ascension_mode":false,"campfire_choices":[{"data":"DeathKnight:FrosPresence","floor":7.0,"key":"SMITH"},{"data":"DeathKnight:Defile","floor":15.0,"key":"SMITH"}],"circlet_count":0,"master_deck":["DeathKnight:Strike_DeathKnight","DeathKnight:Strike_DeathKnight","DeathKnight:Strike_DeathKnight","DeathKnight:Strike_DeathKnight","DeathKnight:Strike_DeathKnight","DeathKnight:Defend_DeathKnight","DeathKnight:Defend_DeathKnight","DeathKnight:Defend_DeathKnight","DeathKnight:Defend_DeathKnight","DeathKnight:RuneTap+1","DeathKnight:FrosPresence+1","DeathKnight:IcyTouch","DeathKnight:MutagenicPlague","TH:ArmorSpikes","DeathKnight:DeathStrike","TH:ArmorSpikes","DeathKnight:BladedArmor","DeathKnight:Defile+1","DeathKnight:PathOfFrost"],"relics":["DeathKnight:BrokenRuneblade","Bottled Tornado","Ornamental Fan"],"acts_visited":["Exordium"],"potions_floor_usage":[],"damage_taken":[{"damage":0.0,"enemies":"Cultist","floor":1.0,"turns":4.0},{"damage":0.0,"enemies":"Small Slimes","floor":2.0,"turns":6.0},{"damage":5.0,"enemies":"2 Louse","floor":3.0,"turns":6.0},{"damage":24.0,"enemies":"3 Sentries","floor":6.0,"turns":15.0},{"damage":7.0,"enemies":"2 Fungi Beasts","floor":10.0,"turns":4.0},{"damage":16.0,"enemies":"Exordium Wildlife","floor":11.0,"turns":7.0},{"damage":24.0,"enemies":"Exordium Thugs","floor":12.0,"turns":5.0},{"damage":4.0,"enemies":"Looter","floor":13.0,"turns":3.0},{"damage":29,"enemies":"Slime Boss","floor":16,"turns":3}],"seed_played":"5239004037762777741","potions_obtained":[{"floor":1.0,"key":"SteroidPotion"},{"floor":3.0,"key":"DeathKnight:VirulencePotion"},{"floor":6.0,"key":"Weak Potion"}],"is_trial":false,"path_per_floor":["M","M","M","?","?","E","R","?","T","M","M","M","M","?","R","B"],"character_chosen":"DEATH_KNIGHT","items_purchased":[],"campfire_rested":0,"item_purchase_floors":[],"current_hp_per_floor":[82,82,77,70,70,46,46,46,46,47,39,23,27,27,27,0,0],"gold":184,"neow_bonus":"TEN_PERCENT_HP_BONUS","is_daily":false,"chose_seed":false,"campfire_upgraded":2,"win_rate":0.0,"timestamp":1607743246,"path_taken":["M","?","M","?","?","E","R","?","T","M","M","M","?","?","R","BOSS"],"items_purchased_type":[],"build_version":"2020-11-30","purchased_purges":0,"victory":false,"max_hp_per_floor":[82,82,82,82,82,82,82,82,82,82,82,82,82,82,82,82,82],"card_choices":[{"not_picked":["DeathKnight:Marrowrend","DeathKnight:BoneSpear"],"picked":"DeathKnight:FrosPresence","floor":1.0},{"not_picked":["DeathKnight:Ossuary","DeathKnight:DreadStrike"],"picked":"DeathKnight:IcyTouch","floor":2.0},{"not_picked":["DeathKnight:FoulBulwark","DeathKnight:UnholyFrenzy"],"picked":"DeathKnight:MutagenicPlague","floor":3.0},{"not_picked":["TH:ElvenBoots"],"picked":"TH:ArmorSpikes","floor":6.0},{"not_picked":["DeathKnight:BloodEchoes","DeathKnight:ThirstingStrike"],"picked":"DeathKnight:DeathStrike","floor":6.0},{"not_picked":["TH:EnergyPotion"],"picked":"TH:ArmorSpikes","floor":9.0},{"not_picked":["DeathKnight:RuneShock","DeathKnight:MutagenicPlague","DeathKnight:DeathCoil"],"picked":"SKIP","floor":10.0},{"not_picked":["DeathKnight:RaiseAlly","DeathKnight:HowlingBlast"],"picked":"DeathKnight:BladedArmor","floor":11.0},{"not_picked":["DeathKnight:Parry","DeathKnight:DeathStrike"],"picked":"DeathKnight:Defile","floor":12.0},{"not_picked":["DeathKnight:RaiseAlly","DeathKnight:BludPresence"],"picked":"DeathKnight:PathOfFrost","floor":13.0}],"player_experience":1725129,"relics_obtained":[{"floor":6.0,"key":"Bottled Tornado"},{"floor":9.0,"key":"Ornamental Fan"}],"event_choices":[{"cards_removed":["DeathKnight:RuneStrike"],"damage_healed":0.0,"max_hp_gain":0.0,"max_hp_loss":0.0,"gold_gain":0.0,"event_name":"Golden Wing","player_choice":"Card Removal","floor":4.0,"gold_loss":0.0,"damage_taken":7.0},{"cards_removed":["DeathKnight:Defend_DeathKnight"],"damage_healed":0.0,"max_hp_gain":0.0,"max_hp_loss":0.0,"gold_gain":0.0,"event_name":"The Cleric","player_choice":"Card Removal","floor":5.0,"gold_loss":50.0,"damage_taken":0.0},{"damage_healed":0.0,"max_hp_gain":0.0,"max_hp_loss":0.0,"gold_gain":0.0,"event_name":"Living Wall","player_choice":"Grow","floor":8.0,"gold_loss":0.0,"damage_taken":0.0,"cards_upgraded":["DeathKnight:RuneTap"]},{"damage_healed":0.0,"max_hp_gain":0.0,"max_hp_loss":0.0,"gold_gain":0.0,"event_name":"NoteForYourself","player_choice":"Ignored","floor":14.0,"gold_loss":0.0,"damage_taken":0.0}],"is_beta":false,"boss_relics":[],"items_purged_floors":[],"is_endless":false,"potions_floor_spawned":[1,3,6],"killed_by":"Slime Boss","ascension_level":0}}