{"host":"ocy7z4248lncoz2b","time":1607760068,"event":{"mods":["BaseMod","Beaked The Cultist","Better Match","Better Sensory Stone","Better Third Choice","BetterRewards","Colored Powertips","Conspire","Downfall","Friendly Minions","Highlight Path","Hubris","Infinite Spire","Marisa????????","Mimic Mod","Minty Spire (QoL Compilation)","READ ME - Guardian Mod","Replay The Spire","Shop Mod","Spicy Shops","Spikes Relics","StSLib","SuperFastMode","The Blue Laboratory","The Construct","The Jungle"],"gold_per_floor":[119,130,29,46,46,77,77,95,95,95,95,127,127,201,201,201,201],"floor_reached":16,"playtime":568,"items_purged":["Strike_B"],"score":148,"play_id":"029fe3ab-55d5-4a78-9e2b-df58397d091e","local_time":"20201212170108","is_ascension_mode":false,"campfire_choices":[{"data":"ReplayTheSpireMod:Calculation Training","floor":7,"key":"SMITH"},{"data":"Zap","floor":10,"key":"SMITH"},{"data":"Crystallizer","floor":15,"key":"SMITH"}],"circlet_count":0,"master_deck":["Strike_B","Strike_B","Defend_B","Defend_B","Defend_B","Defend_B","Zap+1","Dualcast","Turbo","Leap+1","Glacier","Crystallizer+1","Gash","BootSequence","Poisoned Strike","ReplayTheSpireMod:Calculation Training+1","Coolheaded","ReplayTheSpireMod:Fabricate Wheel"],"relics":["Cracked Core","MerchantsRug","Gremlin Horn","Mirror","hubris:Icosahedron","infinitespire:Bottled Soul"],"acts_visited":["Exordium"],"potions_floor_usage":[],"damage_taken":[{"damage":0,"enemies":"Cultist","floor":1,"turns":3},{"damage":0,"enemies":"Small Slimes","floor":2,"turns":4},{"damage":0,"enemies":"2 Louse","floor":4,"turns":3},{"damage":15,"enemies":"3 Sentries","floor":6,"turns":12},{"damage":0,"enemies":"Looter","floor":8,"turns":3},{"damage":80,"enemies":"Fading Forest","floor":16,"turns":8}],"seed_played":"4936941049754781449","potions_obtained":[{"floor":1,"key":"Swift Potion"},{"floor":4,"key":"blueLaboratory:BottleOfVodka"}],"is_trial":false,"path_per_floor":["M","M","$","M","?","E","R","M","T","R","?","$","?","T","R","B"],"character_chosen":"DEFECT","items_purchased":["Turbo","MerchantsRug","Leap+1","Gash"],"campfire_rested":0,"item_purchase_floors":[0,0,0,3],"current_hp_per_floor":[68,68,68,68,68,53,53,53,53,53,53,53,53,53,53,0,0],"gold":201,"neow_bonus":"","is_daily":false,"chose_seed":false,"campfire_upgraded":3,"win_rate":0.0,"timestamp":1607760068,"path_taken":["M","M","?","M","?","E","R","M","T","R","?","$","?","?","R","BOSS"],"items_purchased_type":["Card","Relic","Card","Card"],"build_version":"2020-11-30","purchased_purges":1,"victory":false,"max_hp_per_floor":[75,75,75,75,75,75,75,75,75,75,75,75,75,75,75,75,75],"card_choices":[{"not_picked":["RefreshScreen","Stack"],"picked":"Glacier","floor":1},{"not_picked":["Genetic Algorithm","Ball Lightning"],"picked":"Crystallizer","floor":2},{"not_picked":["Undo","Gash"],"picked":"BootSequence","floor":4},{"not_picked":["Secret Technique","PanicButton"],"picked":"Poisoned Strike","floor":5},{"not_picked":["FTL","Cold Snap"],"picked":"ReplayTheSpireMod:Calculation Training","floor":6},{"not_picked":["Leap","Barrage"],"picked":"Coolheaded","floor":8}],"player_experience":218618,"relics_obtained":[{"floor":6,"key":"Gremlin Horn"},{"floor":9,"key":"Mirror"},{"floor":14,"key":"infinitespire:Bottled Soul"}],"event_choices":[{"damage_healed":0,"gold_gain":1,"player_choice":"1","damage_taken":0,"max_hp_gain":0,"max_hp_loss":0,"event_name":"betterStone:BetterStone","floor":5,"gold_loss":0},{"damage_healed":0,"gold_gain":0,"cards_transformed":["Strike_B"],"player_choice":"Change","damage_taken":0,"max_hp_gain":0,"max_hp_loss":0,"event_name":"Living Wall","floor":11,"gold_loss":0,"cards_obtained":["ReplayTheSpireMod:Fabricate Wheel"]}],"is_beta":false,"boss_relics":[],"items_purged_floors":[3],"is_endless":false,"potions_floor_spawned":[1,4],"killed_by":"Fading Forest","ascension_level":0}}