{"host":"3mdjmozz5rahgtdc","time":1607781032,"event":{"mods":["AchievementEnabler","BaseMod","Better Silent Start","Better-Laid Plans","Colored Map","Colored Powertips","Custom Start","DeckTracker","KOR Keyword Fix","Minty Spire (QoL Compilation)","Permanent Neow","StSLib","SuperFastMode"],"gold_per_floor":[126,150,182,213,236,248,44,62,85,85,111,111,145,164,164,261,261,274,274,292,391,403,403,433,35,115,115,127,146,176,23,23,119,119,130,180,180,198,3,36,36,46,46,46,46,46],"floor_reached":45,"playtime":1831,"items_purged":["Strike_P","Strike_P","Defend_P"],"score":656,"play_id":"c93d487f-5812-40be-9e4c-d3b43f1c34ed","local_time":"20201212225032","is_ascension_mode":true,"campfire_choices":[{"data":"Eruption","floor":6,"key":"SMITH"},{"data":"MentalFortress","floor":10,"key":"SMITH"},{"data":"Adaptation","floor":12,"key":"SMITH"},{"data":"Meditate","floor":15,"key":"SMITH"},{"data":"Adaptation","floor":23,"key":"SMITH"},{"floor":32,"key":"REST"},{"floor":41,"key":"REST"}],"circlet_count":0,"master_deck":["Strike_P","Strike_P","Defend_P","Defend_P","Eruption+1","Vigilance","CarveReality","Meditate+1","Wallop","MentalFortress+1","Tantrum","Adaptation+1","DevaForm","Adaptation+1","Adaptation+1","Worship","EmptyFist","Omniscience","MentalFortress","ConjureBlade","Fasting2","Halt+1","Parasite"],"relics":["PureWater","MawBank","Nunchaku","Lantern","Blood Vial","VioletLotus","Tiny Chest","Medical Kit","Bag of Marbles","Bottled Flame","Calipers","Oddly Smooth Stone","Busted Crown","Dead Branch","Bottled Tornado","MealTicket","InkBottle"],"acts_visited":["Exordium","TheCity","TheBeyond"],"potions_floor_usage":[11,13,16,20,20,20,20],"damage_taken":[{"damage":2,"enemies":"Cultist","floor":1,"turns":3},{"damage":0,"enemies":"2 Louse","floor":2,"turns":2},{"damage":6,"enemies":"Jaw Worm","floor":3,"turns":3},{"damage":5,"enemies":"Blue Slaver","floor":4,"turns":2},{"damage":21,"enemies":"Lots of Slimes","floor":5,"turns":4},{"damage":7,"enemies":"Exordium Wildlife","floor":8,"turns":3},{"damage":1,"enemies":"3 Sentries","floor":11,"turns":4},{"damage":0,"enemies":"Gremlin Nob","floor":13,"turns":2},{"damage":6,"enemies":"Looter","floor":14,"turns":2},{"damage":26,"enemies":"The Guardian","floor":16,"turns":8},{"damage":1,"enemies":"Chosen","floor":18,"turns":3},{"damage":12,"enemies":"3 Byrds","floor":20,"turns":5},{"damage":27,"enemies":"3 Cultists","floor":22,"turns":6},{"damage":6,"enemies":"Gremlin Leader","floor":24,"turns":6},{"damage":0,"enemies":"Snake Plant","floor":28,"turns":1},{"damage":0,"enemies":"Chosen and Byrds","floor":29,"turns":4},{"damage":27,"enemies":"Book of Stabbing","floor":30,"turns":4},{"damage":0,"enemies":"Automaton","floor":33,"turns":7},{"damage":5,"enemies":"Orb Walker","floor":35,"turns":2},{"damage":30,"enemies":"Mind Bloom Boss Battle","floor":36,"turns":6},{"damage":13,"enemies":"3 Shapes","floor":38,"turns":3},{"damage":15,"enemies":"Giant Head","floor":40,"turns":8},{"damage":18,"enemies":"Maw","floor":42,"turns":6},{"damage":33,"enemies":"Writhing Mass","floor":45,"turns":4}],"seed_played":"-7963994326855671818","potions_obtained":[{"floor":1,"key":"Weak Potion"},{"floor":4,"key":"SteroidPotion"},{"floor":5,"key":"LiquidMemories"},{"floor":16,"key":"ColorlessPotion"},{"floor":18,"key":"SpeedPotion"},{"floor":19,"key":"EntropicBrew"},{"floor":19,"key":"EssenceOfSteel"},{"floor":22,"key":"AttackPotion"},{"floor":28,"key":"FairyPotion"}],"is_trial":false,"path_per_floor":["M","M","M","M","M","R","$","M","T","R","E","R","E","M","R","B",null,"M","?","M","?","M","R","E","$","T","?","M","M","E","$","R","B",null,"M","?","T","M","$","E","R","M","T","$","M"],"character_chosen":"WATCHER","items_purchased":["MentalFortress","Tantrum","Medical Kit","Bag of Marbles","Oddly Smooth Stone","Fasting2"],"campfire_rested":2,"item_purchase_floors":[7,7,25,25,31,39],"current_hp_per_floor":[70,70,64,59,38,38,38,31,31,31,30,30,30,26,26,2,72,71,71,60,60,35,35,31,31,31,31,33,35,10,10,31,33,72,67,39,39,28,28,15,36,20,20,35,4,4],"gold":46,"neow_bonus":"RANDOM_COMMON_RELIC","is_daily":false,"chose_seed":false,"campfire_upgraded":5,"win_rate":0.0,"timestamp":1607781032,"path_taken":["M","M","M","M","M","R","$","?","T","R","E","R","E","M","R","BOSS","M","?","?","?","M","R","E","$","T","?","?","M","E","$","R","BOSS","M","?","?","M","$","E","R","?","T","$","M"],"items_purchased_type":["Card","Card","Relic","Relic","Relic","Card"],"build_version":"2020-11-30","purchased_purges":3,"victory":false,"max_hp_per_floor":[72,72,72,72,72,72,72,72,72,72,72,72,72,72,72,72,72,72,72,72,72,72,72,72,72,72,72,72,72,72,72,72,72,72,72,72,72,72,72,72,72,72,72,72,72,72],"card_choices":[{"not_picked":["DeceiveReality","EmptyBody"],"picked":"CarveReality","floor":1},{"not_picked":["FlurryOfBlows","CutThroughFate"],"picked":"Meditate","floor":2},{"not_picked":["Vengeance","Crescendo"],"picked":"Wallop","floor":3},{"not_picked":["CutThroughFate","PathToVictory","Collect"],"picked":"SKIP","floor":4},{"not_picked":["WreathOfFlame","WaveOfTheHand","PathToVictory"],"picked":"SKIP","floor":5},{"not_picked":["Prostrate","PathToVictory","FlurryOfBlows"],"picked":"SKIP","floor":8},{"not_picked":["Swivel","ClearTheMind"],"picked":"Adaptation","floor":11},{"not_picked":["LikeWater","Ragnarok","Wireheading"],"picked":"SKIP","floor":13},{"not_picked":["Consecrate","SashWhip","Prostrate"],"picked":"SKIP","floor":14},{"not_picked":["Devotion","DeusExMachina"],"picked":"DevaForm","floor":16},{"not_picked":["Crescendo","JustLucky","Worship+1"],"picked":"SKIP","floor":18},{"not_picked":["BowlingBash","BattleHymn"],"picked":"Adaptation","floor":20},{"not_picked":["FlurryOfBlows","CarveReality+1","Consecrate"],"picked":"SKIP","floor":22},{"not_picked":["Meditate","Prostrate"],"picked":"Adaptation+1","floor":24},{"not_picked":["JustLucky+1","FollowUp+1"],"picked":"EmptyFist","floor":28},{"not_picked":["SashWhip","WaveOfTheHand"],"picked":"Omniscience","floor":29},{"not_picked":["Wallop","Wireheading"],"picked":"MentalFortress","floor":30},{"not_picked":["Blasphemy","Devotion"],"picked":"ConjureBlade","floor":33},{"not_picked":["JustLucky"],"picked":"SKIP","floor":35},{"not_picked":["EmptyFist"],"picked":"SKIP","floor":38},{"not_picked":["DeceiveReality"],"picked":"SKIP","floor":40},{"not_picked":[],"picked":"Halt+1","floor":42}],"player_experience":265219,"relics_obtained":[{"floor":9,"key":"Nunchaku"},{"floor":11,"key":"Lantern"},{"floor":13,"key":"Blood Vial"},{"floor":24,"key":"Tiny Chest"},{"floor":26,"key":"Bottled Flame"},{"floor":30,"key":"Calipers"},{"floor":36,"key":"Dead Branch"},{"floor":37,"key":"Bottled Tornado"},{"floor":40,"key":"MealTicket"},{"floor":43,"key":"InkBottle"}],"event_choices":[{"damage_healed":0,"gold_gain":0,"player_choice":"Got Potions","damage_taken":0,"max_hp_gain":0,"max_hp_loss":0,"event_name":"Lab","floor":19,"gold_loss":0},{"damage_healed":0,"gold_gain":99,"player_choice":"Stole From Cult","damage_taken":0,"max_hp_gain":0,"max_hp_loss":0,"event_name":"Nest","floor":21,"gold_loss":0},{"damage_healed":0,"gold_gain":0,"cards_transformed":["Defend_P"],"player_choice":"Transformed","damage_taken":0,"max_hp_gain":0,"max_hp_loss":0,"event_name":"Transmorgrifier","floor":27,"gold_loss":0,"cards_obtained":["Worship"]},{"damage_healed":0,"gold_gain":0,"player_choice":"Fight","damage_taken":0,"max_hp_gain":0,"max_hp_loss":0,"event_name":"MindBloom","floor":36,"gold_loss":0}],"is_beta":false,"boss_relics":[{"not_picked":["Calling Bell","Philosopher\u0027s Stone"],"picked":"VioletLotus"},{"not_picked":["SlaversCollar","Black Star"],"picked":"Busted Crown"}],"items_purged_floors":[7,25,39],"is_endless":false,"potions_floor_spawned":[1,4,5,16,18,22,28,33,35,40],"killed_by":"Writhing Mass","ascension_level":3}}