{"host":"1tl36azeqm6yhdgj","time":1607771709,"event":{"mods":["AchievementEnabler","BaseMod","Minty Spire (QoL Compilation)","StSLib","The IronCluck","everything is the same but u backflip on backflip"],"gold_per_floor":[110,127,142,152,152,178,193,19,19,19,45,60,88,103,103,200,200,210,210,229,229,229],"floor_reached":21,"playtime":919,"items_purged":["Pain"],"score":315,"play_id":"923b60cc-1dd0-48ee-b281-1f932338a2d7","local_time":"20201212061509","is_ascension_mode":true,"campfire_choices":[{"data":"Apotheosis","floor":10.0,"key":"SMITH"},{"data":"Thunderclap","floor":15.0,"key":"SMITH"}],"circlet_count":0,"master_deck":["AscendersBane","Strike_R","Strike_R","Strike_R","Strike_R","Strike_R","Defend_R","Defend_R","Defend_R","Defend_R","Bash","Apotheosis+1","Shockwave","Intimidate","Infernal Blade","Inflame","Exhume","Thunderclap+1","Flame Barrier","Dark Embrace","Headbutt","Clash","Limit Break","Anger+1","Flex"],"relics":["Burning Blood","WarpedTongs","Anchor","Eternal Feather","Prayer Wheel","Bottled Flame","SlaversCollar"],"acts_visited":["Exordium","TheCity"],"potions_floor_usage":[20,20],"damage_taken":[{"damage":6.0,"enemies":"Cultist","floor":1.0,"turns":3.0},{"damage":5.0,"enemies":"Jaw Worm","floor":2.0,"turns":4.0},{"damage":6.0,"enemies":"Small Slimes","floor":3.0,"turns":5.0},{"damage":15.0,"enemies":"3 Louse","floor":4.0,"turns":3.0},{"damage":26.0,"enemies":"3 Sentries","floor":6.0,"turns":9.0},{"damage":4.0,"enemies":"Blue Slaver","floor":7.0,"turns":3.0},{"damage":17.0,"enemies":"Gremlin Nob","floor":11.0,"turns":4.0},{"damage":9.0,"enemies":"Exordium Thugs","floor":12.0,"turns":3.0},{"damage":17.0,"enemies":"3 Sentries","floor":13.0,"turns":7.0},{"damage":2.0,"enemies":"2 Fungi Beasts","floor":14.0,"turns":2.0},{"damage":26.0,"enemies":"Hexaghost","floor":16.0,"turns":10.0},{"damage":51.0,"enemies":"Shell Parasite","floor":18.0,"turns":7.0},{"damage":18,"enemies":"2 Thieves","floor":20,"turns":4},{"damage":21,"enemies":"3 Cultists","floor":21,"turns":3}],"seed_played":"-9216102703231261864","potions_obtained":[{"floor":3.0,"key":"AttackPotion"},{"floor":4.0,"key":"EssenceOfSteel"},{"floor":6.0,"key":"SteroidPotion"},{"floor":14.0,"key":"ElixirPotion"},{"floor":16.0,"key":"BlessingOfTheForge"},{"floor":18.0,"key":"PowerPotion"}],"is_trial":false,"path_per_floor":["M","M","M","M","?","E","M","$","T","R","E","M","E","M","R","B",null,"M","?","M","M"],"character_chosen":"IRONCLAD","items_purchased":["EntropicBrew"],"campfire_rested":0,"item_purchase_floors":[8],"current_hp_per_floor":[72,72,72,63,63,43,45,45,45,54,43,40,29,33,45,25,60,29,29,17,0,0],"gold":229,"neow_bonus":"RANDOM_COLORLESS_2","is_daily":false,"chose_seed":false,"campfire_upgraded":2,"win_rate":0.0,"timestamp":1607771709,"path_taken":["M","M","?","M","?","E","M","$","T","R","E","M","E","M","R","BOSS","M","?","M","M"],"items_purchased_type":["Potion"],"build_version":"2020-11-30","purchased_purges":1,"victory":false,"max_hp_per_floor":[72,72,72,72,72,72,72,72,72,72,72,72,72,72,72,72,72,72,72,72,72,72],"card_choices":[{"not_picked":["Metamorphosis","Thinking Ahead"],"picked":"Apotheosis","floor":0.0},{"not_picked":["Dual Wield","Body Slam"],"picked":"Shockwave","floor":1.0},{"not_picked":["True Grit","Headbutt"],"picked":"Intimidate","floor":2.0},{"not_picked":["Shrug It Off","Combust"],"picked":"Infernal Blade","floor":3.0},{"not_picked":["Flex","Armaments"],"picked":"Inflame","floor":4.0},{"not_picked":["Second Wind","True Grit","Twin Strike"],"picked":"SKIP","floor":6.0},{"not_picked":["Flex","Body Slam"],"picked":"Exhume","floor":7.0},{"not_picked":["Clash","Wild Strike"],"picked":"Thunderclap","floor":11.0},{"not_picked":["Heavy Blade","Havoc"],"picked":"Flame Barrier","floor":12.0},{"not_picked":["Shrug It Off","Bloodletting"],"picked":"Dark Embrace","floor":12.0},{"not_picked":["Armaments","Power Through"],"picked":"Headbutt","floor":13.0},{"not_picked":["Shrug It Off","Warcry"],"picked":"Clash","floor":14.0},{"not_picked":["Combust","Clothesline","Dual Wield"],"picked":"SKIP","floor":14.0},{"not_picked":["Double Tap","Brutality"],"picked":"Limit Break","floor":16.0},{"not_picked":["Flex+1","Heavy Blade+1"],"picked":"Anger+1","floor":18.0},{"not_picked":["Sword Boomerang","Twin Strike"],"picked":"Flex","floor":18.0},{"not_picked":["Body Slam","Havoc","True Grit"],"picked":"SKIP","floor":20},{"not_picked":["Wild Strike","Anger","Iron Wave"],"picked":"SKIP","floor":20}],"player_experience":1911743,"relics_obtained":[{"floor":6.0,"key":"Anchor"},{"floor":9.0,"key":"Eternal Feather"},{"floor":11.0,"key":"Prayer Wheel"},{"floor":13.0,"key":"Bottled Flame"}],"event_choices":[{"damage_healed":0.0,"max_hp_gain":0.0,"max_hp_loss":0.0,"gold_gain":0.0,"event_name":"Accursed Blacksmith","player_choice":"Rummage","floor":5.0,"gold_loss":0.0,"damage_taken":0.0,"relics_obtained":["WarpedTongs"],"cards_obtained":["Pain"]},{"damage_healed":0.0,"max_hp_gain":0.0,"max_hp_loss":0.0,"gold_gain":0.0,"event_name":"Cursed Tome","player_choice":"Ignored","floor":19.0,"gold_loss":0.0,"damage_taken":0.0}],"is_beta":false,"boss_relics":[{"not_picked":["Fusion Hammer","Mark of Pain"],"picked":"SlaversCollar"}],"items_purged_floors":[8],"is_endless":false,"potions_floor_spawned":[3,4,6,11,14,16,18],"killed_by":"3 Cultists","ascension_level":11}}