{"host":"4np54w3ai1r5lqo1","time":1607780624,"event":{"mods":["BaseMod","Colored Map","Minty Spire (QoL Compilation)"],"gold_per_floor":[112,132,132,149,149,176,176,194,194,204,221,221,71,71,71,171,171,191,206,206,222,233,233,252,252,252],"floor_reached":25,"playtime":754,"items_purged":[],"score":279,"play_id":"f79473f3-1e15-42d5-9f12-b1213ed4c68a","local_time":"20201212114344","is_ascension_mode":true,"campfire_choices":[{"data":"Storm of Steel","floor":7,"key":"SMITH"},{"floor":12,"key":"REST"},{"data":"Choke","floor":15,"key":"SMITH"},{"data":"Blade Dance","floor":23,"key":"SMITH"}],"circlet_count":0,"master_deck":["Strike_G","Strike_G","Strike_G","Strike_G","Strike_G","Defend_G","Defend_G","Defend_G","Defend_G","Defend_G","Survivor","Neutralize","Storm of Steel+1","Bouncing Flask+1","Quick Slash","Deadly Poison","Flying Knee","Choke+1","Backflip","After Image","Quick Slash","Reflex","Blade Dance+1","Envenom"],"relics":["Ring of the Snake","Toy Ornithopter","Bag of Preparation","Lee\u0027s Waffle","Pear","WristBlade"],"acts_visited":["Exordium","TheCity"],"potions_floor_usage":[16,16,25,25],"damage_taken":[{"damage":0,"enemies":"Cultist","floor":1,"turns":4},{"damage":6,"enemies":"2 Louse","floor":2,"turns":3},{"damage":10,"enemies":"Small Slimes","floor":4,"turns":4},{"damage":32,"enemies":"3 Sentries","floor":6,"turns":9},{"damage":6,"enemies":"Exordium Wildlife","floor":8,"turns":2},{"damage":1,"enemies":"Looter","floor":10,"turns":3},{"damage":0,"enemies":"Gremlin Gang","floor":11,"turns":3},{"damage":14,"enemies":"The Guardian","floor":16,"turns":9},{"damage":0,"enemies":"Chosen","floor":18,"turns":1},{"damage":21,"enemies":"Spheric Guardian","floor":19,"turns":5},{"damage":8,"enemies":"Snecko","floor":21,"turns":4},{"damage":0,"enemies":"Shelled Parasite and Fungi","floor":22,"turns":1},{"damage":0,"enemies":"3 Cultists","floor":24,"turns":3},{"damage":58,"enemies":"Book of Stabbing","floor":25,"turns":4}],"seed_played":"-3106665747272343240","potions_obtained":[{"floor":4,"key":"Strength Potion"},{"floor":8,"key":"CunningPotion"},{"floor":10,"key":"SneckoOil"},{"floor":24,"key":"Poison Potion"}],"is_trial":false,"path_per_floor":["M","M","?","M","?","E","R","M","T","M","M","R","$","?","R","B",null,"M","M","?","M","M","R","M","E"],"character_chosen":"THE_SILENT","items_purchased":["Lee\u0027s Waffle"],"campfire_rested":1,"item_purchase_floors":[13],"current_hp_per_floor":[63,57,57,47,47,15,15,9,9,8,8,26,70,77,77,66,77,77,56,56,48,48,48,48,0,0],"gold":252,"neow_bonus":"THREE_RARE_CARDS","is_daily":false,"chose_seed":false,"campfire_upgraded":3,"win_rate":0.0,"timestamp":1607780624,"path_taken":["M","?","?","M","?","E","R","M","T","M","M","R","?","?","R","BOSS","M","M","?","M","M","R","?","E"],"items_purchased_type":["Relic"],"build_version":"2020-11-30","purchased_purges":0,"victory":false,"max_hp_per_floor":[63,63,63,63,63,63,63,63,63,63,63,63,70,80,80,80,80,80,80,80,80,80,80,80,80,80],"card_choices":[{"not_picked":["Wraith Form v2","Adrenaline"],"picked":"Storm of Steel","floor":0},{"not_picked":["Deflect","Setup"],"picked":"Bouncing Flask","floor":1},{"not_picked":["Outmaneuver","Backflip"],"picked":"Quick Slash","floor":2},{"not_picked":["Dagger Spray","Eviscerate"],"picked":"Deadly Poison","floor":4},{"not_picked":["Dagger Throw","Backflip"],"picked":"Flying Knee","floor":6},{"not_picked":["All Out Attack","Bane"],"picked":"Choke","floor":8},{"not_picked":["Acrobatics","Deadly Poison"],"picked":"Backflip","floor":10},{"not_picked":["Prepared","Underhanded Strike","Dagger Spray"],"picked":"SKIP","floor":11},{"not_picked":["Corpse Explosion","Phantasmal Killer"],"picked":"After Image","floor":16},{"not_picked":["Bane","Prepared"],"picked":"Quick Slash","floor":18},{"not_picked":["Predator","Cloak And Dagger"],"picked":"Reflex","floor":19},{"not_picked":["Backflip+1","Deadly Poison"],"picked":"Blade Dance","floor":21},{"not_picked":["Dagger Throw","Bouncing Flask","Bane"],"picked":"SKIP","floor":22},{"not_picked":["Backflip","Deflect+1"],"picked":"Envenom","floor":24}],"player_experience":451678,"relics_obtained":[{"floor":6,"key":"Toy Ornithopter"},{"floor":9,"key":"Bag of Preparation"}],"event_choices":[{"damage_healed":0,"gold_gain":0,"player_choice":"Grow","damage_taken":0,"max_hp_gain":0,"max_hp_loss":0,"event_name":"Living Wall","floor":3,"gold_loss":0,"cards_upgraded":["Bouncing Flask"]},{"damage_healed":0,"gold_gain":0,"player_choice":"Ignored","damage_taken":0,"max_hp_gain":0,"max_hp_loss":0,"event_name":"Liars Game","floor":5,"gold_loss":0},{"damage_healed":0,"gold_gain":0,"player_choice":"Success","damage_taken":3,"relics_obtained":["Pear"],"max_hp_gain":0,"max_hp_loss":0,"event_name":"Scrap Ooze","floor":14,"gold_loss":0},{"damage_healed":0,"gold_gain":0,"player_choice":"Ignored","damage_taken":0,"max_hp_gain":0,"max_hp_loss":0,"event_name":"N\u0027loth","floor":20,"gold_loss":0}],"is_beta":false,"boss_relics":[{"not_picked":["Black Star","Velvet Choker"],"picked":"WristBlade"}],"items_purged_floors":[],"is_endless":false,"potions_floor_spawned":[4,8,10,24],"killed_by":"Book of Stabbing","ascension_level":7}}