{"host":"bf1tnxyvjw6wp3cl","time":1607816714,"event":{"mods":["AchievementEnabler","BaseMod","Block Reminder","Colored Powertips","Minty Spire (QoL Compilation)","Quick Restart","Relic Stats","StSLib","SuperFastMode"],"gold_per_floor":[114,114,90,165,179,179,212,487,487,501,215,229,248,248,248,347,347,357,264,276,290,290,290,315,325,325,325,179,179,179,104,104,209,209,223,142,192,192,124,124,154,154,154,154,79,97,131,151,151,151],"floor_reached":51,"playtime":1538,"items_purged":["Writhe"],"score":819,"play_id":"92e720d6-7904-4b2e-97e8-0c0dbb3598f7","local_time":"20201212184514","is_ascension_mode":false,"campfire_choices":[{"data":"Cloak And Dagger","floor":6.0,"key":"SMITH"},{"floor":15.0,"key":"REST"},{"data":"Accuracy","floor":23,"key":"SMITH"},{"floor":27,"key":"REST"},{"data":"Accuracy","floor":30,"key":"SMITH"},{"data":"After Image","floor":32,"key":"SMITH"},{"data":"Envenom","floor":40,"key":"SMITH"},{"data":"Tools of the Trade","floor":42,"key":"SMITH"},{"floor":49,"key":"REST"}],"circlet_count":0,"master_deck":["Strike_G","Strike_G","Strike_G","Strike_G","Strike_G","Defend_G","Defend_G","Defend_G","Defend_G","Defend_G","Neutralize+1","Blade Dance","Dagger Throw","Cloak And Dagger+1","Blade Dance","Accuracy+1","Terror","After Image+1","Deflect","Blade Dance","Well Laid Plans","PiercingWail","Blur","Accuracy+1","Blade Dance","Infinite Blades","Deflect","Infinite Blades","Tools of the Trade+1","Infinite Blades","Infinite Blades","Envenom+1","After Image","Dodge and Roll+1","Storm of Steel"],"relics":["Ring of the Snake","Singing Bowl","Dream Catcher","Oddly Smooth Stone","Gambling Chip","WristBlade","Sundial","StoneCalendar","Empty Cage","Torii","Pear","TungstenRod","Du-Vu Doll"],"acts_visited":["Exordium","TheCity","TheBeyond"],"potions_floor_usage":[20,33,41,50,50],"damage_taken":[{"damage":1.0,"enemies":"Cultist","floor":1.0,"turns":4.0},{"damage":0.0,"enemies":"Jaw Worm","floor":5.0,"turns":3.0},{"damage":28.0,"enemies":"3 Sentries","floor":7.0,"turns":9.0},{"damage":0.0,"enemies":"2 Louse","floor":10.0,"turns":2.0},{"damage":0.0,"enemies":"Exordium Thugs","floor":12.0,"turns":3.0},{"damage":1.0,"enemies":"Red Slaver","floor":13.0,"turns":3.0},{"damage":21.0,"enemies":"Slime Boss","floor":16.0,"turns":9.0},{"damage":0,"enemies":"Chosen","floor":18,"turns":3},{"damage":0,"enemies":"Shell Parasite","floor":20,"turns":1},{"damage":10,"enemies":"Sentry and Sphere","floor":21,"turns":4},{"damage":3,"enemies":"Book of Stabbing","floor":24,"turns":4},{"damage":16,"enemies":"Snecko","floor":25,"turns":4},{"damage":12,"enemies":"Collector","floor":33,"turns":7},{"damage":2,"enemies":"Orb Walker","floor":35,"turns":3},{"damage":2,"enemies":"Mind Bloom Boss Battle","floor":37,"turns":4},{"damage":20,"enemies":"Nemesis","floor":41,"turns":7},{"damage":13,"enemies":"3 Darklings","floor":46,"turns":4},{"damage":25,"enemies":"Reptomancer","floor":47,"turns":7},{"damage":34,"enemies":"Writhing Mass","floor":48,"turns":3},{"damage":37,"enemies":"Donu and Deca","floor":50,"turns":8}],"seed_played":"-5327320764818828583","potions_obtained":[{"floor":12.0,"key":"AttackPotion"},{"floor":13.0,"key":"Ancient Potion"},{"floor":16.0,"key":"AttackPotion"},{"floor":20,"key":"Ancient Potion"},{"floor":33,"key":"Block Potion"},{"floor":46,"key":"Dexterity Potion"},{"floor":48,"key":"PowerPotion"}],"is_trial":false,"path_per_floor":["M","?","$","?","M","R","E","?","T","M","$","M","M","$","R","B",null,"M","$","M","M","?","R","E","M","T","R","$","?","R","?","R","B",null,"M","$","?","?","$","R","E","R","T","?","$","M","E","M","R","B",null],"character_chosen":"THE_SILENT","items_purchased":["Dagger Throw","Gambling Chip","Blade Dance","Well Laid Plans","Blade Dance","Infinite Blades","Deflect","Infinite Blades","Envenom"],"campfire_rested":3,"item_purchase_floors":[3,11,19,19,28,28,28,36,39],"current_hp_per_floor":[69,66,66,55,55,55,27,27,27,27,27,29,28,28,49,28,72,72,72,72,64,64,64,63,47,47,69,69,69,69,69,69,57,76,74,74,74,74,74,74,64,64,64,86,86,73,48,16,45,8],"gold":151,"neow_bonus":"UPGRADE_CARD","is_daily":false,"chose_seed":false,"campfire_upgraded":6,"win_rate":0.0,"timestamp":1607816714,"path_taken":["M","?","$","?","M","R","E","?","T","M","$","?","M","?","R","BOSS","M","$","M","M","?","R","E","M","T","R","$","?","R","?","R","BOSS","M","$","?","?","$","R","E","R","T","?","?","M","E","M","R","BOSS"],"items_purchased_type":["Card","Relic","Card","Card","Card","Card","Card","Card","Card"],"build_version":"2020-11-30","purchased_purges":1,"victory":true,"max_hp_per_floor":[70,70,70,70,70,70,70,70,70,70,70,72,72,72,72,72,72,72,72,72,74,74,74,76,76,76,76,76,76,76,76,76,76,76,76,76,78,78,78,78,88,88,88,88,88,88,88,90,92,92],"relic_stats":{"Dream Catcher":3,"Singing Bowl":12,"Torii":7,"counters":[20,92],"Sundial":[2],"Gambling Chip":[40],"StoneCalendar":[76],"obtain_stats":[{"Pear":41,"Singing Bowl":2,"Torii":37,"Oddly Smooth Stone":9,"StoneCalendar":26,"Empty Cage":34,"Du-Vu Doll":47,"Dream Catcher":7,"WristBlade":17,"Sundial":24,"Gambling Chip":11,"TungstenRod":43,"Ring of the Snake":0},{"Pear":16,"Singing Bowl":1,"Torii":15,"Oddly Smooth Stone":3,"StoneCalendar":12,"Empty Cage":13,"Du-Vu Doll":18,"Dream Catcher":3,"WristBlade":7,"Sundial":11,"Gambling Chip":4,"TungstenRod":16,"Ring of the Snake":0},{"Pear":70,"Singing Bowl":4,"Torii":63,"Oddly Smooth Stone":16,"StoneCalendar":49,"Empty Cage":56,"Du-Vu Doll":81,"Dream Catcher":16,"WristBlade":33,"Sundial":45,"Gambling Chip":18,"TungstenRod":70,"Ring of the Snake":0}],"TungstenRod":16,"Ring of the Snake":[40]},"card_choices":[{"not_picked":["Slice","PiercingWail"],"picked":"Blade Dance","floor":1.0},{"not_picked":["Noxious Fumes","Blur"],"picked":"Cloak And Dagger","floor":5.0},{"not_picked":["Deflect","Reflex"],"picked":"Blade Dance","floor":7.0},{"not_picked":["Flying Knee","Noxious Fumes"],"picked":"Accuracy","floor":10.0},{"not_picked":["Calculated Gamble","Noxious Fumes","Deadly Poison"],"picked":"Singing Bowl","floor":12.0},{"not_picked":["Slice","Dodge and Roll"],"picked":"Terror","floor":13.0},{"not_picked":["Dodge and Roll","Acrobatics"],"picked":"Prepared","floor":15.0},{"not_picked":["Tools of the Trade","Envenom"],"picked":"After Image","floor":16.0},{"not_picked":["Sucker Punch","Distraction"],"picked":"Deflect","floor":18},{"not_picked":["Eviscerate+1","Concentrate"],"picked":"PiercingWail","floor":20},{"not_picked":["Poisoned Stab","Concentrate+1","Underhanded Strike"],"picked":"Singing Bowl","floor":21},{"not_picked":["Bane","Underhanded Strike","Setup"],"picked":"Singing Bowl","floor":24},{"not_picked":["Backflip","Leg Sweep"],"picked":"Blur","floor":25},{"not_picked":["Dagger Spray","Predator+1"],"picked":"Accuracy","floor":27},{"not_picked":["Grand Finale","Malaise"],"picked":"Tools of the Trade","floor":33},{"not_picked":["Dagger Throw","Crippling Poison+1"],"picked":"Infinite Blades","floor":35},{"not_picked":["Acrobatics+1","Concentrate+1","Slice+1"],"picked":"Singing Bowl","floor":37},{"not_picked":["Dodge and Roll","Dagger Spray+1"],"picked":"After Image","floor":41},{"not_picked":["Underhanded Strike+1","Backflip+1"],"picked":"Dodge and Roll+1","floor":46},{"not_picked":["Night Terror","Terror+1"],"picked":"Storm of Steel","floor":47},{"not_picked":["Concentrate+1","Poisoned Stab","Dagger Spray"],"picked":"Singing Bowl","floor":48},{"not_picked":["Flechettes","Distraction","Poisoned Stab+1"],"picked":"Singing Bowl","floor":49}],"player_experience":145841,"relics_obtained":[{"floor":7.0,"key":"Dream Catcher"},{"floor":9.0,"key":"Oddly Smooth Stone"},{"floor":24,"key":"Sundial"},{"floor":26,"key":"StoneCalendar"},{"floor":37,"key":"Torii"},{"floor":41,"key":"Pear"},{"floor":43,"key":"TungstenRod"},{"floor":47,"key":"Du-Vu Doll"}],"event_choices":[{"damage_healed":0.0,"max_hp_gain":0.0,"max_hp_loss":0.0,"gold_gain":0.0,"event_name":"Scrap Ooze","player_choice":"Success","floor":2.0,"gold_loss":0.0,"damage_taken":3.0,"relics_obtained":["Singing Bowl"]},{"damage_healed":0.0,"max_hp_gain":0.0,"max_hp_loss":0.0,"gold_gain":75.0,"event_name":"World of Goop","player_choice":"Gather Gold","floor":4.0,"gold_loss":0.0,"damage_taken":11.0},{"damage_healed":0.0,"max_hp_gain":0.0,"max_hp_loss":0.0,"gold_gain":275.0,"event_name":"Golden Shrine","player_choice":"Desecrate","floor":8.0,"gold_loss":0.0,"damage_taken":0.0,"cards_obtained":["Regret"]},{"damage_healed":0,"gold_gain":0,"player_choice":"Ignored","damage_taken":0,"max_hp_gain":0,"max_hp_loss":0,"event_name":"Vampires","floor":22,"gold_loss":0},{"damage_healed":0,"gold_gain":0,"player_choice":"Read","damage_taken":0,"max_hp_gain":0,"max_hp_loss":0,"event_name":"The Library","floor":29,"gold_loss":0,"cards_obtained":["Infinite Blades"]},{"cards_removed":["Regret"],"damage_healed":0,"gold_gain":0,"player_choice":"Gave Gold","damage_taken":0,"max_hp_gain":0,"max_hp_loss":0,"event_name":"Beggar","floor":31,"gold_loss":75},{"damage_healed":0,"gold_gain":0,"player_choice":"Fight","damage_taken":0,"max_hp_gain":0,"max_hp_loss":0,"event_name":"MindBloom","floor":37,"gold_loss":0},{"damage_healed":0,"gold_gain":0,"player_choice":"Ignored","damage_taken":0,"max_hp_gain":0,"max_hp_loss":0,"event_name":"Tomb of Lord Red Mask","floor":38,"gold_loss":0},{"damage_healed":22,"gold_gain":0,"player_choice":"Writhe","damage_taken":0,"max_hp_gain":0,"max_hp_loss":0,"event_name":"Winding Halls","floor":44,"gold_loss":0,"cards_obtained":["Writhe"]}],"is_beta":false,"boss_relics":[{"not_picked":["Cursed Key","Velvet Choker"],"picked":"WristBlade"},{"not_picked":["SlaversCollar","Pandora\u0027s Box"],"picked":"Empty Cage"}],"items_purged_floors":[45],"is_endless":false,"potions_floor_spawned":[12,13,16,18,20,33,46,48],"ascension_level":0}}