{"host":"wvcyfzs99um8is6a","time":1607741469,"event":{"mods":["AchievementEnabler","BaseMod","Colored Map","Colored Powertips","Highlight Path","Minty Spire (QoL Compilation)","Random Character Button","Relic Filter","StSLib","SuperFastMode"],"gold_per_floor":[119,134,149,74,74,74,94,111,134,134,46,46,65,75,75,180,180,194,194,144,158,158,158,171,186,186,266,282,310,310,260,260,356,356,369,386,257,257,272,272,297,297,297,315,315,315,331,349,349,349,349],"floor_reached":50,"playtime":5319,"items_purged":["Strike_B","Defend_B","Strike_B","Defend_B+1","Defragment"],"score":511,"play_id":"26a11e81-9f6c-43d3-a422-e98b7b42bd27","local_time":"20201211215109","is_ascension_mode":false,"campfire_choices":[{"data":"Dualcast","floor":6,"key":"SMITH"},{"data":"Chill","floor":10,"key":"SMITH"},{"data":"BootSequence","floor":15,"key":"SMITH"},{"data":"Thunder Strike","floor":23,"key":"SMITH"},{"data":"Buffer","floor":30,"key":"SMITH"},{"floor":32,"key":"REST"},{"data":"Echo Form","floor":40,"key":"SMITH"},{"floor":42,"key":"REST"},{"data":"Zap","floor":46,"key":"SMITH"},{"floor":49,"key":"REST"}],"circlet_count":0,"master_deck":["Defend_B+1","Defend_B+1","Zap+1","Dualcast+1","BootSequence+1","Chill+1","Static Discharge","Thunder Strike+1","Capacitor","Scrape+1","Buffer+1","Echo Form+1","Master of Strategy","Clumsy","Zap+1","Genetic Algorithm","Rebound","Self Repair+1","Parasite"],"relics":["Cracked Core","Smiling Mask","Singing Bowl","Empty Cage","FrozenCore","Symbiotic Virus","Pen Nib","Black Star","Akabeko","Pocketwatch"],"acts_visited":["Exordium","TheCity","TheBeyond"],"potions_floor_usage":[16,48,50,50],"damage_taken":[{"damage":0,"enemies":"Cultist","floor":1,"turns":3},{"damage":0,"enemies":"Small Slimes","floor":2,"turns":3},{"damage":1,"enemies":"Jaw Worm","floor":3,"turns":2},{"damage":0,"enemies":"Looter","floor":7,"turns":3},{"damage":2,"enemies":"Blue Slaver","floor":8,"turns":4},{"damage":2,"enemies":"Red Slaver","floor":13,"turns":3},{"damage":3,"enemies":"Looter","floor":14,"turns":3},{"damage":31,"enemies":"Slime Boss","floor":16,"turns":11},{"damage":7,"enemies":"Spheric Guardian","floor":18,"turns":5},{"damage":6,"enemies":"Shell Parasite","floor":21,"turns":5},{"damage":18,"enemies":"Snecko","floor":24,"turns":5},{"damage":0,"enemies":"Centurion and Healer","floor":25,"turns":7},{"damage":0,"enemies":"Chosen and Byrds","floor":28,"turns":5},{"damage":19,"enemies":"Gremlin Leader","floor":29,"turns":5},{"damage":36,"enemies":"Champ","floor":33,"turns":9},{"damage":16,"enemies":"3 Darklings","floor":35,"turns":4},{"damage":0,"enemies":"Orb Walker","floor":36,"turns":4},{"damage":9,"enemies":"3 Darklings","floor":39,"turns":6},{"damage":59,"enemies":"Reptomancer","floor":41,"turns":5},{"damage":0,"enemies":"Jaw Worm Horde","floor":44,"turns":5},{"damage":22,"enemies":"Transient","floor":47,"turns":5},{"damage":11,"enemies":"Writhing Mass","floor":48,"turns":7},{"damage":72,"enemies":"Donu and Deca","floor":50,"turns":6}],"seed_played":"-3789729631418302914","potions_obtained":[{"floor":7,"key":"Regen Potion"},{"floor":8,"key":"Block Potion"},{"floor":13,"key":"Energy Potion"},{"floor":24,"key":"FearPotion"},{"floor":33,"key":"Ancient Potion"}],"is_trial":false,"path_per_floor":["M","M","M","$","?","R","M","M","T","R","$","?","M","M","R","B",null,"M","?","$","M","?","R","M","M","T","T","M","E","R","$","R","B",null,"M","M","$","?","M","R","E","R","T","M","?","R","M","M","R","B"],"character_chosen":"DEFECT","items_purchased":["Static Discharge","Echo Form"],"campfire_rested":3,"item_purchase_floors":[11,37],"current_hp_per_floor":[75,75,74,74,74,74,74,72,72,72,72,69,69,68,68,37,79,72,72,72,68,68,68,52,52,52,52,54,35,35,35,60,26,87,71,73,73,73,66,66,9,36,36,38,38,38,16,29,58,0,0],"gold":349,"neow_bonus":"UPGRADE_CARD","is_daily":false,"chose_seed":false,"campfire_upgraded":7,"win_rate":0.0,"timestamp":1607741469,"path_taken":["M","M","M","$","?","R","M","M","T","R","$","?","M","M","R","BOSS","M","?","$","M","?","R","M","M","T","?","M","E","R","$","R","BOSS","M","M","$","?","M","R","E","R","T","M","?","R","?","M","R","BOSS"],"items_purchased_type":["Card","Card"],"build_version":"2020-11-30","purchased_purges":5,"victory":false,"max_hp_per_floor":[75,75,75,75,75,75,75,75,75,75,75,75,77,79,79,79,79,79,79,79,81,81,81,83,83,83,83,85,85,85,85,85,87,87,87,89,89,89,91,91,93,93,93,95,95,95,95,97,97,97,97],"card_choices":[{"not_picked":["Coolheaded","Conserve Battery","Turbo"],"picked":"SKIP","floor":1},{"not_picked":["Conserve Battery","Skim","Chaos"],"picked":"SKIP","floor":2},{"not_picked":["Darkness","Stack"],"picked":"BootSequence","floor":3},{"not_picked":["Redo","Coolheaded"],"picked":"Chill","floor":7},{"not_picked":["Scrape","Steam","Rebound"],"picked":"SKIP","floor":8},{"not_picked":["Sweeping Beam","Gash","Aggregate"],"picked":"Singing Bowl","floor":13},{"not_picked":["Turbo","Tempest","Skim"],"picked":"Singing Bowl","floor":14},{"not_picked":["Rainbow","Biased Cognition"],"picked":"Thunder Strike","floor":16},{"not_picked":["Blizzard+1","Leap"],"picked":"Capacitor","floor":18},{"not_picked":["Auto Shields","Gash+1","Capacitor"],"picked":"Singing Bowl","floor":21},{"not_picked":["Rebound","Hologram","Redo"],"picked":"Singing Bowl","floor":24},{"not_picked":["Sweeping Beam","Steam Power"],"picked":"Scrape+1","floor":25},{"not_picked":["Leap","Beam Cell+1","Reinforced Body"],"picked":"Singing Bowl","floor":28},{"not_picked":["Heatsinks","Conserve Battery+1"],"picked":"Buffer","floor":29},{"not_picked":["Seek","Thunder Strike","Hyperbeam"],"picked":"Singing Bowl","floor":33},{"not_picked":["Conserve Battery+1","Compile Driver+1"],"picked":"Defragment","floor":35},{"not_picked":["Cold Snap","Beam Cell+1","Steam Power"],"picked":"Singing Bowl","floor":36},{"not_picked":["Mind Blast","Good Instincts"],"picked":"Master of Strategy","floor":38},{"not_picked":["Compile Driver+1","Lockon","Barrage+1"],"picked":"Singing Bowl","floor":39},{"not_picked":["Rebound","Coolheaded+1","Conserve Battery+1"],"picked":"Singing Bowl","floor":41},{"not_picked":["Leap","Coolheaded+1","Aggregate"],"picked":"Singing Bowl","floor":44},{"not_picked":["Ball Lightning+1","Steam Power+1"],"picked":"Self Repair+1","floor":47},{"not_picked":["Coolheaded+1","Meteor Strike","Steam"],"picked":"Singing Bowl","floor":48}],"player_experience":984984,"relics_obtained":[{"floor":9,"key":"Smiling Mask"},{"floor":26,"key":"FrozenCore"},{"floor":27,"key":"Symbiotic Virus"},{"floor":29,"key":"Pen Nib"},{"floor":41,"key":"Akabeko"},{"floor":41,"key":"Pocketwatch"}],"event_choices":[{"damage_healed":0,"gold_gain":0,"player_choice":"Ignored","damage_taken":0,"max_hp_gain":0,"max_hp_loss":0,"event_name":"Liars Game","floor":5,"gold_loss":0},{"damage_healed":0,"gold_gain":0,"player_choice":"Success","damage_taken":3,"relics_obtained":["Singing Bowl"],"max_hp_gain":0,"max_hp_loss":0,"event_name":"Scrap Ooze","floor":12,"gold_loss":0},{"damage_healed":0,"gold_gain":0,"player_choice":"Ignored","damage_taken":0,"max_hp_gain":0,"max_hp_loss":0,"event_name":"Vampires","floor":19,"gold_loss":0},{"damage_healed":0,"gold_gain":0,"player_choice":"Simplicity","damage_taken":0,"max_hp_gain":0,"max_hp_loss":0,"event_name":"Back to Basics","floor":22,"gold_loss":0,"cards_upgraded":["Defend_B","Defend_B","Defend_B"]},{"damage_healed":0,"gold_gain":0,"player_choice":"Memory 1","damage_taken":0,"max_hp_gain":0,"max_hp_loss":0,"event_name":"SensoryStone","floor":38,"gold_loss":0},{"damage_healed":0,"gold_gain":0,"player_choice":"4 cards matched","damage_taken":0,"max_hp_gain":0,"max_hp_loss":0,"event_name":"Match and Keep!","floor":45,"gold_loss":0,"cards_obtained":["Clumsy","Zap","Genetic Algorithm","Rebound"]}],"is_beta":false,"boss_relics":[{"not_picked":["Sozu","Philosopher\u0027s Stone"],"picked":"Empty Cage"},{"not_picked":["Cursed Key","SacredBark"],"picked":"Black Star"}],"items_purged_floors":[4,11,20,31,37],"is_endless":false,"potions_floor_spawned":[7,8,13,14,24,28,33,36,44,47],"killed_by":"Donu and Deca","ascension_level":0}}