{"host":"jksa5rawk3m4gilz","time":1607779906,"event":{"mods":["BaseMod","Colored Map","Highlight Path","Minty Spire (QoL Compilation)","Quick Restart"],"gold_per_floor":[114,133,208,208,223,254,265,265,265,293,293,293,327,327,327,453,453,468,488,504,504,520,558,558,596,596,596,596,609,609,640,640,771,771,790,809,824,843,843,879,879,879,879],"floor_reached":42,"playtime":1814,"items_purged":[],"score":1094,"play_id":"8bb4ad07-1b78-4c45-8970-969a97ac4b79","local_time":"20201212143146","is_ascension_mode":true,"campfire_choices":[{"floor":8,"key":"REST"},{"floor":12,"key":"REST"},{"data":"Eruption","floor":15,"key":"SMITH"},{"floor":24,"key":"REST"},{"floor":27,"key":"REST"},{"floor":30,"key":"REST"},{"floor":32,"key":"REST"},{"floor":41,"key":"REST"}],"circlet_count":0,"master_deck":["AscendersBane","Strike_P+1","Strike_P","Strike_P+1","Defend_P+1","Defend_P","Defend_P+1","Defend_P+1","Eruption+1","Vigilance+1","FearNoEvil+1","FlurryOfBlows","EmptyFist","Indignation","Ragnarok","Tantrum","FearNoEvil","LessonLearned","Scrawl+1","Conclude","Wallop","MentalFortress+1","Swivel+1","MentalFortress+1","Pain","Blasphemy","Halt","ClearTheMind","Meditate+1","Parasite"],"relics":["HolyWater","NeowsBlessing","Blue Candle","Matryoshka","StrikeDummy","Strawberry","Golden Idol","War Paint","HornCleat","Damaru","Bottled Lightning","WarpedTongs","Centennial Puzzle","SacredBark","CaptainsWheel"],"acts_visited":["Exordium","TheCity","TheBeyond"],"potions_floor_usage":[23,33],"damage_taken":[{"damage":0,"enemies":"Jaw Worm","floor":1,"turns":1},{"damage":0,"enemies":"2 Louse","floor":2,"turns":1},{"damage":0,"enemies":"Small Slimes","floor":5,"turns":1},{"damage":0,"enemies":"3 Sentries","floor":6,"turns":5},{"damage":17,"enemies":"3 Louse","floor":7,"turns":3},{"damage":0,"enemies":"Lagavulin","floor":10,"turns":4},{"damage":0,"enemies":"Gremlin Nob","floor":13,"turns":2},{"damage":0,"enemies":"Slime Boss","floor":16,"turns":7},{"damage":0,"enemies":"Spheric Guardian","floor":18,"turns":2},{"damage":0,"enemies":"2 Thieves","floor":19,"turns":1},{"damage":21,"enemies":"Snake Plant","floor":20,"turns":4},{"damage":26,"enemies":"Snecko","floor":22,"turns":4},{"damage":0,"enemies":"Gremlin Leader","floor":23,"turns":4},{"damage":23,"enemies":"Slavers","floor":25,"turns":4},{"damage":16,"enemies":"Centurion and Healer","floor":29,"turns":5},{"damage":41,"enemies":"Book of Stabbing","floor":31,"turns":4},{"damage":3,"enemies":"Collector","floor":33,"turns":4},{"damage":0,"enemies":"Orb Walker","floor":35,"turns":2},{"damage":0,"enemies":"3 Darklings","floor":36,"turns":2},{"damage":10,"enemies":"Sphere and 2 Shapes","floor":37,"turns":4},{"damage":10,"enemies":"Maw","floor":38,"turns":7},{"damage":16,"enemies":"Giant Head","floor":40,"turns":6},{"damage":64,"enemies":"Writhing Mass","floor":42,"turns":5}],"seed_played":"961182745139844857","potions_obtained":[{"floor":1,"key":"SteroidPotion"},{"floor":10,"key":"SteroidPotion"},{"floor":13,"key":"Regen Potion"},{"floor":23,"key":"Fire Potion"},{"floor":35,"key":"Ancient Potion"},{"floor":37,"key":"EssenceOfSteel"}],"is_trial":false,"path_per_floor":["M","M","?","?","M","E","M","R","T","E","?","R","E","?","R","B",null,"M","M","M","?","M","E","R","E","T","R","?","M","R","E","R","B",null,"M","M","M","M","$","E","R","M"],"character_chosen":"WATCHER","items_purchased":[],"campfire_rested":7,"item_purchase_floors":[],"current_hp_per_floor":[65,65,54,40,40,40,23,44,44,44,44,65,72,53,53,53,73,73,73,52,52,26,26,49,26,26,49,49,33,56,15,38,47,71,71,71,61,51,51,35,58,0,0],"gold":879,"neow_bonus":"THREE_ENEMY_KILL","is_daily":false,"chose_seed":false,"campfire_upgraded":1,"win_rate":0.0,"timestamp":1607779906,"path_taken":["M","M","?","?","M","E","M","R","T","E","?","R","E","?","R","BOSS","M","M","M","?","?","E","R","E","T","R","?","M","R","E","R","BOSS","M","M","M","M","?","E","R","M"],"items_purchased_type":[],"build_version":"2020-11-30","purchased_purges":0,"victory":false,"max_hp_per_floor":[72,72,72,72,72,72,72,72,72,72,72,72,79,79,79,79,79,79,79,79,79,79,79,79,79,79,79,79,79,79,79,79,79,79,79,79,79,79,79,79,79,79,79],"card_choices":[{"not_picked":["CrushJoints","EmptyFist"],"picked":"FearNoEvil","floor":1},{"not_picked":["CutThroughFate","Tantrum"],"picked":"FlurryOfBlows","floor":2},{"not_picked":["Pray","Weave"],"picked":"EmptyFist","floor":5},{"not_picked":["Protect","Halt"],"picked":"Indignation","floor":6},{"not_picked":["CrushJoints","Evaluate"],"picked":"Ragnarok","floor":7},{"not_picked":["PathToVictory","Consecrate"],"picked":"Tantrum","floor":10},{"not_picked":["Tantrum","DeceiveReality"],"picked":"LessonLearned","floor":13},{"not_picked":["Judgement","MasterReality"],"picked":"Scrawl","floor":16},{"not_picked":["ThirdEye+1","Perseverance"],"picked":"Conclude","floor":18},{"not_picked":["Crescendo","Consecrate"],"picked":"Wallop","floor":19},{"not_picked":["FlyingSleeves+1","SashWhip","Weave"],"picked":"SKIP","floor":20},{"not_picked":["Evaluate","FlyingSleeves"],"picked":"MentalFortress+1","floor":22},{"not_picked":["JustLucky","LessonLearned"],"picked":"Swivel+1","floor":23},{"not_picked":["FlurryOfBlows","EmptyBody+1"],"picked":"MentalFortress+1","floor":25},{"not_picked":["WaveOfTheHand","JustLucky","Nirvana"],"picked":"SKIP","floor":29},{"not_picked":["FollowUp+1","DeceiveReality","Pray"],"picked":"SKIP","floor":31},{"not_picked":["Ragnarok","Devotion"],"picked":"Blasphemy","floor":33},{"not_picked":["Tantrum+1","EmptyFist"],"picked":"Halt","floor":35},{"not_picked":["Meditate+1","Protect+1","ClearTheMind"],"picked":"SKIP","floor":36},{"not_picked":["WaveOfTheHand","Establishment"],"picked":"ClearTheMind","floor":37},{"not_picked":["EmptyBody","PathToVictory"],"picked":"Meditate+1","floor":38},{"not_picked":["PathToVictory+1","Prostrate+1","JustLucky+1"],"picked":"SKIP","floor":40}],"player_experience":2026156,"relics_obtained":[{"floor":6,"key":"Blue Candle"},{"floor":9,"key":"Matryoshka"},{"floor":10,"key":"StrikeDummy"},{"floor":13,"key":"Strawberry"},{"floor":23,"key":"War Paint"},{"floor":25,"key":"HornCleat"},{"floor":26,"key":"Damaru"},{"floor":26,"key":"Bottled Lightning"},{"floor":31,"key":"Centennial Puzzle"},{"floor":40,"key":"CaptainsWheel"}],"event_choices":[{"damage_healed":0,"gold_gain":75,"player_choice":"Gather Gold","damage_taken":11,"max_hp_gain":0,"max_hp_loss":0,"event_name":"World of Goop","floor":3,"gold_loss":0},{"damage_healed":0,"gold_gain":0,"player_choice":"Entered Light","damage_taken":14,"max_hp_gain":0,"max_hp_loss":0,"event_name":"Shining Light","floor":4,"gold_loss":0,"cards_upgraded":["FearNoEvil","Strike_P"]},{"damage_healed":0,"gold_gain":0,"cards_transformed":["Strike_P"],"player_choice":"Change","damage_taken":0,"max_hp_gain":0,"max_hp_loss":0,"event_name":"Living Wall","floor":11,"gold_loss":0,"cards_obtained":["FearNoEvil"]},{"damage_healed":0,"gold_gain":0,"player_choice":"Take Damage","damage_taken":19,"relics_obtained":["Golden Idol"],"max_hp_gain":0,"max_hp_loss":0,"event_name":"Golden Idol","floor":14,"gold_loss":0},{"damage_healed":0,"gold_gain":0,"player_choice":"Upgraded","damage_taken":0,"max_hp_gain":0,"max_hp_loss":0,"event_name":"Upgrade Shrine","floor":21,"gold_loss":0,"cards_upgraded":["Scrawl"]},{"damage_healed":0,"gold_gain":0,"player_choice":"Rummage","damage_taken":0,"relics_obtained":["WarpedTongs"],"max_hp_gain":0,"max_hp_loss":0,"event_name":"Accursed Blacksmith","floor":28,"gold_loss":0,"cards_obtained":["Pain"]}],"is_beta":false,"boss_relics":[{"not_picked":["Ectoplasm","Sozu"],"picked":"HolyWater"},{"not_picked":["Philosopher\u0027s Stone","Tiny House"],"picked":"SacredBark"}],"items_purged_floors":[],"is_endless":false,"potions_floor_spawned":[1,10,13,20,23,29,35,37,40],"killed_by":"Writhing Mass","ascension_level":11}}