{"host":"zksvs3x2ysy9npnz","time":1607735206,"event":{"mods":["Aspiration","BaseMod","Beaked The Cultist","BetterRewards","Colored Map","Conspire","Duelist Mod","Halation","Highlight Path","Hubris","Infinite Spire","Jedi Mod","Minty Spire (QoL Compilation)","Permanent Neow","Quick Restart","Relic Stats","Replay The Spire","Retaliation","Shop Mod","StSLib"],"gold_per_floor":[143,143,143,143,157,157,186,186,186,186,186],"floor_reached":10,"playtime":457,"items_purged":[],"score":118,"play_id":"fde5ca9d-5c72-4cf7-8bb4-b3303c3fc795","local_time":"20201212020646","is_ascension_mode":true,"campfire_choices":[{"data":"theDuelist:GreenGadget","floor":6,"key":"SMITH"},{"data":"theDuelist:Submarineroid","floor":8,"key":"SMITH"}],"circlet_count":0,"master_deck":["theDuelist:Biofalcon","theDuelist:CastleWalls","theDuelist:CastleWalls","theDuelist:Deskbot004","theDuelist:Deskbot004+1","theDuelist:Deskbot005","theDuelist:Deskbot005","AscendersBane","theDuelist:GreenGadget+1","theDuelist:MagicSparks+1","theDuelist:Sparks+1","theDuelist:JunkWarrior","Regret","theDuelist:YamiForm+1","theDuelist:Submarineroid+1"],"relics":["theDuelist:MillenniumPuzzle","theDuelist:CardPoolRelic","theDuelist:CardPoolBasicRelic","theDuelist:BoosterPackPoolRelic","theDuelist:CardPoolAddRelic","theDuelist:CardPoolMinusRelic","theDuelist:CardPoolSaveRelic","theDuelist:CardPoolOptionsRelic","aspiration:Nostalgia","Burning Blood","Happy Flower","Replay:Rubber Ducky","infinitespire:FocusingShard"],"acts_visited":["Exordium"],"potions_floor_usage":[],"damage_taken":[{"damage":8,"enemies":"Small Slimes","floor":1,"turns":4},{"damage":8,"enemies":"2 Louse","floor":5,"turns":4},{"damage":7,"enemies":"3 Sentries","floor":7,"turns":9},{"damage":39,"enemies":"Gremlin Nob","floor":10,"turns":5}],"seed_played":"5808367195985033527","potions_obtained":[],"is_trial":false,"path_per_floor":["M","?","?","?","M","R","E","R","T","E"],"character_chosen":"THE_DUELIST","items_purchased":[],"campfire_rested":0,"item_purchase_floors":[],"current_hp_per_floor":[61,61,57,36,34,34,33,33,33,0,0],"gold":186,"neow_bonus":"NOSTALGIA","is_daily":false,"chose_seed":false,"campfire_upgraded":2,"win_rate":0.0,"timestamp":1607735206,"path_taken":["M","?","?","?","M","R","E","R","T","E"],"items_purchased_type":[],"build_version":"2020-11-30","purchased_purges":0,"victory":false,"max_hp_per_floor":[70,70,70,70,70,70,70,70,70,70,70],"relic_stats":{"Happy Flower":[6],"counters":[4,22],"obtain_stats":[{"Happy Flower":2,"aspiration:Nostalgia":0,"infinitespire:FocusingShard":9,"theDuelist:MillenniumPuzzle":0,"theDuelist:CardPoolSaveRelic":0,"Burning Blood":0,"Replay:Rubber Ducky":7,"theDuelist:BoosterPackPoolRelic":0,"theDuelist:CardPoolMinusRelic":0,"theDuelist:CardPoolBasicRelic":0,"theDuelist:CardPoolAddRelic":0,"theDuelist:CardPoolOptionsRelic":0,"theDuelist:CardPoolRelic":0},{"Happy Flower":1,"aspiration:Nostalgia":0,"infinitespire:FocusingShard":3,"theDuelist:MillenniumPuzzle":0,"theDuelist:CardPoolSaveRelic":0,"Burning Blood":0,"Replay:Rubber Ducky":3,"theDuelist:BoosterPackPoolRelic":0,"theDuelist:CardPoolMinusRelic":0,"theDuelist:CardPoolBasicRelic":0,"theDuelist:CardPoolAddRelic":0,"theDuelist:CardPoolOptionsRelic":0,"theDuelist:CardPoolRelic":0},{"Happy Flower":4,"aspiration:Nostalgia":0,"infinitespire:FocusingShard":17,"theDuelist:MillenniumPuzzle":0,"theDuelist:CardPoolSaveRelic":0,"Burning Blood":0,"Replay:Rubber Ducky":17,"theDuelist:BoosterPackPoolRelic":0,"theDuelist:CardPoolMinusRelic":0,"theDuelist:CardPoolBasicRelic":0,"theDuelist:CardPoolAddRelic":0,"theDuelist:CardPoolOptionsRelic":0,"theDuelist:CardPoolRelic":0}],"Burning Blood":18},"card_choices":[{"not_picked":["theDuelist:Tuningware","theDuelist:FrontlineObserver","theDuelist:DoubleTool","theDuelist:CannonSoldier"],"picked":"theDuelist:JunkWarrior","floor":1},{"not_picked":["theDuelist:Sangan","theDuelist:Linkuriboh","theDuelist:PerfectMachineKing","theDuelist:MillenniumShield"],"picked":"theDuelist:YamiForm","floor":5},{"not_picked":["theDuelist:RoboticKnight","theDuelist:Factory100Machines","theDuelist:Deskbot001","theDuelist:FlyingPegasus"],"picked":"theDuelist:Submarineroid","floor":7}],"player_experience":1169618,"relics_obtained":[{"floor":7,"key":"Replay:Rubber Ducky"},{"floor":9,"key":"infinitespire:FocusingShard"}],"event_choices":[{"damage_healed":0,"gold_gain":0,"player_choice":"Box","damage_taken":0,"relics_obtained":["Happy Flower"],"max_hp_gain":0,"max_hp_loss":0,"event_name":"Big Fish","floor":2,"gold_loss":0,"cards_obtained":["Regret"]},{"damage_healed":0,"gold_gain":0,"player_choice":"Leave","damage_taken":0,"max_hp_gain":0,"max_hp_loss":0,"event_name":"conspire:Investor","floor":3,"gold_loss":0},{"damage_healed":0,"gold_gain":0,"player_choice":"Entered Light","damage_taken":21,"max_hp_gain":0,"max_hp_loss":0,"event_name":"Shining Light","floor":4,"gold_loss":0,"cards_upgraded":["theDuelist:Sparks","theDuelist:Deskbot004"]}],"is_beta":false,"boss_relics":[],"items_purged_floors":[],"is_endless":false,"potions_floor_spawned":[],"killed_by":"Gremlin Nob","ascension_level":17}}