{"host":"07ljfmttuzqopd7f","time":1607745073,"event":{"mods":["2.2 Compatiblity","BaseMod","Bestiary","Block Reminder","Colored Map","Colored Powertips","Curses Come First","Hermit","Minty Spire (QoL Compilation)","Quick Restart","Random Character Button","Rare Cards Sparkle","Relic Stats","StSLib","The Cursed","UnlockEverythingMod"],"gold_per_floor":[110,35,35,35,35,35,35,69,69,84,84,115,134,203,203,203,203],"floor_reached":16,"playtime":730,"items_purged":["TheCursedMod:Defend_TheCursed"],"score":144,"play_id":"980c40fc-d0a5-4652-9dfb-359a8588301b","local_time":"20201211225113","is_ascension_mode":true,"campfire_choices":[{"data":"TheCursedMod:CursedWand","floor":6,"key":"SMITH"},{"data":"TheCursedMod:Obscuration","floor":11,"key":"SMITH"},{"data":"TheCursedMod:ReleasedStrength","floor":15,"key":"SMITH"}],"circlet_count":0,"master_deck":["TheCursedMod:Strike_TheCursed","TheCursedMod:Strike_TheCursed+1","TheCursedMod:Strike_TheCursed","TheCursedMod:Defend_TheCursed","TheCursedMod:Defend_TheCursed+1","TheCursedMod:Defend_TheCursed","TheCursedMod:CursedWand+1","TheCursedMod:CleanUpWorkshop","TheCursedMod:Dregs","TheCursedMod:RapidMovement","TheCursedMod:SoulCrush","TheCursedMod:Obscuration+1","TheCursedMod:ReleasedStrength+1","TheCursedMod:SurpriseAttack"],"relics":["TheCursedMod:BlackMagic101","NeowsBlessing","Golden Idol","Strawberry","Pantograph","Pear","White Beast Statue"],"acts_visited":["Exordium"],"potions_floor_usage":[16,16],"damage_taken":[{"damage":0,"enemies":"Jaw Worm","floor":1,"turns":1},{"damage":0,"enemies":"Gremlin Nob","floor":8,"turns":1},{"damage":0,"enemies":"Small Slimes","floor":10,"turns":2},{"damage":22,"enemies":"3 Sentries","floor":12,"turns":9},{"damage":0,"enemies":"Cultist","floor":13,"turns":3},{"damage":28,"enemies":"Gremlin Nob","floor":14,"turns":4},{"damage":35,"enemies":"Slime Boss","floor":16,"turns":6}],"seed_played":"5881871505698561639","potions_obtained":[{"floor":8,"key":"PowerPotion"},{"floor":14,"key":"PowerPotion"}],"is_trial":false,"path_per_floor":["M","$","?","?","?","R","?","E","T","M","R","E","M","?","R","B"],"character_chosen":"THE_CURSED","items_purchased":[],"campfire_rested":0,"item_purchase_floors":[],"current_hp_per_floor":[75,75,69,55,48,48,48,55,55,55,55,43,43,15,15,5,5],"gold":203,"neow_bonus":"THREE_ENEMY_KILL","is_daily":false,"chose_seed":false,"campfire_upgraded":3,"win_rate":0.0,"timestamp":1607745073,"path_taken":["M","$","?","?","?","R","?","E","T","?","R","E","M","?","R","BOSS"],"items_purchased_type":[],"build_version":"2020-11-30","purchased_purges":1,"victory":false,"max_hp_per_floor":[75,75,69,69,69,69,69,76,76,76,76,86,86,86,86,86,86],"relic_stats":{"counters":[7,26],"Golden Idol":40,"Pantograph":25,"obtain_stats":[{"TheCursedMod:BlackMagic101":0,"Pear":12,"NeowsBlessing":0,"Golden Idol":3,"Strawberry":8,"Pantograph":9,"White Beast Statue":14},{"TheCursedMod:BlackMagic101":0,"Pear":4,"NeowsBlessing":0,"Golden Idol":1,"Strawberry":2,"Pantograph":2,"White Beast Statue":5},{"TheCursedMod:BlackMagic101":0,"Pear":13,"NeowsBlessing":0,"Golden Idol":1,"Strawberry":2,"Pantograph":2,"White Beast Statue":16}]},"card_choices":[{"not_picked":["TheCursedMod:CircleOfFlame","TheCursedMod:FleshFromBone"],"picked":"TheCursedMod:RapidMovement","floor":1},{"not_picked":["TheCursedMod:Stretching","TheCursedMod:Wield"],"picked":"TheCursedMod:SoulCrush","floor":8},{"not_picked":["TheCursedMod:TacticalStrike","TheCursedMod:Mangle"],"picked":"TheCursedMod:Obscuration","floor":10},{"not_picked":["TheCursedMod:CursedArmor","TheCursedMod:ManaCirculation"],"picked":"TheCursedMod:ReleasedStrength","floor":12},{"not_picked":["TheCursedMod:CircleOfWindfury","TheCursedMod:SpreadPlague","TheCursedMod:SoulCrush"],"picked":"SKIP","floor":13},{"not_picked":["TheCursedMod:Stigma","TheCursedMod:CursedMace"],"picked":"TheCursedMod:SurpriseAttack","floor":14}],"player_experience":379683,"relics_obtained":[{"floor":8,"key":"Strawberry"},{"floor":9,"key":"Pantograph"},{"floor":12,"key":"Pear"}],"event_choices":[{"damage_healed":0,"gold_gain":0,"player_choice":"Lose Max HP","damage_taken":0,"relics_obtained":["Golden Idol"],"max_hp_gain":0,"max_hp_loss":6,"event_name":"Golden Idol","floor":3,"gold_loss":0},{"damage_healed":0,"gold_gain":0,"player_choice":"Entered Light","damage_taken":14,"max_hp_gain":0,"max_hp_loss":0,"event_name":"Shining Light","floor":4,"gold_loss":0,"cards_upgraded":["TheCursedMod:Defend_TheCursed","TheCursedMod:Strike_TheCursed"]},{"cards_removed":["TheCursedMod:Strike_TheCursed"],"damage_healed":0,"gold_gain":0,"player_choice":"Card Removal","damage_taken":7,"max_hp_gain":0,"max_hp_loss":0,"event_name":"Golden Wing","floor":5,"gold_loss":0},{"damage_healed":0,"gold_gain":0,"player_choice":"Ignored","damage_taken":0,"max_hp_gain":0,"max_hp_loss":0,"event_name":"Fountain of Cleansing","floor":7,"gold_loss":0},{"damage_healed":0,"gold_gain":0,"player_choice":"Searched \u00272\u0027 times","damage_taken":0,"relics_obtained":["White Beast Statue"],"max_hp_gain":0,"max_hp_loss":0,"event_name":"Dead Adventurer","floor":14,"gold_loss":0}],"is_beta":false,"boss_relics":[],"items_purged_floors":[2],"is_endless":false,"potions_floor_spawned":[8,14],"killed_by":"Slime Boss","ascension_level":2}}