{"host":"aeidq2c3auzxo1yh","time":1607747526,"event":{"mods":["AchievementEnabler","BaseMod","Colored Map","Colored Powertips","Minty Spire (QoL Compilation)","Relic Stats","StSLib"],"gold_per_floor":[112,123,123,138,138,138,174,174,200,6,27,27,51,76,76,200,200,219,219,244,262,262,262,262,262],"floor_reached":24,"playtime":1109,"items_purged":["Strike_B"],"score":323,"play_id":"21cdeffe-3c3e-4113-8867-f3df15789819","local_time":"20201212093206","is_ascension_mode":true,"campfire_choices":[{"data":"Zap","floor":6.0,"key":"SMITH"},{"data":"Double Energy","floor":8.0,"key":"SMITH"},{"data":"Loop","floor":15.0,"key":"SMITH"},{"floor":23,"key":"REST"}],"circlet_count":0,"master_deck":["Strike_B+1","Strike_B+1","Defend_B+1","Defend_B+1","Defend_B+1","Defend_B+1","Zap+1","Dualcast","Panacea","Doom and Gloom","Loop+1","Leap","Double Energy+1","Machine Learning","Conserve Battery","Steam Power","Electrodynamics","Darkness","Sweeping Beam"],"relics":["Cracked Core","Golden Idol","Bag of Marbles","MealTicket","Black Star"],"acts_visited":["Exordium","TheCity"],"potions_floor_usage":[24,24],"damage_taken":[{"damage":9.0,"enemies":"Small Slimes","floor":1.0,"turns":4.0},{"damage":4.0,"enemies":"Jaw Worm","floor":2.0,"turns":4.0},{"damage":1.0,"enemies":"Cultist","floor":4.0,"turns":3.0},{"damage":30.0,"enemies":"Gremlin Nob","floor":7.0,"turns":4.0},{"damage":13.0,"enemies":"Red Slaver","floor":11.0,"turns":4.0},{"damage":8.0,"enemies":"Looter","floor":13.0,"turns":5.0},{"damage":11.0,"enemies":"3 Louse","floor":14.0,"turns":4.0},{"damage":11.0,"enemies":"The Guardian","floor":16.0,"turns":8.0},{"damage":24.0,"enemies":"Shell Parasite","floor":18.0,"turns":6.0},{"damage":8.0,"enemies":"Chosen","floor":20.0,"turns":6.0},{"damage":15.0,"enemies":"Centurion and Healer","floor":21.0,"turns":5.0},{"damage":33,"enemies":"Gremlin Leader","floor":24,"turns":6}],"seed_played":"-5636127511412597744","potions_obtained":[{"floor":2.0,"key":"LiquidMemories"},{"floor":14.0,"key":"DuplicationPotion"},{"floor":16.0,"key":"Block Potion"},{"floor":18.0,"key":"Explosive Potion"}],"is_trial":false,"path_per_floor":["M","M","?","M","?","R","E","R","T","$","M","?","M","M","R","B",null,"M","?","M","M","?","R","E"],"character_chosen":"DEFECT","items_purchased":["Machine Learning","Weak Potion"],"campfire_rested":1,"item_purchase_floors":[10,10],"current_hp_per_floor":[59,55,55,54,59,59,29,29,29,44,31,31,23,12,12,1,56,32,32,24,9,9,31,0,0],"gold":262,"neow_bonus":"RANDOM_COLORLESS","is_daily":false,"chose_seed":false,"campfire_upgraded":3,"win_rate":0.0,"timestamp":1607747526,"path_taken":["M","M","?","M","?","R","E","R","T","$","M","?","M","M","R","BOSS","M","?","?","M","?","R","E"],"items_purchased_type":["Card","Potion"],"build_version":"2020-11-30","purchased_purges":1,"victory":false,"max_hp_per_floor":[75,75,69,69,74,74,74,74,74,74,74,74,74,74,74,74,74,74,74,74,74,74,74,74,74],"relic_stats":{"counters":[12,59],"Golden Idol":66,"MealTicket":15,"Black Star":0,"obtain_stats":[{"Golden Idol":3,"MealTicket":9,"Bag of Marbles":7,"Black Star":17,"Cracked Core":0},{"Golden Idol":2,"MealTicket":4,"Bag of Marbles":4,"Black Star":8,"Cracked Core":0},{"Golden Idol":8,"MealTicket":15,"Bag of Marbles":15,"Black Star":36,"Cracked Core":0}]},"card_choices":[{"not_picked":["Deep Breath","Bandage Up"],"picked":"Panacea","floor":0.0},{"not_picked":["Aggregate","Turbo"],"picked":"Doom and Gloom","floor":1.0},{"not_picked":["Coolheaded","Scrape"],"picked":"Loop","floor":2.0},{"not_picked":["Cold Snap","Steam Power"],"picked":"Leap","floor":4.0},{"not_picked":["Force Field","Rebound"],"picked":"Double Energy","floor":7.0},{"not_picked":["Rip and Tear","Hello World"],"picked":"Conserve Battery","floor":11.0},{"not_picked":["Go for the Eyes","Beam Cell","Steam Power"],"picked":"SKIP","floor":13.0},{"not_picked":["Go for the Eyes","Beam Cell"],"picked":"Steam Power","floor":13.0},{"not_picked":["Turbo","Stack","Steam Power"],"picked":"SKIP","floor":14.0},{"not_picked":["Biased Cognition","Fission"],"picked":"Electrodynamics","floor":16.0},{"not_picked":["Leap","Hologram"],"picked":"Darkness","floor":18.0},{"not_picked":["Cold Snap+1","Barrage"],"picked":"Sweeping Beam","floor":20.0},{"not_picked":["Chill","Rip and Tear","Blizzard+1"],"picked":"SKIP","floor":21}],"player_experience":847588,"relics_obtained":[{"floor":7.0,"key":"Bag of Marbles"},{"floor":9.0,"key":"MealTicket"}],"event_choices":[{"damage_healed":0.0,"max_hp_gain":0.0,"max_hp_loss":6.0,"gold_gain":0.0,"event_name":"Golden Idol","player_choice":"Lose Max HP","floor":3.0,"gold_loss":0.0,"damage_taken":0.0,"relics_obtained":["Golden Idol"]},{"damage_healed":0.0,"max_hp_gain":5.0,"max_hp_loss":0.0,"gold_gain":0.0,"event_name":"Big Fish","player_choice":"Donut","floor":5.0,"gold_loss":0.0,"damage_taken":0.0},{"damage_healed":0.0,"max_hp_gain":0.0,"max_hp_loss":0.0,"gold_gain":0.0,"cards_transformed":["Strike_B"],"event_name":"Transmorgrifier","player_choice":"Transformed","floor":12.0,"gold_loss":0.0,"damage_taken":0.0,"cards_obtained":["Aggregate"]},{"cards_removed":["Aggregate"],"damage_healed":0.0,"max_hp_gain":0.0,"max_hp_loss":0.0,"gold_gain":0.0,"event_name":"Purifier","player_choice":"Purged","floor":19.0,"gold_loss":0.0,"damage_taken":0.0},{"damage_healed":0,"gold_gain":0,"player_choice":"Simplicity","damage_taken":0,"max_hp_gain":0,"max_hp_loss":0,"event_name":"Back to Basics","floor":22,"gold_loss":0,"cards_upgraded":["Strike_B","Strike_B","Defend_B","Defend_B","Defend_B","Defend_B"]}],"is_beta":false,"boss_relics":[{"not_picked":["Velvet Choker","Busted Crown"],"picked":"Black Star"}],"items_purged_floors":[10],"is_endless":false,"potions_floor_spawned":[2,14,16,18],"killed_by":"Gremlin Leader","ascension_level":9}}