{"host":"jm9833yuloeli2yd","time":1607811457,"event":{"mods":["AchievementEnabler","BaseMod","Better Altar","Better Match","Better Note","Better Sensory Stone","Better Skull","Better Vampires","Colored Map","Colored Powertips","DeckTracker","Minty Spire (QoL Compilation)","Permanent Neow","Quick Restart","Replay The Spire","StSLib","SuperFastMode"],"gold_per_floor":[40,76,133,133,3,3,67,67,93,128,24,42,75,136,136,213,213,254,254,254,267,267,267],"floor_reached":22,"playtime":659,"items_purged":[],"score":326,"play_id":"591f6f58-f425-4c5b-b38d-36fed2164ca0","local_time":"20201212171737","is_ascension_mode":true,"campfire_choices":[{"data":"HandOfGreed","floor":6,"key":"SMITH"},{"data":"Finisher","floor":8,"key":"SMITH"},{"floor":15,"key":"DIG"}],"circlet_count":0,"master_deck":["AscendersBane","Strike_G","Strike_G","Strike_G","Strike_G","Strike_G","Defend_G","Defend_G","Defend_G","Defend_G","Defend_G","Survivor","Neutralize","HandOfGreed+1","Endless Agony","Finisher+1","Infinite Blades","Pot Of Greed","Pot Of Greed","Footwork","Noxious Fumes","Slice+1","Poisoned Stab","Escape Plan","Slice","Corpse Explosion","Pot Of Greed","Deflect","Wraith Form v2","Envenom"],"relics":["Ring of the Snake","Grinning Jar","Ornamental Fan","Snack Pack","Replay:Bronze Core","MutagenicStrength","Bloody Idol"],"acts_visited":["Exordium","TheCity"],"potions_floor_usage":[],"damage_taken":[{"damage":1,"enemies":"Jaw Worm","floor":1,"turns":7},{"damage":0,"enemies":"Cultist","floor":2,"turns":3},{"damage":4,"enemies":"Small Slimes","floor":7,"turns":5},{"damage":5,"enemies":"2 Fungi Beasts","floor":10,"turns":3},{"damage":6,"enemies":"Looter","floor":12,"turns":5},{"damage":18,"enemies":"Gremlin Nob","floor":13,"turns":3},{"damage":1,"enemies":"Gremlin Gang","floor":14,"turns":5},{"damage":18,"enemies":"Fading Forest","floor":16,"turns":11},{"damage":19,"enemies":"Spheric Guardian","floor":18,"turns":7},{"damage":15,"enemies":"Shell Parasite","floor":21,"turns":6}],"seed_played":"-5075777575569006235","potions_obtained":[{"floor":12,"key":"Dexterity Potion"},{"floor":13,"key":"Energy Potion"}],"is_trial":false,"path_per_floor":["M","M","?","?","$","R","M","R","T","M","$","M","E","M","R_BF","B",null,"M","?","?","M","?"],"character_chosen":"THE_SILENT","items_purchased":["Infinite Blades","Dexterity Potion","Noxious Fumes","Slice+1"],"campfire_rested":0,"item_purchase_floors":[5,5,11,11],"current_hp_per_floor":[58,58,58,58,58,58,54,54,54,49,49,43,25,24,24,48,62,57,57,41,34,0,0],"gold":267,"neow_bonus":"RANDOM_COLORLESS_2","is_daily":false,"chose_seed":false,"campfire_upgraded":2,"win_rate":0.0,"timestamp":1607811457,"path_taken":["M","M","?","?","$","R","M","R","T","M","$","M","E","M","R_BF","BOSS","M","?","?","M","?"],"items_purchased_type":["Card","Potion","Card","Card"],"build_version":"2020-11-30","purchased_purges":0,"victory":false,"max_hp_per_floor":[66,66,66,66,66,66,66,66,66,66,66,66,66,66,66,66,66,66,66,66,66,66,66],"card_choices":[{"not_picked":["Crow Ritual","Master of Strategy"],"picked":"HandOfGreed","floor":0},{"not_picked":["Dagger Throw","Flechettes"],"picked":"Endless Agony","floor":1},{"not_picked":["Dagger Spray","Fluid Movement"],"picked":"Finisher","floor":2},{"not_picked":["Flechettes","Underhanded Strike","Toxin Wave"],"picked":"SKIP","floor":7},{"not_picked":["ReplayTheSpireMod:Speed Training","Quick Slash"],"picked":"Footwork","floor":10},{"not_picked":["Bane","Backflip"],"picked":"Poisoned Stab","floor":12},{"not_picked":["Dagger Spray","Choke"],"picked":"Escape Plan","floor":13},{"not_picked":["Noxious Fumes","Deadly Poison"],"picked":"Slice","floor":14},{"not_picked":["Tools of the Trade","ReplayTheSpireMod:Necrosis"],"picked":"Corpse Explosion","floor":16},{"not_picked":["Blade Dance","Underhanded Strike"],"picked":"Deflect","floor":18},{"not_picked":["Deflect","Backstab"],"picked":"Envenom","floor":21}],"player_experience":1040849,"relics_obtained":[{"floor":9,"key":"Grinning Jar"},{"floor":13,"key":"Ornamental Fan"},{"floor":15,"key":"Snack Pack"}],"event_choices":[{"damage_healed":0,"gold_gain":57,"player_choice":"Gained Gold","damage_taken":0,"max_hp_gain":0,"max_hp_loss":0,"event_name":"Golden Wing","floor":3,"gold_loss":0},{"damage_healed":0,"gold_gain":0,"player_choice":"Ignored","damage_taken":0,"max_hp_gain":0,"max_hp_loss":0,"event_name":"WeMeetAgain","floor":4,"gold_loss":0},{"damage_healed":0,"gold_gain":0,"player_choice":"Inject Mutagens","damage_taken":0,"relics_obtained":["MutagenicStrength"],"max_hp_gain":0,"max_hp_loss":0,"event_name":"Drug Dealer","floor":19,"gold_loss":0},{"damage_healed":0,"gold_gain":2,"player_choice":"2","damage_taken":0,"max_hp_gain":0,"max_hp_loss":16,"event_name":"betterStone:BetterStone","floor":20,"gold_loss":0}],"is_beta":false,"boss_relics":[{"not_picked":["Kintsugi","Philosopher\u0027s Stone"],"picked":"Replay:Bronze Core"}],"items_purged_floors":[],"is_endless":false,"potions_floor_spawned":[12,13,14,16,18,21],"ascension_level":15}}