{"host":"qw1m3zcvi888b4j7","time":1607808303,"event":{"mods":["AchievementEnabler","BaseMod","Block Reminder","Colored Map","Colored Powertips","Highlight Path","Minty Spire (QoL Compilation)","Quick Restart","Relic Stats"],"gold_per_floor":[110,110,75,85,104,104,119,119,119,119,130,185,205,235,235,339,339,353,365,379,413,35,35,54,54,124,35,35,35,70,83,83,185,185,199,199,212,222,222,222,269,269,296,312,342,342,12,45,45,45,45],"floor_reached":50,"playtime":3635,"items_purged":[],"score":570,"play_id":"ee783ce8-4b57-47b1-834d-50f7c2c44f0d","local_time":"20201212222503","is_ascension_mode":false,"campfire_choices":[{"data":"Sword Boomerang","floor":6,"key":"SMITH"},{"data":"Blood for Blood","floor":8,"key":"SMITH"},{"data":"Flame Barrier","floor":10,"key":"SMITH"},{"data":"Heavy Blade","floor":15,"key":"SMITH"},{"floor":23,"key":"REST"},{"data":"Limit Break","floor":25,"key":"SMITH"},{"data":"Anger","floor":29,"key":"SMITH"},{"floor":32,"key":"REST"},{"data":"Armaments","floor":40,"key":"SMITH"},{"data":"Thunderclap","floor":42,"key":"SMITH"},{"data":"Shrug It Off","floor":46,"key":"SMITH"},{"floor":49,"key":"REST"}],"circlet_count":0,"master_deck":["Strike_R","Strike_R","Strike_R+1","Strike_R","Strike_R+1","Defend_R","Defend_R","Defend_R","Defend_R","Bash","Flame Barrier+1","Sword Boomerang+1","Inflame","Blood for Blood+1","Combust","Heavy Blade+1","Reaper","Limit Break+1","Headbutt","Anger+1","Iron Wave","Berserk","Dropkick","Thunderclap+1","Armaments+1","Whirlwind","Body Slam+1","Entrench+1","Feed","CurseOfTheBell","Intimidate+1","Flex+1","Shrug It Off+1","Infernal Blade+1","Demon Form","Power Through+1","Flex","Flex+1"],"relics":["Burning Blood","Anchor","Meat on the Bone","Shuriken","Darkstone Periapt","Champion Belt","Runic Cube","Red Mask","Gambling Chip","Matryoshka","Bronze Scales","Calling Bell","Lantern","White Beast Statue","Charon\u0027s Ashes","Unceasing Top","Centennial Puzzle","Whetstone","Calipers","Lee\u0027s Waffle","Vajra","FossilizedHelix"],"acts_visited":["Exordium","TheCity","TheBeyond"],"potions_floor_usage":[14,14,14,16,21,21,24,37,37,38,44,44,45,48,50],"damage_taken":[{"damage":15,"enemies":"2 Louse","floor":1,"turns":4},{"damage":0,"enemies":"Jaw Worm","floor":4,"turns":4},{"damage":6,"enemies":"Cultist","floor":5,"turns":3},{"damage":5,"enemies":"Large Slime","floor":7,"turns":5},{"damage":9,"enemies":"Exordium Wildlife","floor":11,"turns":4},{"damage":30,"enemies":"3 Sentries","floor":12,"turns":7},{"damage":0,"enemies":"Blue Slaver","floor":13,"turns":3},{"damage":5,"enemies":"Lagavulin","floor":14,"turns":5},{"damage":55,"enemies":"The Guardian","floor":16,"turns":10},{"damage":21,"enemies":"Shell Parasite","floor":18,"turns":4},{"damage":8,"enemies":"Chosen","floor":19,"turns":5},{"damage":6,"enemies":"Snake Plant","floor":20,"turns":3},{"damage":50,"enemies":"Masked Bandits","floor":21,"turns":6},{"damage":46,"enemies":"Shelled Parasite and Fungi","floor":24,"turns":7},{"damage":30,"enemies":"Book of Stabbing","floor":30,"turns":7},{"damage":14,"enemies":"Cultist and Chosen","floor":31,"turns":4},{"damage":53,"enemies":"Champ","floor":33,"turns":9},{"damage":60,"enemies":"3 Shapes","floor":35,"turns":5},{"damage":31,"enemies":"3 Darklings","floor":37,"turns":3},{"damage":46,"enemies":"Maw","floor":38,"turns":7},{"damage":47,"enemies":"2 Orb Walkers","floor":41,"turns":6},{"damage":55,"enemies":"Transient","floor":44,"turns":5},{"damage":14,"enemies":"Nemesis","floor":45,"turns":5},{"damage":85,"enemies":"Giant Head","floor":48,"turns":8},{"damage":92,"enemies":"Awakened One","floor":50,"turns":13}],"seed_played":"10971188431210820","potions_obtained":[{"floor":1,"key":"DuplicationPotion"},{"floor":11,"key":"Weak Potion"},{"floor":13,"key":"DuplicationPotion"},{"floor":14,"key":"DuplicationPotion"},{"floor":18,"key":"BlessingOfTheForge"},{"floor":20,"key":"SpeedPotion"},{"floor":24,"key":"Fruit Juice"},{"floor":30,"key":"PowerPotion"},{"floor":35,"key":"Block Potion"},{"floor":37,"key":"Strength Potion"},{"floor":38,"key":"Regen Potion"},{"floor":41,"key":"Dexterity Potion"},{"floor":44,"key":"FearPotion"},{"floor":45,"key":"Energy Potion"},{"floor":48,"key":"SpeedPotion"}],"is_trial":false,"path_per_floor":["M","?","?","M","M","R","M","R","T","R","M","?","M","E","R","B",null,"M","M","M","?","$","R","M","R","T","$","$","R","E","M","R","B",null,"M","?","M","M","?","R","?","R","T","M","E","R","$","E","R","B"],"character_chosen":"IRONCLAD","items_purchased":["Gambling Chip","Dropkick","Armaments","Whirlwind","Lee\u0027s Waffle","Vajra","Flex"],"campfire_rested":3,"item_purchase_floors":[22,22,27,27,47,47,47],"current_hp_per_floor":[71,68,80,80,80,80,80,80,80,80,77,53,59,60,60,30,80,65,69,69,37,37,61,39,39,39,39,39,39,27,41,66,33,91,49,49,36,19,80,80,50,50,50,28,44,44,93,44,71,0,0],"gold":45,"neow_bonus":"RANDOM_COMMON_RELIC","is_daily":false,"chose_seed":false,"campfire_upgraded":9,"win_rate":0.0,"timestamp":1607808303,"path_taken":["M","?","?","M","M","R","M","R","T","R","M","?","?","E","R","BOSS","M","?","M","?","?","R","M","R","T","?","$","R","E","M","R","BOSS","M","?","M","M","?","R","?","R","T","M","E","R","$","E","R","BOSS"],"items_purchased_type":["Relic","Card","Card","Card","Relic","Relic","Card"],"build_version":"2020-11-30","purchased_purges":0,"victory":false,"max_hp_per_floor":[80,80,80,80,80,80,80,80,80,80,80,80,80,80,80,80,80,80,80,80,80,80,80,85,85,85,85,85,85,85,85,85,85,91,91,91,91,91,80,80,83,83,83,83,86,86,93,93,93,97,97],"relic_stats":{"Darkstone Periapt":6,"Lee\u0027s Waffle":49,"counters":[25,142],"Charon\u0027s Ashes":[75],"Whetstone":["Strike_R","Strike_R"],"Burning Blood":137,"Centennial Puzzle":[12],"Shuriken":[32],"Gambling Chip":[21],"Bronze Scales":[187],"Champion Belt":[25],"obtain_stats":[{"Darkstone Periapt":12,"Lantern":34,"Lee\u0027s Waffle":47,"Calipers":45,"Vajra":47,"Charon\u0027s Ashes":34,"Whetstone":43,"Burning Blood":0,"White Beast Statue":34,"Calling Bell":34,"Anchor":0,"Centennial Puzzle":43,"Matryoshka":26,"Shuriken":9,"Gambling Chip":22,"Bronze Scales":30,"Red Mask":21,"Champion Belt":14,"Unceasing Top":41,"FossilizedHelix":48,"Meat on the Bone":2,"Runic Cube":17},{"Darkstone Periapt":5,"Lantern":17,"Lee\u0027s Waffle":23,"Calipers":23,"Vajra":23,"Charon\u0027s Ashes":17,"Whetstone":21,"Burning Blood":0,"White Beast Statue":17,"Calling Bell":17,"Anchor":0,"Centennial Puzzle":21,"Matryoshka":14,"Shuriken":4,"Gambling Chip":13,"Bronze Scales":15,"Red Mask":13,"Champion Belt":8,"Unceasing Top":21,"FossilizedHelix":24,"Meat on the Bone":1,"Runic Cube":9},{"Darkstone Periapt":20,"Lantern":90,"Lee\u0027s Waffle":121,"Calipers":121,"Vajra":121,"Charon\u0027s Ashes":90,"Whetstone":111,"Burning Blood":0,"White Beast Statue":90,"Calling Bell":90,"Anchor":0,"Centennial Puzzle":111,"Matryoshka":70,"Shuriken":16,"Gambling Chip":63,"Bronze Scales":77,"Red Mask":63,"Champion Belt":35,"Unceasing Top":111,"FossilizedHelix":129,"Meat on the Bone":4,"Runic Cube":45}],"Unceasing Top":[3],"Meat on the Bone":144,"Runic Cube":[98]},"card_choices":[{"not_picked":["Blood for Blood","Perfected Strike"],"picked":"Flame Barrier","floor":1},{"not_picked":["True Grit","Twin Strike"],"picked":"Sword Boomerang","floor":4},{"not_picked":["Burning Pact","Rupture"],"picked":"Inflame","floor":5},{"not_picked":["Clothesline","Searing Blow"],"picked":"Blood for Blood","floor":7},{"not_picked":["Spot Weakness","Heavy Blade"],"picked":"Disarm","floor":11},{"not_picked":["Sword Boomerang","True Grit"],"picked":"Combust","floor":12},{"not_picked":["Power Through","Sword Boomerang"],"picked":"Heavy Blade","floor":13},{"not_picked":["Rupture","Body Slam"],"picked":"Reaper","floor":14},{"not_picked":["Corruption","Brutality"],"picked":"Limit Break","floor":16},{"not_picked":["Perfected Strike","Burning Pact+1"],"picked":"Headbutt","floor":18},{"not_picked":["Clash+1","Headbutt"],"picked":"Anger","floor":19},{"not_picked":["Warcry","Intimidate"],"picked":"Iron Wave","floor":20},{"not_picked":["Spot Weakness","Power Through+1"],"picked":"Berserk","floor":21},{"not_picked":["Combust","Body Slam"],"picked":"Thunderclap","floor":24},{"not_picked":["Sword Boomerang+1","Burning Pact"],"picked":"Body Slam+1","floor":30},{"not_picked":["Clothesline","Warcry"],"picked":"Entrench+1","floor":31},{"not_picked":["Bludgeon","Offering"],"picked":"Feed","floor":33},{"not_picked":["Reckless Charge","Heavy Blade+1"],"picked":"Intimidate+1","floor":35},{"not_picked":["Rampage+1","Heavy Blade+1"],"picked":"Flex+1","floor":37},{"not_picked":["Body Slam+1","Cleave"],"picked":"Shrug It Off","floor":38},{"not_picked":["Twin Strike+1","Iron Wave"],"picked":"Infernal Blade+1","floor":41},{"not_picked":["Pummel+1","Headbutt+1"],"picked":"Demon Form","floor":44},{"not_picked":["Pommel Strike","Thunderclap+1"],"picked":"Power Through+1","floor":45},{"not_picked":["Anger","Infernal Blade"],"picked":"Flex+1","floor":48}],"player_experience":17580,"relics_obtained":[{"floor":9,"key":"Shuriken"},{"floor":14,"key":"Champion Belt"},{"floor":21,"key":"Red Mask"},{"floor":26,"key":"Matryoshka"},{"floor":30,"key":"Bronze Scales"},{"floor":34,"key":"Lantern"},{"floor":34,"key":"White Beast Statue"},{"floor":34,"key":"Charon\u0027s Ashes"},{"floor":41,"key":"Unceasing Top"},{"floor":43,"key":"Centennial Puzzle"},{"floor":43,"key":"Whetstone"},{"floor":45,"key":"Calipers"},{"floor":48,"key":"FossilizedHelix"}],"event_choices":[{"damage_healed":0,"gold_gain":0,"player_choice":"Success","damage_taken":3,"relics_obtained":["Meat on the Bone"],"max_hp_gain":0,"max_hp_loss":0,"event_name":"Scrap Ooze","floor":2,"gold_loss":0},{"damage_healed":20,"gold_gain":0,"player_choice":"Healed","damage_taken":0,"max_hp_gain":0,"max_hp_loss":0,"event_name":"The Cleric","floor":3,"gold_loss":35},{"damage_healed":0,"gold_gain":0,"player_choice":"Searched \u00272\u0027 times","damage_taken":0,"relics_obtained":["Darkstone Periapt"],"max_hp_gain":0,"max_hp_loss":0,"event_name":"Dead Adventurer","floor":12,"gold_loss":0},{"damage_healed":0,"gold_gain":0,"player_choice":"Fought Bandits","damage_taken":0,"max_hp_gain":0,"max_hp_loss":0,"event_name":"Masked Bandits","floor":21,"gold_loss":0},{"cards_removed":["Disarm"],"damage_healed":0,"gold_gain":0,"player_choice":"Removed Skill","damage_taken":0,"max_hp_gain":0,"max_hp_loss":0,"event_name":"Falling","floor":36,"gold_loss":0},{"damage_healed":80,"gold_gain":0,"player_choice":"Heal","damage_taken":0,"max_hp_gain":0,"max_hp_loss":11,"event_name":"The Moai Head","floor":39,"gold_loss":0},{"damage_healed":0,"gold_gain":0,"player_choice":"Fight","damage_taken":0,"max_hp_gain":0,"max_hp_loss":0,"event_name":"Mysterious Sphere","floor":41,"gold_loss":0}],"is_beta":false,"boss_relics":[{"not_picked":["Fusion Hammer","SlaversCollar"],"picked":"Runic Cube"},{"not_picked":["Coffee Dripper","Busted Crown"],"picked":"Calling Bell"}],"items_purged_floors":[],"is_endless":false,"potions_floor_spawned":[1,11,13,14,18,20,24,30,35,37,38,41,44,45,48],"killed_by":"Awakened One","ascension_level":0}}