{"host":"1c52r9kaxdyo25eq","time":1607773840,"event":{"mods":["AchievementEnabler","BaseMod","Minty Spire (QoL Compilation)","Rare Cards Sparkle","SuperFastMode","everything is the same but u backflip on backflip"],"gold_per_floor":[109,109,125,141,161,161,161,175,253,253,253,253,269,286,286,286,286],"floor_reached":16,"playtime":337,"items_purged":[],"score":183,"play_id":"53b8989a-3e1b-40fa-93fe-9ca3f5e30b54","local_time":"20201212205040","is_ascension_mode":true,"campfire_choices":[{"data":"Eruption","floor":6.0,"key":"SMITH"},{"floor":11.0,"key":"REST"},{"data":"Scrawl","floor":15.0,"key":"SMITH"}],"circlet_count":0,"master_deck":["AscendersBane","Strike_P","Strike_P","Strike_P","Defend_P","Defend_P","Defend_P","Defend_P","Eruption+1","Vigilance","Scrawl+1","InnerPeace","Prostrate","Adaptation"],"relics":["PureWater","Thread and Needle"],"acts_visited":["Exordium"],"potions_floor_usage":[],"damage_taken":[{"damage":0.0,"enemies":"2 Louse","floor":1.0,"turns":2.0},{"damage":13.0,"enemies":"Jaw Worm","floor":3.0,"turns":6.0},{"damage":3.0,"enemies":"Small Slimes","floor":4.0,"turns":3.0},{"damage":27.0,"enemies":"Exordium Thugs","floor":5.0,"turns":7.0},{"damage":0.0,"enemies":"3 Louse","floor":8.0,"turns":3.0},{"damage":5.0,"enemies":"Large Slime","floor":13.0,"turns":6.0},{"damage":13.0,"enemies":"2 Fungi Beasts","floor":14.0,"turns":3.0},{"damage":0,"enemies":"Slime Boss","floor":16,"turns":3}],"seed_played":"1967556008101274675","potions_obtained":[{"floor":3.0,"key":"Weak Potion"},{"floor":4.0,"key":"Fruit Juice"},{"floor":5.0,"key":"Block Potion"}],"is_trial":false,"path_per_floor":["M","?","M","M","M","R","?","M","T","?","R","?","M","M","R","B"],"character_chosen":"WATCHER","items_purchased":[],"campfire_rested":1,"item_purchase_floors":[],"current_hp_per_floor":[61,50,37,34,7,7,7,7,7,7,27,27,22,14,14,14,14],"gold":286,"neow_bonus":"ONE_RANDOM_RARE_CARD","is_daily":false,"chose_seed":false,"campfire_upgraded":2,"win_rate":0.0,"timestamp":1607773840,"path_taken":["M","?","M","M","M","R","?","M","T","?","R","?","M","M","R","BOSS"],"items_purchased_type":[],"build_version":"2020-11-30","purchased_purges":0,"victory":false,"max_hp_per_floor":[68,68,68,68,68,68,68,68,68,68,68,68,68,73,73,73,73],"card_choices":[{"not_picked":["PathToVictory","LikeWater"],"picked":"InnerPeace","floor":1.0},{"not_picked":["DeceiveReality","Protect","FollowUp"],"picked":"SKIP","floor":3.0},{"not_picked":["FlyingSleeves","Wireheading"],"picked":"Prostrate","floor":4.0},{"not_picked":["Wireheading","Crescendo","FlyingSleeves"],"picked":"SKIP","floor":5.0},{"not_picked":["FlyingSleeves","CrushJoints"],"picked":"Adaptation","floor":8.0},{"not_picked":["EmptyBody","JustLucky","Consecrate"],"picked":"SKIP","floor":13.0},{"not_picked":["Meditate","FlurryOfBlows","Pray"],"picked":"SKIP","floor":14.0}],"player_experience":464624,"relics_obtained":[],"event_choices":[{"damage_healed":0.0,"max_hp_gain":0.0,"max_hp_loss":0.0,"gold_gain":0.0,"event_name":"Scrap Ooze","player_choice":"Success","floor":2.0,"gold_loss":0.0,"damage_taken":11.0,"relics_obtained":["Thread and Needle"]},{"damage_healed":0.0,"max_hp_gain":0.0,"max_hp_loss":0.0,"gold_gain":0.0,"event_name":"Shining Light","player_choice":"Ignored","floor":7.0,"gold_loss":0.0,"damage_taken":0.0},{"cards_removed":["Strike_P"],"damage_healed":0.0,"max_hp_gain":0.0,"max_hp_loss":0.0,"gold_gain":0.0,"event_name":"Living Wall","player_choice":"Forget","floor":10.0,"gold_loss":0.0,"damage_taken":0.0},{"damage_healed":0.0,"max_hp_gain":0.0,"max_hp_loss":0.0,"gold_gain":0.0,"event_name":"Dead Adventurer","player_choice":"Searched \u00270\u0027 times","floor":12.0,"gold_loss":0.0,"damage_taken":0.0}],"is_beta":false,"boss_relics":[],"items_purged_floors":[],"is_endless":false,"potions_floor_spawned":[3,4,5],"killed_by":"Slime Boss","ascension_level":19}}