{"host":"6p0attdrtjqaih7v","time":1607754922,"event":{"mods":["2.2 Compatiblity","AchievementEnabler","Bard","BaseMod","Better Skull","Better Third Choice","Colored Powertips","Hermit","Highlight Path","Jorbs\u0027s Wanderer Trilogy","Key Reminder","Minty Spire (QoL Compilation)","Permanent Neow","Quick Restart","Random Character Button","Relic Stats","Replay The Spire","StSLib","The Construct"],"gold_per_floor":[112,112,132,143,156,156,191,191,191,278,290,370,382,461,473,631,643,700,161,190,210,210,210,236,236,236],"floor_reached":25,"playtime":1522,"items_purged":["hermit:Strike_Hermit"],"score":409,"play_id":"1cd3134b-8ee5-4332-87cd-58ad97f8c6b3","local_time":"20201212013522","is_ascension_mode":true,"campfire_choices":[{"data":"hermit:Gestalt","floor":6,"key":"SMITH"},{"floor":8,"key":"REST"},{"floor":13,"key":"REST"},{"data":"hermit:FlashPowder","floor":15,"key":"SMITH"},{"floor":23,"key":"REST"}],"circlet_count":0,"master_deck":["AscendersBane","hermit:Strike_Hermit","hermit:Strike_Hermit","hermit:Strike_Hermit","hermit:Defend_Hermit","hermit:Defend_Hermit","hermit:Defend_Hermit","hermit:Defend_Hermit","hermit:Snapshot+1","hermit:Covet","hermit:HoleUp","hermit:Gestalt+1","hermit:FlashPowder+1","hermit:Roulette","hermit:DeadOrAlive","hermit:FatalDesire","hermit:Coalescence","hermit:DeadOrAlive","hermit:Gestalt+1","hermit:Snipe","hermit:CursedWeapon","hermit:FlashPowder","hermit:Headshot","RitualDagger","hermit:EyeOfTheStorm"],"relics":["hermit:Momento","Replay:Towering Pillar of Hats","Ancient Tea Set","MawBank","FaceOfCleric","Garlic","construct:BoolHorns","keyreminder:keyreminder","Replay:Arrowhead"],"acts_visited":["Exordium","TheCity"],"potions_floor_usage":[12,18,21,21],"damage_taken":[{"damage":4,"enemies":"Small Slimes","floor":1,"turns":4},{"damage":1,"enemies":"Cultist","floor":3,"turns":3},{"damage":1,"enemies":"2 Louse","floor":4,"turns":3},{"damage":5,"enemies":"Lots of Slimes","floor":5,"turns":6},{"damage":17,"enemies":"Lagavulin","floor":7,"turns":8},{"damage":6,"enemies":"3 Sentries","floor":12,"turns":4},{"damage":2,"enemies":"Gremlin Nob","floor":14,"turns":4},{"damage":24,"enemies":"The Guardian","floor":16,"turns":17},{"damage":16,"enemies":"3 Byrds","floor":18,"turns":10},{"damage":19,"enemies":"Shell Parasite","floor":20,"turns":10},{"damage":22,"enemies":"Sentry and Sphere","floor":21,"turns":7},{"damage":19,"enemies":"3 Cultists","floor":24,"turns":7},{"damage":9,"enemies":"Snake Plant","floor":25,"turns":4}],"seed_played":"-6082274022832887932","potions_obtained":[{"floor":3,"key":"Explosive Potion"},{"floor":4,"key":"hermit:Tonic"},{"floor":16,"key":"FearPotion"},{"floor":18,"key":"AttackPotion"}],"is_trial":false,"path_per_floor":["M","?","M","M","M","R","E","R","T","?","?","E","R","E","R","B",null,"M","$","M","M","?","R","M","M"],"character_chosen":"HERMIT","items_purchased":["Replay:Arrowhead","hermit:Snipe","hermit:CursedWeapon"],"campfire_rested":3,"item_purchase_floors":[19,19,19],"current_hp_per_floor":[42,42,41,40,35,35,18,39,39,28,28,23,44,43,43,20,61,46,46,28,7,1,24,6,0,0],"gold":236,"neow_bonus":"ONE_RARE_RELIC","is_daily":false,"chose_seed":false,"campfire_upgraded":2,"win_rate":0.0,"timestamp":1607754922,"path_taken":["M","?","?","M","M","R","E","R","T","?","?","E","R","E","R","BOSS","M","$","?","M","?","R","M","M"],"items_purchased_type":["Relic","Card","Card"],"build_version":"2020-11-30","purchased_purges":1,"victory":false,"max_hp_per_floor":[71,71,71,71,71,71,71,71,71,71,71,72,72,73,73,74,74,75,75,76,77,77,77,78,78,78],"relic_stats":{"FaceOfCleric":7,"counters":[13,87],"MawBank":120,"obtain_stats":[{"construct:BoolHorns":14,"keyreminder:keyreminder":14,"Replay:Towering Pillar of Hats":0,"FaceOfCleric":11,"Garlic":12,"Ancient Tea Set":7,"MawBank":9,"hermit:Momento":0,"Replay:Arrowhead":19},{"construct:BoolHorns":7,"keyreminder:keyreminder":7,"Replay:Towering Pillar of Hats":0,"FaceOfCleric":5,"Garlic":6,"Ancient Tea Set":5,"MawBank":5,"hermit:Momento":0,"Replay:Arrowhead":9},{"construct:BoolHorns":32,"keyreminder:keyreminder":32,"Replay:Towering Pillar of Hats":0,"FaceOfCleric":24,"Garlic":28,"Ancient Tea Set":24,"MawBank":24,"hermit:Momento":0,"Replay:Arrowhead":59}]},"card_choices":[{"not_picked":["hermit:Desperado","hermit:TakeCover"],"picked":"hermit:HoleUp","floor":1},{"not_picked":["hermit:Ricochet","hermit:BigShot"],"picked":"hermit:Gestalt","floor":3},{"not_picked":["hermit:Virtue","hermit:HighCaliber"],"picked":"hermit:FlashPowder","floor":4},{"not_picked":["hermit:CalledShot","hermit:Misfire"],"picked":"hermit:Roulette","floor":5},{"not_picked":["hermit:Desperado","hermit:Manifest"],"picked":"hermit:DeadOrAlive","floor":7},{"not_picked":["hermit:Quickdraw","hermit:Combo"],"picked":"hermit:FatalDesire","floor":12},{"not_picked":["hermit:TrackingShot","hermit:SprayPray"],"picked":"hermit:Coalescence","floor":14},{"not_picked":["hermit:RoundhouseKick","hermit:BlackWind"],"picked":"hermit:DeadOrAlive","floor":16},{"not_picked":["hermit:BodyArmor","hermit:TakeCover"],"picked":"hermit:Gestalt+1","floor":18},{"not_picked":["hermit:Quickdraw","hermit:WideOpen"],"picked":"hermit:FlashPowder","floor":20},{"not_picked":["hermit:Snipe","hermit:ItchyTrigger"],"picked":"hermit:Headshot","floor":21},{"not_picked":["hermit:Quickdraw","hermit:ItchyTrigger+1"],"picked":"hermit:EyeOfTheStorm","floor":24}],"player_experience":817884,"relics_obtained":[{"floor":7,"key":"Ancient Tea Set"},{"floor":9,"key":"MawBank"},{"floor":12,"key":"Garlic"},{"floor":14,"key":"construct:BoolHorns"}],"event_choices":[{"damage_healed":0,"gold_gain":0,"player_choice":"Upgraded","damage_taken":0,"max_hp_gain":0,"max_hp_loss":0,"event_name":"Upgrade Shrine","floor":2,"gold_loss":0,"cards_upgraded":["hermit:Snapshot"]},{"damage_healed":0,"gold_gain":75,"player_choice":"Gather Gold","damage_taken":11,"max_hp_gain":0,"max_hp_loss":0,"event_name":"World of Goop","floor":10,"gold_loss":0},{"damage_healed":0,"gold_gain":0,"player_choice":"Trade","damage_taken":0,"relics_obtained":["FaceOfCleric"],"max_hp_gain":0,"max_hp_loss":0,"event_name":"FaceTrader","floor":11,"gold_loss":0},{"damage_healed":0,"gold_gain":0,"player_choice":"Joined the Cult","damage_taken":6,"max_hp_gain":0,"max_hp_loss":0,"event_name":"Nest","floor":22,"gold_loss":0,"cards_obtained":["RitualDagger"]}],"is_beta":false,"boss_relics":[{"not_picked":["Snecko Heart","ChewingGum","Runic Pyramid"]}],"items_purged_floors":[19],"is_endless":false,"potions_floor_spawned":[3,4,16,18],"killed_by":"Snake Plant","ascension_level":17}}