{"host":"ocll6kdfqxraqtza","time":1607802473,"event":{"mods":["2.2 Compatiblity","Act Like it!","Aspiration","BaseMod","Better Third Choice","Gensokyo","Hallownest","Hermit","Hubris","Jorbs\u0027s Wanderer Trilogy","Luminous","Marisa（霧雨　魔理沙）","Minty Spire (QoL Compilation)","Reimu（博??梦）","Replay The Spire","Shade Mod","StSLib","The Alterego","The Bug Knight","The Cursed","The Hierophant","The Runesmith","TheBandit","Wandering Minibosses","vexMod"],"gold_per_floor":[119,138,157,157,82,116,116,116,116,116,149,180,180,200,200,300,300,318,318,318,318,23,52,62,77,125,125,125,125,142,170,170,170,170],"floor_reached":33,"playtime":1308,"items_purged":["Strike_P"],"score":418,"play_id":"d130c9f8-ff91-43ac-abac-6b582b760801","local_time":"20201213034753","is_ascension_mode":true,"campfire_choices":[{"data":"Blur","floor":8,"key":"SMITH"},{"data":"Eruption","floor":13,"key":"SMITH"},{"data":"CrushJoints","floor":15,"key":"SMITH"},{"data":"Replay:AllIn","floor":27,"key":"SMITH"},{"floor":32,"key":"DIG"}],"circlet_count":0,"master_deck":["Eruption+1","Vigilance","ThirdEye","Consecrate","CrushJoints+1","Die Die Die+1","PiercingWail","Blur+1","Consecrate+1","Hallownest:skillLeafShield+1","Hallownest:skillLeafShield","Hallownest:skillLeafShield","Hallownest:skillLeafShield","Hallownest:skillLeafShield","FlurryOfBlows+1","Consecrate+1","JustLucky+1","Replay:AllIn+1","SashWhip+1","Hallownest:attackMasterCycloneSlash+1","FearNoEvil+1","EmptyBody+1","SashWhip+1","Study+1","Hallownest:pwrSporeShroom","Replay:Battleflow+1","Brilliance+1"],"relics":["PureWater","NeowsBlessing","Molten Egg 2","Gremlin Horn","Bag of Marbles","HornCleat","aspiration:SecretTechniqueScroll","hubris:PeanutButter","Ice Cream","Guide Book","ReplayTheSpireMod:TigerMarble","Replay:Mystery Machine"],"acts_visited":["Hallownest:Greenpath","Hallownest:CityofTears"],"potions_floor_usage":[16,16,31,31,31,31,31,33],"damage_taken":[{"damage":0,"enemies":"Hallownest:monsterHuskWarrior","floor":1,"turns":1},{"damage":1,"enemies":"Hallownest:2_Tiktiks_and_1_Crawlid","floor":2,"turns":2},{"damage":0,"enemies":"Hallownest:2_Baldur","floor":3,"turns":1},{"damage":0,"enemies":"Hallownest:eliteVengeflyKing","floor":6,"turns":5},{"damage":18,"enemies":"Hallownest:eliteMossKnight","floor":11,"turns":8},{"damage":0,"enemies":"Hallownest:eliteVengeflyKing","floor":12,"turns":5},{"damage":0,"enemies":"Hallownest:monsterAspidMother","floor":14,"turns":3},{"damage":18,"enemies":"Hallownest:BossFalseKnight","floor":16,"turns":5},{"damage":0,"enemies":"Hallownest:3_Youths","floor":18,"turns":4},{"damage":2,"enemies":"Hallownest:eliteWatcherKnight","floor":23,"turns":7},{"damage":0,"enemies":"Hallownest:Flukemon_and_Top","floor":24,"turns":2},{"damage":0,"enemies":"Hallownest:2_Flukemon","floor":25,"turns":3},{"damage":0,"enemies":"Hallownest:monsterMisterMushroom","floor":30,"turns":3},{"damage":2,"enemies":"Hallownest:eliteSoulWarrior","floor":31,"turns":4},{"damage":54,"enemies":"Hallownest:BossGrimm","floor":33,"turns":6}],"seed_played":"2823082740969808147","potions_obtained":[{"floor":1,"key":"PowerPotion"},{"floor":2,"key":"Ambrosia"},{"floor":14,"key":"DuplicationPotion"},{"floor":16,"key":"LiquidBronze"},{"floor":24,"key":"EntropicBrew"}],"is_trial":false,"path_per_floor":["M","M","M","?","$","E","?","R","T","?","?","E","R","M","R","B",null,"M","?","?","?","$","E","M","M","T","R","?","$","M","E","R","B"],"character_chosen":"WATCHER","items_purchased":["FearNoEvil+1","hubris:PeanutButter","Guide Book"],"campfire_rested":0,"item_purchase_floors":[22,22,29],"current_hp_per_floor":[72,71,71,71,71,71,65,65,65,65,47,47,47,47,47,29,65,65,65,65,65,65,63,63,63,63,63,63,53,53,51,51,0,0],"gold":170,"neow_bonus":"THREE_ENEMY_KILL","is_daily":false,"chose_seed":false,"campfire_upgraded":4,"win_rate":0.0,"timestamp":1607802473,"path_taken":["M","M","?","?","?","E","?","R","T","?","?","E","R","?","R","BOSS","M","?","?","?","$","E","M","M","T","R","?","?","?","E","R","BOSS"],"items_purchased_type":["Card","Relic","Relic"],"build_version":"2020-11-30","purchased_purges":1,"victory":false,"max_hp_per_floor":[72,72,72,72,72,72,65,65,65,65,65,65,65,65,65,65,65,65,65,65,65,65,65,65,65,65,65,65,65,65,65,65,65,65],"card_choices":[{"not_picked":["Collect","Replay:Battleflow"],"picked":"ThirdEye","floor":1},{"not_picked":["Halt","Replay:BluntJabs"],"picked":"Consecrate","floor":2},{"not_picked":["WindmillStrike","CutThroughFate"],"picked":"CrushJoints","floor":3},{"not_picked":["Weave+1","Swivel"],"picked":"Consecrate+1","floor":6},{"not_picked":["Indignation","BowlingBash+1"],"picked":"FlurryOfBlows+1","floor":11},{"not_picked":["DeceiveReality","BattleHymn"],"picked":"Consecrate+1","floor":12},{"not_picked":["Halt","ThirdEye"],"picked":"JustLucky+1","floor":14},{"not_picked":["Scrawl","ConjureBlade"],"picked":"Replay:AllIn","floor":16},{"not_picked":["Crescendo","Meditate"],"picked":"SashWhip+1","floor":18},{"not_picked":["Consecrate+1","Crescendo"],"picked":"EmptyBody+1","floor":23},{"not_picked":["JustLucky+1","CutThroughFate+1"],"picked":"SashWhip+1","floor":24},{"not_picked":["JustLucky+1","EmptyFist+1"],"picked":"Study+1","floor":25},{"not_picked":["Replay:AtTheReady","Consecrate+1"],"picked":"Replay:Battleflow+1","floor":30},{"not_picked":["CrushJoints+1","BowlingBash+1"],"picked":"Brilliance+1","floor":31}],"player_experience":448121,"relics_obtained":[{"floor":6,"key":"Molten Egg 2"},{"floor":9,"key":"Gremlin Horn"},{"floor":11,"key":"Bag of Marbles"},{"floor":12,"key":"HornCleat"},{"floor":23,"key":"Ice Cream"},{"floor":31,"key":"ReplayTheSpireMod:TigerMarble"},{"floor":32,"key":"Replay:Mystery Machine"}],"event_choices":[],"is_beta":false,"boss_relics":[{"not_picked":["Velvet Choker","aspiration:MobileForge"],"picked":"aspiration:SecretTechniqueScroll"}],"items_purged_floors":[5],"is_endless":false,"potions_floor_spawned":[1,2,14,16,24,25,30],"killed_by":"Hallownest:BossGrimm","ascension_level":3}}