{"host":"t0dvtgwziqfh5pc4","time":1607755958,"event":{"mods":["BaseMod","Colored Powertips","Downfall","Hermit","Infinite Spire","Lobotomy","Minty Spire (QoL Compilation)","Quick Restart","Replay The Spire","SIMod","Shop Mod","StSLib","The Bug Knight","The Cursed","The Hierophant","The Jungle"],"gold_per_floor":[114,114,114,131,131,160,160,45,69,69,69,69,69,69,69,143,143,156,156,156,171,7,7,7,7,7],"floor_reached":25,"playtime":1124,"items_purged":["Strike_B"],"score":436,"play_id":"357ae472-9bf9-476c-9f0f-b998589064c5","local_time":"20201212145238","daily_mods":["Heirloom","Flight"],"is_ascension_mode":true,"campfire_choices":[{"data":"Coolheaded","floor":7,"key":"SMITH"},{"data":"Loop","floor":10,"key":"SMITH"},{"data":"Dualcast","floor":13,"key":"SMITH"},{"floor":15,"key":"DIG"},{"floor":23,"key":"REST"},{"data":"Tempest","floor":24,"key":"SMITH"}],"circlet_count":0,"master_deck":["AscendersBane","Strike_B","Strike_B","Defend_B","Defend_B","Defend_B","Defend_B","Zap","Dualcast+1","Coolheaded+1","Murderer","MeatLantern","Tempest+1","Loop+1","Hologram","Buffer+1","Heatsinks","ReplayTheSpireMod:Haul"],"relics":["infinitespire:DarkRift","StoneCalendar","CogitoBucket","NeowsBlessing","Incense Burner","hexamod:BolsterEngine","infinitespire:Cubic Diamond","Geode","Inserter","Toolbox","Bronze Scales"],"acts_visited":["Exordium","TheCity"],"potions_floor_usage":[18,18],"damage_taken":[{"damage":2,"enemies":"Cultist","floor":1,"turns":4},{"damage":0,"enemies":"Small Slimes","floor":4,"turns":1},{"damage":0,"enemies":"3 Sentries","floor":6,"turns":1},{"damage":0,"enemies":"Fading Forest","floor":16,"turns":1},{"damage":50,"enemies":"3 Byrds","floor":18,"turns":7},{"damage":7,"enemies":"Spheric Guardian","floor":21,"turns":8},{"damage":42,"enemies":"Slavers","floor":25,"turns":1}],"seed_played":"1636441317749494744","potions_obtained":[{"floor":1,"key":"Fire Potion"},{"floor":4,"key":"SpeedPotion"}],"is_trial":true,"path_per_floor":["M","WH","WH","M","WH","E","R","$","T","R","?","?","R","$","R","B",null,"M","WH","AVR","M","$","R","R","E"],"character_chosen":"DEFECT","items_purchased":["Loop","Hologram","Bronze Scales"],"campfire_rested":1,"item_purchase_floors":[8,8,22],"current_hp_per_floor":[62,62,62,62,62,62,62,62,62,62,62,62,62,62,62,62,69,19,19,19,12,12,33,33,0,0],"gold":7,"neow_bonus":"UPGRADE_CARD","is_daily":false,"chose_seed":false,"campfire_upgraded":4,"win_rate":0.0,"timestamp":1607755958,"path_taken":["M","WH","WH","M","WH","E","R","$","T","R","?","?","R","$","R","BOSS","M","WH","AVR","M","$","R","R","E"],"items_purchased_type":["Card","Card","Relic"],"build_version":"2020-11-30","purchased_purges":1,"victory":false,"max_hp_per_floor":[71,71,71,71,71,71,71,71,71,71,71,71,71,71,71,71,71,71,71,71,71,71,71,71,71,71],"card_choices":[{"not_picked":["Redo","Hologram"],"picked":"Coolheaded","floor":1},{"not_picked":["CherryBlossoms","Scorched"],"picked":"Murderer","floor":4},{"not_picked":["Fusion","Go for the Eyes","ReplayTheSpireMod:GoodbyeWorld"],"picked":"SKIP","floor":4},{"not_picked":["FieryBird","BeautyBeast"],"picked":"MeatLantern","floor":6},{"not_picked":["Aggregate","Compile Driver"],"picked":"Tempest","floor":6},{"not_picked":["Core Surge","Echo Form"],"picked":"Buffer","floor":16},{"not_picked":["Barrage","Gash+1"],"picked":"Heatsinks","floor":18},{"not_picked":["Rip and Tear","Leap","Steam"],"picked":"SKIP","floor":21}],"player_experience":96149,"relics_obtained":[{"floor":6,"key":"Incense Burner"},{"floor":9,"key":"hexamod:BolsterEngine"},{"floor":15,"key":"Geode"}],"event_choices":[{"cards_removed":["Strike_B"],"damage_healed":0,"gold_gain":0,"player_choice":"Offered Basic","damage_taken":0,"max_hp_gain":0,"max_hp_loss":0,"event_name":"Bonfire Elementals","floor":12,"gold_loss":0}],"is_beta":false,"boss_relics":[{"not_picked":["Abe\u0027s Treasure","Empty Cage"],"picked":"Inserter"}],"items_purged_floors":[20],"is_endless":false,"potions_floor_spawned":[1,4],"killed_by":"Slavers","ascension_level":20}}