{"host":"tmiksjdllv4oe9un","time":1607797077,"event":{"mods":["Act Like it!","BaseMod","Card Forge","Defuse TimeMaze Blight","Googly Eyes","Hallownest","Minty Spire (QoL Compilation)","Quick Restart","StSLib"],"gold_per_floor":[117,128,138,138,158,190,0,0,24,56,56,90,110,129,129,225,225,243,255,255,275,291,291,308,343,343,253,25,25,42,53,53,53,53],"floor_reached":33,"playtime":1277,"items_purged":["Strike_G"],"score":366,"play_id":"c46a1303-ab13-463a-abe0-dc549e4fc139","local_time":"20201212131757","is_ascension_mode":false,"campfire_choices":[{"floor":11.0,"key":"REST"},{"floor":15.0,"key":"REST"},{"data":"Bouncing Flask","floor":23.0,"key":"SMITH"},{"floor":32.0,"key":"REST"}],"circlet_count":0,"master_deck":["Strike_G","Strike_G","Strike_G","Strike_G","Survivor","Neutralize","Endless Agony","Underhanded Strike","Bouncing Flask","Glass Knife","Hallownest:skillLeafShield+1","Hallownest:skillLeafShield","Hallownest:skillLeafShield","Hallownest:skillLeafShield+1","Hallownest:skillLeafShield","Outmaneuver","Reflex","Bouncing Flask+1","Blur","Backstab","Venomology","Footwork","Venomology","Hallownest:attackMasterCycloneSlash+1"],"relics":["Ring of the Snake","Hammer of Thor","Seething Fire","Anvil of the Gods","NeowsBlessing","Dream Catcher","Strawberry","War Paint","Happy Flower","Ice Cream","Philosopher\u0027s Stone","Red Mask","Sundial","Molten Egg 2","Hallownest:StagBellRelic1","Lantern"],"acts_visited":["Hallownest:Greenpath","Hallownest:CityofTears"],"potions_floor_usage":[33,33,33,33,33],"damage_taken":[{"damage":3.0,"enemies":"Hallownest:2_Tiktiks_and_1_Crawlid","floor":1.0,"turns":1.0},{"damage":0.0,"enemies":"Hallownest:2_Baldur","floor":2.0,"turns":1.0},{"damage":0.0,"enemies":"Hallownest:2_MossCreeps","floor":3.0,"turns":1.0},{"damage":32.0,"enemies":"Hallownest:1_Ooma_and_2_Uuma","floor":5.0,"turns":8.0},{"damage":23.0,"enemies":"Hallownest:eliteVengeflyKing","floor":6.0,"turns":9.0},{"damage":0.0,"enemies":"Hallownest:eliteCrystalGuardian","floor":10.0,"turns":5.0},{"damage":7.0,"enemies":"Hallownest:eliteMossKnight","floor":12.0,"turns":5.0},{"damage":0.0,"enemies":"Hallownest:monsterAspidMother","floor":13.0,"turns":6.0},{"damage":6.0,"enemies":"Hallownest:monsterFoolEater","floor":14.0,"turns":4.0},{"damage":34.0,"enemies":"Hallownest:BossBrokenVessel","floor":16.0,"turns":8.0},{"damage":14.0,"enemies":"Hallownest:2_Mistakes","floor":18.0,"turns":7.0},{"damage":18.0,"enemies":"Hallownest:Guard_and_Sentry","floor":19.0,"turns":4.0},{"damage":2.0,"enemies":"Hallownest:monsterMisterMushroom","floor":21.0,"turns":6.0},{"damage":8.0,"enemies":"Hallownest:Warrior_and_Youth","floor":22.0,"turns":4.0},{"damage":11.0,"enemies":"Hallownest:2_Husk_Sentries","floor":24.0,"turns":5.0},{"damage":0.0,"enemies":"Hallownest:eliteSoulWarrior","floor":25.0,"turns":7.0},{"damage":0.0,"enemies":"Hallownest:2_Flukemon","floor":30.0,"turns":5.0},{"damage":11.0,"enemies":"Hallownest:3_Mistakes","floor":31.0,"turns":8.0},{"damage":44,"enemies":"Hallownest:BossMantisLord","floor":33,"turns":4}],"seed_played":"8216406616700002017","potions_obtained":[{"floor":2.0,"key":"DistilledChaos"},{"floor":3.0,"key":"SneckoOil"},{"floor":6.0,"key":"Strength Potion"},{"floor":10.0,"key":"SpeedPotion"},{"floor":14.0,"key":"CunningPotion"},{"floor":18.0,"key":"Weak Potion"},{"floor":21.0,"key":"Swift Potion"},{"floor":30.0,"key":"Poison Potion"},{"floor":31.0,"key":"Weak Potion"}],"is_trial":false,"path_per_floor":["M","M","M","?","M","E","?","?","T","E","R","E","M","M","R","B",null,"M","M","?","M","M","R","M","E","T","?","$","?","M","M","R","B"],"character_chosen":"THE_SILENT","items_purchased":["Lantern"],"campfire_rested":3,"item_purchase_floors":[28],"current_hp_per_floor":[67,67,67,67,35,12,19,19,19,19,42,35,35,29,52,18,77,63,45,45,43,35,35,24,24,24,24,24,24,24,13,36,0,0],"gold":53,"neow_bonus":"THREE_ENEMY_KILL","is_daily":false,"chose_seed":false,"campfire_upgraded":1,"win_rate":0.0,"timestamp":1607797077,"path_taken":["M","M","M","?","M","E","?","?","T","E","R","E","M","?","R","BOSS","M","M","?","?","M","R","M","E","T","?","?","?","M","M","R","BOSS"],"items_purchased_type":["Relic"],"build_version":"2020-11-30","purchased_purges":1,"victory":false,"max_hp_per_floor":[70,70,70,70,70,70,77,77,77,77,77,77,77,77,77,77,77,77,77,77,77,77,77,77,77,77,77,77,77,77,77,77,77,77],"card_choices":[{"not_picked":["Blade Dance","Flying Knee","Dagger Spray"],"picked":"SKIP","floor":1.0},{"not_picked":["Terror","Dodge and Roll"],"picked":"Endless Agony","floor":2.0},{"not_picked":["Acrobatics","Dodge and Roll"],"picked":"Underhanded Strike","floor":3.0},{"not_picked":["All Out Attack","Deadly Poison"],"picked":"Bouncing Flask","floor":5.0},{"not_picked":["Quick Slash","Underhanded Strike"],"picked":"Glass Knife","floor":6.0},{"not_picked":["Backflip","Quick Slash"],"picked":"Outmaneuver","floor":10.0},{"not_picked":["Choke","Backflip"],"picked":"Reflex","floor":11.0},{"not_picked":["Heel Hook","Dodge and Roll"],"picked":"Bouncing Flask","floor":12.0},{"not_picked":["Prepared","Dash"],"picked":"Blur","floor":13.0},{"not_picked":["Eviscerate","Poisoned Stab"],"picked":"Backstab","floor":14.0},{"not_picked":["Die Die Die","Phantasmal Killer"],"picked":"Venomology","floor":16.0},{"not_picked":["Poisoned Stab","Flechettes","Quick Slash"],"picked":"SKIP","floor":18.0},{"not_picked":["Flying Knee","Dagger Spray+1","Deflect"],"picked":"SKIP","floor":19.0},{"not_picked":["Blade Dance","Skewer","Underhanded Strike"],"picked":"SKIP","floor":21.0},{"not_picked":["Acrobatics+1","Dagger Spray"],"picked":"Footwork","floor":22.0},{"not_picked":["Well Laid Plans","Slice","Choke"],"picked":"SKIP","floor":24.0},{"not_picked":["Bouncing Flask","Deadly Poison+1"],"picked":"Venomology","floor":25.0},{"not_picked":["Dash+1","Blade Dance","Dagger Throw+1"],"picked":"SKIP","floor":30.0},{"not_picked":["Acrobatics","Deflect","Tactician"],"picked":"SKIP","floor":31.0}],"player_experience":0,"relics_obtained":[{"floor":6.0,"key":"Dream Catcher"},{"floor":9.0,"key":"War Paint"},{"floor":10.0,"key":"Happy Flower"},{"floor":12.0,"key":"Ice Cream"},{"floor":25.0,"key":"Sundial"},{"floor":26.0,"key":"Molten Egg 2"}],"event_choices":[],"is_beta":false,"boss_relics":[{"not_picked":["Astrolabe","Coffee Dripper"],"picked":"Philosopher\u0027s Stone"}],"items_purged_floors":[28],"is_endless":false,"potions_floor_spawned":[2,3,6,10,14,18,21,30,31],"killed_by":"Hallownest:BossMantisLord","ascension_level":0}}