{"host":"o98f72bjn8jxgroo","time":1607816796,"event":{"mods":["Act Like it!","BaseMod","Become a monster ???","GifTheSpireLib","Jedi Mod","Minty Spire (QoL Compilation)","Relic Stats","Shedinja","Spicy Shops","StSLib","The Judge","TheBandit"],"gold_per_floor":[115,115,127,202,217,217,217,217,217,60,60,60,72,31,31,126,126,136,51,51,61,75,75,75,25,73,85,97,121,133,156,168,278,290,312,324,386,4,17,17,17,351,377,392,392,12,12,27,27,27],"floor_reached":51,"playtime":4423,"items_purged":[],"score":811,"play_id":"6562ff7f-d152-412e-9853-2a45bf08cead","local_time":"20201212214636","daily_mods":["SealedDeck","Flight"],"is_ascension_mode":false,"campfire_choices":[{"data":"wariomod:DonateDraw","floor":6.0,"key":"SMITH"},{"data":"wariomod:ChargeForth","floor":7.0,"key":"SMITH"},{"data":"wariomod:Game","floor":8.0,"key":"SMITH"},{"data":"wariomod:DiceyMove","floor":12.0,"key":"SMITH"},{"data":"wariomod:RacingSpeed","floor":15.0,"key":"SMITH"},{"data":"wariomod:VeryLongJump","floor":23.0,"key":"SMITH"},{"data":"wariomod:SpaceSwap","floor":24.0,"key":"SMITH"},{"data":"wariomod:RacingSpeed","floor":28.0,"key":"SMITH"},{"data":"wariomod:Purify","floor":30.0,"key":"SMITH"},{"data":"wariomod:Immortalize","floor":32.0,"key":"SMITH"},{"data":"wariomod:VeryLongJump","floor":40,"key":"SMITH"},{"data":"wariomod:Game","floor":41,"key":"SMITH"},{"data":"wariomod:ImFeelingLucky","floor":45,"key":"SMITH"},{"data":"wariomod:RacingSpeed","floor":47,"key":"SMITH"},{"data":"wariomod:DoubleDip","floor":49,"key":"SMITH"}],"circlet_count":0,"master_deck":["wariomod:PayItForwards","wariomod:ImFeelingLucky+1","wariomod:Immortalize+1","wariomod:DiceyMove+1","wariomod:Game+1","wariomod:Game+1","wariomod:RacingSpeed+1","wariomod:RacingSpeed+1","wariomod:RacingSpeed+1","wariomod:Purify+1","wariomod:ChargeForth+1","wariomod:DonateDraw+1","wariomod:VeryLongJump+1","wariomod:VeryLongJump+1","wariomod:Bombtime+1","wariomod:DoubleDip+1","wariomod:BoomBoom+1"],"relics":["wariomod:TheHat","jedi:maincommand","The Courier","Membership Card","Shedinja:ExtraMaxHp","wariomod:GlassHat","wariomod:SuperHat","wariomod:SmileyHat","wariomod:AngryHat","MawBank","Nilry\u0027s Codex","wariomod:PropellerHat","wariomod:SunglassHat","Membership Card","jedi:heavyjacket","TungstenRod","Eternal Feather","Old Coin","Damaru","Ice Cream","Damaru","Damaru","Damaru","Damaru","TwistedFunnel"],"acts_visited":["Exordium","TheCity","TheBeyond"],"potions_floor_usage":[33,50],"damage_taken":[{"damage":8.0,"enemies":"Jaw Worm","floor":1.0,"turns":2.0},{"damage":0.0,"enemies":"Cultist","floor":3.0,"turns":2.0},{"damage":1.0,"enemies":"Small Slimes","floor":5.0,"turns":2.0},{"damage":0.0,"enemies":"2 Fungi Beasts","floor":13.0,"turns":2.0},{"damage":0.0,"enemies":"Hexaghost","floor":16.0,"turns":5.0},{"damage":0.0,"enemies":"Shell Parasite","floor":18.0,"turns":3.0},{"damage":0.0,"enemies":"2 Thieves","floor":21.0,"turns":3.0},{"damage":0.0,"enemies":"3 Cultists","floor":22.0,"turns":3.0},{"damage":0.0,"enemies":"Snecko","floor":29.0,"turns":1.0},{"damage":0.0,"enemies":"Cultist and Chosen","floor":31.0,"turns":2.0},{"damage":47,"enemies":"Automaton","floor":33,"turns":8},{"damage":23,"enemies":"Orb Walker","floor":35,"turns":3},{"damage":14,"enemies":"Mind Bloom Boss Battle","floor":37,"turns":7},{"damage":0,"enemies":"3 Shapes","floor":39,"turns":2},{"damage":0,"enemies":"Giant Head","floor":42,"turns":6},{"damage":0,"enemies":"3 Darklings","floor":44,"turns":4},{"damage":0,"enemies":"Transient","floor":48,"turns":5},{"damage":23,"enemies":"Awakened One","floor":50,"turns":6}],"seed_played":"-218771231462697175","potions_obtained":[{"floor":1.0,"key":"Strength Potion"},{"floor":2.0,"key":"jedi:wingpotion"},{"floor":2.0,"key":"EssenceOfSteel"},{"floor":13.0,"key":"Energy Potion"},{"floor":18.0,"key":"Fruit Juice"},{"floor":22.0,"key":"Strength Potion"},{"floor":39,"key":"LiquidMemories"}],"is_trial":true,"path_per_floor":["M","?","M","?","M","R","R","R","T","$","?","R","M","$","R","B",null,"M","?","?","M","M","R","R","$","T","?","R","M","R","M","R","B",null,"M","?","?","$","M","R","R","E","T","M","R","$","R","M","R","B",null],"character_chosen":"THE_BANDIT","items_purchased":["jedi:command_shop","jedi:command_shop","jedi:command_uncommon","jedi:command_shop","jedi:command_uncommon","jedi:command_rare","jedi:command_uncommon","jedi:command_rare","jedi:command_common","jedi:command_common","jedi:command_common","jedi:command_common","jedi:command_shop"],"campfire_rested":0,"item_purchase_floors":[10,14,25,38,38,38,38,46,46,46,46,46,46],"current_hp_per_floor":[72,72,72,64,63,63,63,63,63,63,63,63,63,63,63,63,80,85,85,85,85,85,85,85,85,85,69,69,69,69,69,69,22,85,62,62,48,48,48,57,66,66,66,66,75,75,84,84,85,62],"gold":27,"neow_bonus":"","is_daily":false,"chose_seed":false,"campfire_upgraded":15,"win_rate":0.0,"timestamp":1607816796,"path_taken":["M","?","?","?","?","R","R","R","T","$","?","R","M","?","R","BOSS","M","?","?","?","?","R","R","$","T","?","R","M","R","M","R","BOSS","M","?","?","$","?","R","R","E","T","M","R","$","R","?","R","BOSS"],"items_purchased_type":["Relic","Relic","Relic","Relic","Relic","Relic","Relic","Relic","Relic","Relic","Relic","Relic","Relic"],"build_version":"2020-11-30","purchased_purges":0,"victory":true,"max_hp_per_floor":[80,80,80,80,80,80,80,80,80,80,80,80,80,80,80,80,80,85,85,85,85,85,85,85,85,85,85,85,85,85,85,85,85,85,85,85,85,85,85,85,85,85,85,85,85,85,85,85,85,85],"relic_stats":{"counters":[18,66],"Eternal Feather":37,"MawBank":144,"obtain_stats":[{"Ice Cream":46,"TwistedFunnel":46,"Nilry\u0027s Codex":27,"jedi:command_rare":37,"Shedinja:ExtraMaxHp":11,"jedi:command_boss":17,"Old Coin":42,"wariomod:SuperHat":17,"jedi:command_uncommon":9,"jedi:command_common":19,"wariomod:SmileyHat":19,"wariomod:TheHat":0,"Damaru":43,"Eternal Feather":38,"The Courier":9,"MawBank":26,"wariomod:AngryHat":25,"jedi:heavyjacket":38,"wariomod:PropellerHat":34,"jedi:maincommand":0,"Membership Card":10,"jedi:command_shop":10,"wariomod:SunglassHat":37,"TungstenRod":38,"wariomod:GlassHat":14},{"Ice Cream":16,"TwistedFunnel":16,"Nilry\u0027s Codex":8,"jedi:command_rare":13,"Shedinja:ExtraMaxHp":3,"jedi:command_boss":5,"Old Coin":15,"wariomod:SuperHat":5,"jedi:command_uncommon":3,"jedi:command_common":6,"wariomod:SmileyHat":6,"wariomod:TheHat":0,"Damaru":15,"Eternal Feather":13,"The Courier":3,"MawBank":8,"wariomod:AngryHat":8,"jedi:heavyjacket":13,"wariomod:PropellerHat":11,"jedi:maincommand":0,"Membership Card":3,"jedi:command_shop":3,"wariomod:SunglassHat":13,"TungstenRod":13,"wariomod:GlassHat":4},{"Ice Cream":55,"TwistedFunnel":55,"Nilry\u0027s Codex":22,"jedi:command_rare":43,"Shedinja:ExtraMaxHp":6,"jedi:command_boss":13,"Old Coin":51,"wariomod:SuperHat":13,"jedi:command_uncommon":6,"jedi:command_common":16,"wariomod:SmileyHat":16,"wariomod:TheHat":0,"Damaru":51,"Eternal Feather":43,"The Courier":6,"MawBank":22,"wariomod:AngryHat":22,"jedi:heavyjacket":43,"wariomod:PropellerHat":33,"jedi:maincommand":0,"Membership Card":6,"jedi:command_shop":6,"wariomod:SunglassHat":43,"TungstenRod":43,"wariomod:GlassHat":8}],"TungstenRod":1},"card_choices":[{"not_picked":["wariomod:Bombshield","wariomod:DropBash"],"picked":"wariomod:ChargeForth","floor":1.0},{"not_picked":["wariomod:SmackSlam","wariomod:SpikeSlash"],"picked":"wariomod:DonateDraw","floor":3.0},{"not_picked":["wariomod:DanceDash","wariomod:HastyRush"],"picked":"wariomod:SpaceSwap","floor":5.0},{"not_picked":["wariomod:Purify","wariomod:SpaceSwap","wariomod:BlastDash"],"picked":"SKIP","floor":13.0},{"not_picked":["wariomod:Sidestep","wariomod:BoomAndDoom"],"picked":"wariomod:VeryLongJump","floor":16.0},{"not_picked":["wariomod:Leapslam+1","wariomod:SmackSlam","wariomod:TheGrandJourney"],"picked":"SKIP","floor":18.0},{"not_picked":["wariomod:BoomBoom+1","wariomod:Boomsmack","wariomod:Smackflip"],"picked":"SKIP","floor":21.0},{"not_picked":["wariomod:BlastDash+1","wariomod:DiceyMove","wariomod:Boomsmack+1"],"picked":"SKIP","floor":22.0},{"not_picked":["wariomod:Boomsmack","wariomod:BumRush+1","wariomod:TrekTime"],"picked":"SKIP","floor":29.0},{"not_picked":["wariomod:Game+1","wariomod:OctoJump","wariomod:EmptyMind"],"picked":"SKIP","floor":31.0},{"not_picked":["wariomod:EnergizedBombs","wariomod:GodlyGift"],"picked":"wariomod:VeryLongJump","floor":33},{"not_picked":["wariomod:BlastDash+1","wariomod:NullJump+1","wariomod:SmackSlam"],"picked":"SKIP","floor":35},{"not_picked":["wariomod:SpikeSlash+1","wariomod:Hopshield+1"],"picked":"wariomod:Bombtime+1","floor":39},{"not_picked":["wariomod:TreasureDig+1","wariomod:CursedSpaces+1"],"picked":"wariomod:DoubleDip","floor":42},{"not_picked":["wariomod:SmackSlam","wariomod:ThatsNotAll+1"],"picked":"wariomod:BoomBoom+1","floor":44},{"not_picked":["wariomod:SpaceSwap","wariomod:Boomsmack+1","wariomod:Game+1"],"picked":"SKIP","floor":48}],"player_experience":323011,"relics_obtained":[{"floor":9.0,"key":"jedi:command_uncommon"},{"floor":26.0,"key":"jedi:command_common"},{"floor":27.0,"key":"Nilry\u0027s Codex"},{"floor":37,"key":"jedi:command_rare"},{"floor":42,"key":"jedi:command_rare"},{"floor":43,"key":"jedi:command_common"}],"event_choices":[{"damage_healed":0.0,"max_hp_gain":0.0,"max_hp_loss":0.0,"gold_gain":0.0,"event_name":"Lab","player_choice":"Got Potions","floor":2.0,"gold_loss":0.0,"damage_taken":0.0},{"damage_healed":0.0,"max_hp_gain":0.0,"max_hp_loss":0.0,"gold_gain":75.0,"event_name":"FaceTrader","player_choice":"Touch","floor":4.0,"gold_loss":0.0,"damage_taken":8.0},{"damage_healed":0.0,"max_hp_gain":0.0,"max_hp_loss":0.0,"gold_gain":0.0,"event_name":"Addict","player_choice":"Obtained Relic","floor":19.0,"gold_loss":85.0,"damage_taken":0.0,"relics_obtained":["jedi:command_common"]},{"damage_healed":0.0,"max_hp_gain":0.0,"max_hp_loss":0.0,"gold_gain":0.0,"event_name":"The Woman in Blue","player_choice":"Bought 0 Potions","floor":20.0,"gold_loss":0.0,"damage_taken":0.0},{"damage_healed":0.0,"max_hp_gain":0.0,"max_hp_loss":0.0,"gold_gain":0.0,"event_name":"Cursed Tome","player_choice":"Obtained Book","floor":27.0,"gold_loss":0.0,"damage_taken":16.0},{"cards_removed":["wariomod:SpaceSwap"],"damage_healed":0,"gold_gain":0,"player_choice":"Removed Skill","damage_taken":0,"max_hp_gain":0,"max_hp_loss":0,"event_name":"Falling","floor":36,"gold_loss":0},{"damage_healed":0,"gold_gain":0,"player_choice":"Fight","damage_taken":0,"max_hp_gain":0,"max_hp_loss":0,"event_name":"MindBloom","floor":37,"gold_loss":0}],"is_beta":false,"boss_relics":[{"not_picked":["jedi:command_boss","jedi:command_boss"],"picked":"jedi:command_boss"},{"not_picked":["jedi:command_boss","jedi:command_boss"],"picked":"jedi:command_boss"}],"items_purged_floors":[],"is_endless":false,"potions_floor_spawned":[1,13,18,22,39,42],"ascension_level":0}}