{"host":"ih7ofq2zpufcoifs","time":1607763651,"event":{"mods":["BaseMod","Colored Map","Minty Spire (QoL Compilation)"],"gold_per_floor":[115,5,180,180,199,224,224,252,276,276,276,301,313,327,327,429,429,440,450,1,21,4,4,39,39,66,76,107,107,107,121,121,224,224,238,6,6,24,36,36,71,90,90,90,90,90,103,136,136,136,136,136,38,65,65],"floor_reached":56,"playtime":5038,"items_purged":["Strike_R","Strike_R"],"score":1882,"play_id":"061c32ed-930b-4593-9e3f-f31872f518fc","local_time":"20201212190051","is_ascension_mode":true,"campfire_choices":[{"data":"Feed","floor":7.0,"key":"SMITH"},{"floor":10.0,"key":"REST"},{"data":"Feel No Pain","floor":15.0,"key":"SMITH"},{"data":"Disarm","floor":23.0,"key":"SMITH"},{"data":"Spot Weakness","floor":25.0,"key":"SMITH"},{"data":"Feel No Pain","floor":30.0,"key":"SMITH"},{"data":"Immolate","floor":32.0,"key":"SMITH"},{"data":"Deep Breath","floor":40.0,"key":"SMITH"},{"floor":44.0,"key":"RECALL"},{"data":"Dark Embrace","floor":46.0,"key":"SMITH"},{"data":"True Grit","floor":49.0,"key":"SMITH"},{"data":"Finesse","floor":52.0,"key":"SMITH"}],"circlet_count":0,"master_deck":["AscendersBane","Strike_R","Defend_R","Defend_R","Defend_R","Defend_R","Bash","Carnage","Carnage","Disarm+1","Feed+1","Bash","Burning Pact","Spot Weakness+1","Headbutt","Fiend Fire","Flame Barrier","Feel No Pain+1","Offering","Flex+1","Feel No Pain+1","Entrench","Spot Weakness","Metallicize","Inflame","Shockwave+1","Immolate+1","Limit Break","Second Wind+1","Dark Embrace+1","Deep Breath+1","True Grit+1","Master of Strategy","Finesse+1","Feel No Pain+1","Havoc","Havoc+1","Shrug It Off","Flash of Steel"],"relics":["Burning Blood","Omamori","PreservedInsect","Gambling Chip","Bronze Scales","Letter Opener","Runic Pyramid","Membership Card","Bird Faced Urn","Dream Catcher","Cursed Key","TheAbacus","TungstenRod","White Beast Statue","Pocketwatch","Sundial"],"acts_visited":["Exordium","TheCity","TheBeyond","TheEnding"],"potions_floor_usage":[55],"damage_taken":[{"damage":5.0,"enemies":"2 Louse","floor":1.0,"turns":3.0},{"damage":0.0,"enemies":"Small Slimes","floor":5.0,"turns":3.0},{"damage":30.0,"enemies":"Gremlin Nob","floor":6.0,"turns":5.0},{"damage":35.0,"enemies":"3 Sentries","floor":8.0,"turns":9.0},{"damage":0.0,"enemies":"Gremlin Nob","floor":12.0,"turns":2.0},{"damage":4.0,"enemies":"Cultist","floor":13.0,"turns":3.0},{"damage":7.0,"enemies":"Exordium Wildlife","floor":14.0,"turns":3.0},{"damage":49.0,"enemies":"Hexaghost","floor":16.0,"turns":13.0},{"damage":6.0,"enemies":"Spheric Guardian","floor":18.0,"turns":4.0},{"damage":12.0,"enemies":"3 Byrds","floor":19.0,"turns":4.0},{"damage":22.0,"enemies":"Shelled Parasite and Fungi","floor":21.0,"turns":5.0},{"damage":16.0,"enemies":"Slavers","floor":24.0,"turns":3.0},{"damage":6.0,"enemies":"3 Cultists","floor":27.0,"turns":5.0},{"damage":20.0,"enemies":"Book of Stabbing","floor":28.0,"turns":3.0},{"damage":6.0,"enemies":"Snake Plant","floor":31.0,"turns":3.0},{"damage":25.0,"enemies":"Collector","floor":33.0,"turns":8.0},{"damage":24.0,"enemies":"3 Darklings","floor":35.0,"turns":3.0},{"damage":0.0,"enemies":"3 Shapes","floor":38.0,"turns":3.0},{"damage":5.0,"enemies":"Spire Growth","floor":39.0,"turns":3.0},{"damage":0.0,"enemies":"Giant Head","floor":41.0,"turns":6.0},{"damage":15.0,"enemies":"4 Shapes","floor":42.0,"turns":7.0},{"damage":9.0,"enemies":"Transient","floor":47.0,"turns":5.0},{"damage":5.0,"enemies":"Nemesis","floor":48.0,"turns":7.0},{"damage":47.0,"enemies":"Awakened One","floor":50.0,"turns":15.0},{"damage":30.0,"enemies":"Shield and Spear","floor":54.0,"turns":6.0},{"damage":11,"enemies":"The Heart","floor":55,"turns":8}],"seed_played":"-5254708682286824661","potions_obtained":[{"floor":1.0,"key":"Block Potion"},{"floor":8.0,"key":"BloodPotion"},{"floor":13.0,"key":"Swift Potion"},{"floor":19.0,"key":"ElixirPotion"},{"floor":21.0,"key":"AttackPotion"},{"floor":27.0,"key":"Explosive Potion"},{"floor":28.0,"key":"PowerPotion"},{"floor":38.0,"key":"SkillPotion"},{"floor":47.0,"key":"Dexterity Potion"},{"floor":48.0,"key":"Ancient Potion"},{"floor":54.0,"key":"BloodPotion"}],"is_trial":false,"path_per_floor":["M","$","?","?","M","E","R","E","T","R","?","E","M","M","R","B",null,"M","M","$","M","$","R","E","R","T","M","E","?","R","M","R","B",null,"M","$","?","M","M","R","E","M","T","R","?","R","M","E","R","B",null,"R","$","E","B",null],"character_chosen":"IRONCLAD","items_purchased":["Carnage","Disarm","Membership Card","Feel No Pain","Bird Faced Urn","Entrench","DuplicationPotion","Metallicize","Dark Embrace","Deep Breath","TheAbacus","True Grit","Flash of Steel","FairyPotion"],"campfire_rested":1,"item_purchase_floors":[2,2,20,20,20,20,20,22,36,36,36,36,53,53],"current_hp_per_floor":[73,73,73,73,82,61,61,36,36,63,63,73,79,82,82,43,90,94,92,92,105,105,105,99,99,99,109,103,103,103,109,109,98,125,111,111,101,113,120,120,138,137,137,137,137,137,142,146,146,113,141,141,141,129,136],"gold":65,"neow_bonus":"RANDOM_COMMON_RELIC","is_daily":false,"chose_seed":false,"campfire_upgraded":10,"win_rate":0.0,"timestamp":1607763651,"path_taken":["M","$","?","?","?","E","R","E","T","R","?","E","M","M","R","BOSS","M","M","$","M","?","R","E","R","T","M","E","?","R","M","R","BOSS","M","$","?","M","M","R","E","M","T","R","?","R","?","E","R","BOSS","R","$","E","BOSS"],"items_purchased_type":["Card","Card","Relic","Card","Relic","Card","Potion","Card","Card","Card","Relic","Card","Card","Potion"],"build_version":"2020-11-30","purchased_purges":2,"victory":true,"max_hp_per_floor":[80,80,80,80,83,86,86,90,90,90,90,94,98,102,102,106,106,110,114,114,118,118,118,122,122,122,126,130,130,130,134,134,134,134,134,134,134,138,138,138,142,142,142,142,142,142,142,146,146,150,150,150,150,150,150],"card_choices":[{"not_picked":["Second Wind","Clothesline"],"picked":"Carnage","floor":1.0},{"not_picked":["Flex","Headbutt"],"picked":"Burning Pact","floor":5.0},{"not_picked":["Armaments","Perfected Strike","Dark Embrace"],"picked":"SKIP","floor":6.0},{"not_picked":["Clash","Ghostly Armor"],"picked":"Spot Weakness","floor":8.0},{"not_picked":["Juggernaut","Wild Strike"],"picked":"Fiend Fire","floor":12.0},{"not_picked":["Heavy Blade","Rage"],"picked":"Flame Barrier","floor":13.0},{"not_picked":["Headbutt","Flame Barrier"],"picked":"Feel No Pain","floor":14.0},{"not_picked":["Fiend Fire","Berserk"],"picked":"Offering","floor":16.0},{"not_picked":["Rage","Sword Boomerang","Pummel"],"picked":"SKIP","floor":18.0},{"not_picked":["Infernal Blade","Clothesline"],"picked":"Flex+1","floor":19.0},{"not_picked":["Twin Strike","Iron Wave+1"],"picked":"Spot Weakness","floor":21.0},{"not_picked":["Sword Boomerang","Flame Barrier","Perfected Strike+1"],"picked":"SKIP","floor":24.0},{"not_picked":["Pommel Strike+1","Thunderclap"],"picked":"Inflame","floor":27.0},{"not_picked":["Twin Strike","Pommel Strike"],"picked":"Shockwave","floor":28.0},{"not_picked":["Body Slam+1","Clothesline"],"picked":"Immolate","floor":31.0},{"not_picked":["Bludgeon","Feed"],"picked":"Limit Break","floor":33.0},{"not_picked":["Flex+1","Pummel+1"],"picked":"Second Wind+1","floor":35.0},{"not_picked":["Good Instincts","Magnetism"],"picked":"Master of Strategy","floor":37.0},{"not_picked":["Mind Blast","HandOfGreed"],"picked":"Finesse","floor":37.0},{"not_picked":["Intimidate","Cleave"],"picked":"Feel No Pain+1","floor":38.0},{"not_picked":["Whirlwind+1","Blood for Blood+1"],"picked":"Havoc","floor":39.0},{"not_picked":["Second Wind","Intimidate","Armaments"],"picked":"SKIP","floor":41.0},{"not_picked":["Twin Strike+1","Heavy Blade"],"picked":"Havoc+1","floor":42.0},{"not_picked":["Berserk","Heavy Blade+1","Clash"],"picked":"SKIP","floor":47.0},{"not_picked":["Whirlwind+1","Demon Form"],"picked":"Shrug It Off","floor":48.0},{"not_picked":["Anger+1","Searing Blow+1","Thunderclap+1"],"picked":"SKIP","floor":54.0}],"player_experience":286414,"relics_obtained":[{"floor":6.0,"key":"PreservedInsect"},{"floor":8.0,"key":"Gambling Chip"},{"floor":9.0,"key":"Bronze Scales"},{"floor":12.0,"key":"Letter Opener"},{"floor":24.0,"key":"Dream Catcher"},{"floor":41.0,"key":"TungstenRod"},{"floor":43.0,"key":"White Beast Statue"},{"floor":48.0,"key":"Pocketwatch"},{"floor":54.0,"key":"Sundial"}],"event_choices":[{"damage_healed":0.0,"max_hp_gain":0.0,"max_hp_loss":0.0,"gold_gain":175.0,"event_name":"Liars Game","player_choice":"AGREE","floor":3.0,"gold_loss":0.0,"damage_taken":0.0,"cards_obtained":["Doubt"]},{"damage_healed":0.0,"max_hp_gain":0.0,"max_hp_loss":0.0,"gold_gain":0.0,"event_name":"Match and Keep!","player_choice":"2 cards matched","floor":4.0,"gold_loss":0.0,"damage_taken":0.0,"cards_obtained":["Feed","Bash"]},{"damage_healed":0.0,"max_hp_gain":0.0,"max_hp_loss":0.0,"gold_gain":0.0,"cards_transformed":["Strike_R"],"event_name":"Transmorgrifier","player_choice":"Transformed","floor":11.0,"gold_loss":0.0,"damage_taken":0.0,"cards_obtained":["Headbutt"]},{"damage_healed":0.0,"max_hp_gain":0.0,"max_hp_loss":0.0,"gold_gain":0.0,"event_name":"Upgrade Shrine","player_choice":"Upgraded","floor":29.0,"gold_loss":0.0,"damage_taken":0.0,"cards_upgraded":["Shockwave"]},{"damage_healed":0.0,"max_hp_gain":0.0,"max_hp_loss":0.0,"gold_gain":0.0,"event_name":"SensoryStone","player_choice":"Memory 3","floor":37.0,"gold_loss":0.0,"damage_taken":10.0},{"cards_removed":["Strike_R"],"damage_healed":0.0,"max_hp_gain":0.0,"max_hp_loss":0.0,"gold_gain":0.0,"event_name":"Purifier","player_choice":"Purged","floor":45.0,"gold_loss":0.0,"damage_taken":0.0}],"is_beta":false,"boss_relics":[{"not_picked":["Runic Dome","Busted Crown"],"picked":"Runic Pyramid"},{"not_picked":["Fusion Hammer","Empty Cage"],"picked":"Cursed Key"}],"items_purged_floors":[20,36],"is_endless":false,"potions_floor_spawned":[1,8,13,19,21,27,28,38,47,48,54],"ascension_level":10}}