{"host":"201alm3szw4w07u0","time":1607794952,"event":{"mods":["AchievementEnabler","BaseMod","Colored Map","Colored Powertips","Minty Spire (QoL Compilation)","Quick Restart","StSLib","SuperFastMode"],"gold_per_floor":[109,166,166,182,199,199,199,199,226,226,237,84,84,99,99,198,198,213,213,31,44,44,44,64,77,153,153,78,92,105,125,125,125,125],"floor_reached":33,"playtime":495,"items_purged":[],"score":239,"play_id":"a525a3bd-af45-4a7a-a268-d893e405086b","local_time":"20201213024232","is_ascension_mode":false,"campfire_choices":[{"data":"Immolate","floor":6,"key":"SMITH"},{"data":"Perfected Strike","floor":8,"key":"SMITH"},{"data":"Strike_R","floor":13,"key":"SMITH"},{"data":"Strike_R","floor":15,"key":"SMITH"},{"data":"Apotheosis","floor":27,"key":"SMITH"},{"floor":32,"key":"REST"}],"circlet_count":0,"master_deck":["Strike_R+1","Strike_R+1","Strike_R","Strike_R","Strike_R","Defend_R+1","Defend_R+1","Defend_R","Bash+1","Cleave+1","Perfected Strike+1","Immolate+1","Wild Strike","Apotheosis+1","Wild Strike","Wild Strike+1","Perfected Strike+1"],"relics":["Burning Blood","War Paint","Juzu Bracelet","MealTicket","Philosopher\u0027s Stone","Letter Opener"],"acts_visited":["Exordium","TheCity"],"potions_floor_usage":[16,21,31,31,33],"damage_taken":[{"damage":11,"enemies":"Jaw Worm","floor":1,"turns":3},{"damage":0,"enemies":"Cultist","floor":4,"turns":3},{"damage":10,"enemies":"Small Slimes","floor":5,"turns":3},{"damage":0,"enemies":"Gremlin Gang","floor":11,"turns":2},{"damage":0,"enemies":"3 Louse","floor":14,"turns":1},{"damage":59,"enemies":"Hexaghost","floor":16,"turns":9},{"damage":33,"enemies":"Shell Parasite","floor":18,"turns":3},{"damage":9,"enemies":"2 Thieves","floor":21,"turns":3},{"damage":0,"enemies":"Snake Plant","floor":24,"turns":2},{"damage":55,"enemies":"Centurion and Healer","floor":25,"turns":4},{"damage":0,"enemies":"3 Cultists","floor":29,"turns":3},{"damage":25,"enemies":"Snecko","floor":30,"turns":4},{"damage":3,"enemies":"Sentry and Sphere","floor":31,"turns":3},{"damage":38,"enemies":"Champ","floor":33,"turns":3}],"seed_played":"8206666044518937342","potions_obtained":[{"floor":4,"key":"Explosive Potion"},{"floor":5,"key":"Energy Potion"},{"floor":11,"key":"LiquidBronze"},{"floor":24,"key":"LiquidBronze"},{"floor":29,"key":"BlessingOfTheForge"}],"is_trial":false,"path_per_floor":["M","?","T","M","M","R","?","R","T","?","M","$","R","M","R","B",null,"M","?","$","M","?","?","M","M","T","R","?","M","M","M","R","B"],"character_chosen":"IRONCLAD","items_purchased":["MealTicket","Apotheosis"],"campfire_rested":1,"item_purchase_floors":[12,20],"current_hp_per_floor":[75,75,75,80,76,76,76,76,76,76,80,80,80,80,80,27,80,53,53,68,65,65,65,71,22,22,22,22,28,9,12,36,0,0],"gold":125,"neow_bonus":"UPGRADE_CARD","is_daily":false,"chose_seed":false,"campfire_upgraded":5,"win_rate":0.0,"timestamp":1607794952,"path_taken":["M","?","?","?","M","R","?","R","T","?","M","$","R","M","R","BOSS","M","?","$","M","?","?","M","M","T","R","?","M","M","M","R","BOSS"],"items_purchased_type":["Relic","Card"],"build_version":"2020-11-30","purchased_purges":0,"victory":false,"max_hp_per_floor":[80,80,80,80,80,80,80,80,80,80,80,80,80,80,80,80,80,80,80,80,80,80,80,80,80,80,80,80,80,80,80,80,80,80],"card_choices":[{"not_picked":["Body Slam","Carnage"],"picked":"Cleave","floor":1},{"not_picked":["Warcry","Flex"],"picked":"Perfected Strike","floor":4},{"not_picked":["Feel No Pain","Heavy Blade"],"picked":"Immolate","floor":5},{"not_picked":["Anger","Armaments","Sword Boomerang"],"picked":"SKIP","floor":11},{"not_picked":["Heavy Blade","Combust","Iron Wave"],"picked":"SKIP","floor":14},{"not_picked":["Body Slam","Headbutt+1"],"picked":"Wild Strike","floor":18},{"not_picked":["Blood for Blood","Clash"],"picked":"Wild Strike","floor":21},{"not_picked":["Burning Pact","Flex"],"picked":"Wild Strike+1","floor":24},{"not_picked":["Iron Wave","Clash"],"picked":"Perfected Strike+1","floor":25},{"not_picked":["Anger+1","Ghostly Armor","Warcry"],"picked":"SKIP","floor":29},{"not_picked":["Pommel Strike","Impervious","Carnage"],"picked":"SKIP","floor":30},{"not_picked":["True Grit+1","Feel No Pain","Pommel Strike"],"picked":"SKIP","floor":31}],"player_experience":481940,"relics_obtained":[{"floor":3,"key":"War Paint"},{"floor":9,"key":"Juzu Bracelet"},{"floor":26,"key":"Letter Opener"}],"event_choices":[{"damage_healed":0,"gold_gain":57,"player_choice":"Gained Gold","damage_taken":0,"max_hp_gain":0,"max_hp_loss":0,"event_name":"Golden Wing","floor":2,"gold_loss":0},{"damage_healed":0,"gold_gain":0,"player_choice":"Bought 0 Potions","damage_taken":0,"max_hp_gain":0,"max_hp_loss":0,"event_name":"The Woman in Blue","floor":7,"gold_loss":0},{"damage_healed":0,"gold_gain":0,"player_choice":"Upgraded","damage_taken":0,"max_hp_gain":0,"max_hp_loss":0,"event_name":"Upgrade Shrine","floor":10,"gold_loss":0,"cards_upgraded":["Cleave"]},{"damage_healed":0,"gold_gain":0,"player_choice":"Ignored","damage_taken":0,"max_hp_gain":0,"max_hp_loss":0,"event_name":"Vampires","floor":19,"gold_loss":0},{"damage_healed":0,"gold_gain":0,"player_choice":"Ignored","damage_taken":0,"max_hp_gain":0,"max_hp_loss":0,"event_name":"Ghosts","floor":22,"gold_loss":0},{"damage_healed":0,"gold_gain":0,"player_choice":"Ignored","damage_taken":0,"max_hp_gain":0,"max_hp_loss":0,"event_name":"The Mausoleum","floor":23,"gold_loss":0},{"cards_removed":["Defend_R"],"damage_healed":0,"gold_gain":0,"player_choice":"Gave Gold","damage_taken":0,"max_hp_gain":0,"max_hp_loss":0,"event_name":"Beggar","floor":28,"gold_loss":75}],"is_beta":false,"boss_relics":[{"not_picked":["Empty Cage","Cursed Key"],"picked":"Philosopher\u0027s Stone"}],"items_purged_floors":[],"is_endless":false,"potions_floor_spawned":[4,5,11,24,29],"killed_by":"Champ","ascension_level":0}}