{"host":"p7j7o00jacnw7qzt","time":1607746032,"event":{"mods":["BaseMod","Colored Map","Colored Powertips","DeckTracker","Highlight Path","Minty Spire (QoL Compilation)","Relic Stats"],"gold_per_floor":[114,129,139,139,150,150,164,239,239,239,164,164,164],"floor_reached":12,"playtime":367,"items_purged":["Strike_R"],"score":140,"play_id":"0129730f-c17e-40cf-8b7d-e415390500d5","local_time":"20201211230712","is_ascension_mode":true,"campfire_choices":[{"floor":6.0,"key":"REST"},{"floor":10.0,"key":"REST"}],"circlet_count":0,"master_deck":["AscendersBane","Strike_R","Strike_R","Strike_R","Strike_R","Defend_R","Defend_R","Defend_R","Defend_R","Bash","Shrug It Off","Power Through","Feed","Blood for Blood"],"relics":["Burning Blood","Anchor"],"acts_visited":["Exordium"],"potions_floor_usage":[],"damage_taken":[{"damage":7.0,"enemies":"Small Slimes","floor":1.0,"turns":4.0},{"damage":14.0,"enemies":"2 Louse","floor":2.0,"turns":4.0},{"damage":7.0,"enemies":"Jaw Worm","floor":3.0,"turns":4.0},{"damage":35.0,"enemies":"Exordium Thugs","floor":5.0,"turns":7.0},{"damage":60.0,"enemies":"Gremlin Gang","floor":7.0,"turns":5.0},{"damage":25,"enemies":"Lagavulin","floor":12,"turns":5}],"seed_played":"-2744778924338195550","potions_obtained":[{"floor":2.0,"key":"ColorlessPotion"},{"floor":3.0,"key":"Energy Potion"}],"is_trial":false,"path_per_floor":["M","M","M","?","M","R","M","?","T","R","$","E"],"character_chosen":"IRONCLAD","items_purchased":[],"campfire_rested":2,"item_purchase_floors":[],"current_hp_per_floor":[74,66,65,70,41,67,16,5,5,32,32,7,7],"gold":164,"neow_bonus":"TEN_PERCENT_HP_BONUS","is_daily":false,"chose_seed":false,"campfire_upgraded":0,"win_rate":0.0,"timestamp":1607746032,"path_taken":["M","M","M","?","M","R","M","?","T","R","$","E"],"items_purchased_type":[],"build_version":"2020-11-30","purchased_purges":1,"victory":false,"max_hp_per_floor":[82,82,82,87,87,87,90,90,90,90,90,90,90],"relic_stats":{"counters":[6,29],"obtain_stats":[{"Anchor":9,"Burning Blood":0},{"Anchor":5,"Burning Blood":0},{"Anchor":24,"Burning Blood":0}],"Burning Blood":30},"card_choices":[{"not_picked":["Havoc","Entrench"],"picked":"Shrug It Off","floor":1.0},{"not_picked":["Perfected Strike","Flex"],"picked":"Power Through","floor":2.0},{"not_picked":["Headbutt","Clothesline","Havoc"],"picked":"SKIP","floor":3.0},{"not_picked":["Cleave","Iron Wave"],"picked":"Feed","floor":5.0},{"not_picked":["Anger","Shrug It Off"],"picked":"Blood for Blood","floor":7.0}],"player_experience":797178,"relics_obtained":[{"floor":9.0,"key":"Anchor"}],"event_choices":[{"damage_healed":0.0,"max_hp_gain":5.0,"max_hp_loss":0.0,"gold_gain":0.0,"event_name":"Big Fish","player_choice":"Donut","floor":4.0,"gold_loss":0.0,"damage_taken":0.0},{"damage_healed":0.0,"max_hp_gain":0.0,"max_hp_loss":0.0,"gold_gain":75.0,"event_name":"World of Goop","player_choice":"Gather Gold","floor":8.0,"gold_loss":0.0,"damage_taken":11.0}],"is_beta":false,"boss_relics":[],"items_purged_floors":[11],"is_endless":false,"potions_floor_spawned":[2,3],"killed_by":"Lagavulin","ascension_level":20}}