{"host":"lnc26sm36s9d8cik","time":1607785965,"event":{"mods":["Act Like it!","Bartender","BaseMod","Dio Mod","Downfall","Duelist Mod","Elementarium","Gensokyo","GifTheSpireLib","Hubris","Magitek Elite","Melee Mod","Mimic Mod","Minty Spire (QoL Compilation)","Prisma Mod","Remilia??????","Shade Mod","Spicy Shops","StSLib","The Administrix","The Alterego","The Animator","The Cursed","The Exalted","The Gatherer","The Hierophant","The Necromancer","The Poker Player","The Senshi","The Servant 0.9.4","The Wild Card","TheBandit","WarShipGirlsR/????R mod"],"gold_per_floor":[119,130,149,149,159,159,186,199,199,216,216,246,265,296,296,393,393,413,413,431,449,77,111,123,123],"floor_reached":24,"playtime":2302,"items_purged":["meleeMod_Jab"],"score":230,"play_id":"e6ae91d6-d6ac-4104-aa8f-81278912347b","local_time":"20201212161245","is_ascension_mode":false,"campfire_choices":[{"data":"meleeMod_PowerShield","floor":6.0,"key":"SMITH"},{"data":"meleeMod_UCF","floor":11.0,"key":"SMITH"},{"data":"meleeMod_BabActivated","floor":15.0,"key":"SMITH"}],"circlet_count":0,"master_deck":["meleeMod_Jab","meleeMod_Jab","meleeMod_Shield","meleeMod_Shield","meleeMod_Shield","meleeMod_Shield","meleeMod_NeutralAir","meleeMod_BackAir","meleeMod_UpAir","meleeMod_RaptorBoost","meleeMod_PowerShield+1","meleeMod_Knee","meleeMod_ForwardTilt","meleeMod_RaptorBoost","meleeMod_UCF","meleeMod_UpAir","meleeMod_Gentleman","meleeMod_BabActivated+1","meleeMod_VCancel","meleeMod_Moonwalking","meleeMod_BackAir","meleeMod_AmsahTech"],"relics":["meleeMod_TeamBeerMang0","Orichalcum","Shuriken","Blood Vial","Bag of Preparation","hubris:HollowSoul","meleeMod_BMoveUser","meleeMod_AutoLCanceling","hubris:TenFootPole","MawBank"],"acts_visited":[],"potions_floor_usage":[],"damage_taken":[{"damage":0.0,"enemies":"2 Louse","floor":1.0,"turns":2.0},{"damage":0.0,"enemies":"Cultist","floor":2.0,"turns":2.0},{"damage":0.0,"enemies":"Small Slimes","floor":3.0,"turns":2.0},{"damage":10.0,"enemies":"Exordium Thugs","floor":5.0,"turns":5.0},{"damage":23.0,"enemies":"3 Sentries","floor":7.0,"turns":7.0},{"damage":6.0,"enemies":"Lots of Slimes","floor":8.0,"turns":3.0},{"damage":1.0,"enemies":"3 Louse","floor":10.0,"turns":2.0},{"damage":0.0,"enemies":"Looter","floor":12.0,"turns":5.0},{"damage":0.0,"enemies":"Looter","floor":13.0,"turns":1.0},{"damage":18.0,"enemies":"Lagavulin","floor":14.0,"turns":4.0},{"damage":22.0,"enemies":"Slime Boss","floor":16.0,"turns":7.0},{"damage":8.0,"enemies":"Elementarium:Cyclone","floor":18.0,"turns":3.0},{"damage":5.0,"enemies":"Elementarium:2_ELEMENTALS","floor":20.0,"turns":3.0},{"damage":15.0,"enemies":"Elementarium:STONE_GOLEMS","floor":21.0,"turns":5.0},{"damage":26.0,"enemies":"Elementarium:ElementalPortal","floor":23.0,"turns":6.0}],"seed_played":"1419632218747468662","potions_obtained":[{"floor":3.0,"key":"ColorlessPotion"},{"floor":8.0,"key":"Weak Potion"},{"floor":10.0,"key":"Fire Potion"},{"floor":13.0,"key":"sneckomod:MuddlingPotion"},{"floor":14.0,"key":"AttackPotion"},{"floor":16.0,"key":"Fire Potion"}],"is_trial":false,"path_per_floor":["M","M","M","?","M","R","E","M","T","M","R","MIM","M","E","R","B",null,"M","?","M","M","$","E","R"],"character_chosen":"FALCON","items_purchased":["meleeMod_AutoLCanceling","hubris:TenFootPole"],"campfire_rested":0,"item_purchase_floors":[22,22],"current_hp_per_floor":[93,93,93,93,83,83,60,54,54,53,53,53,55,39,39,19,93,85,67,64,51,51,27,27,27],"gold":123,"neow_bonus":"TEN_PERCENT_HP_BONUS","is_daily":false,"chose_seed":false,"campfire_upgraded":3,"win_rate":0.0,"timestamp":1607785965,"path_taken":["M","M","M","?","?","R","E","M","T","M","R","?","M","E","R","BOSS","M","?","M","M","$","E","R"],"items_purchased_type":["Relic","Relic"],"build_version":"2020-11-30","purchased_purges":1,"victory":false,"max_hp_per_floor":[93,93,93,93,93,93,93,93,93,93,93,93,93,93,93,93,93,93,93,93,93,93,93,93,93],"card_choices":[{"not_picked":["meleeMod_BMoveSpecialist","meleeMod_FireFlower"],"picked":"meleeMod_UpAir","floor":1.0},{"not_picked":["meleeMod_BMoveSpecialist","meleeMod_L_Cancel"],"picked":"meleeMod_RaptorBoost","floor":2.0},{"not_picked":["meleeMod_SweetSpot","meleeMod_DropZone"],"picked":"meleeMod_PowerShield","floor":3.0},{"not_picked":["meleeMod_FalconDive","meleeMod_FalconKick"],"picked":"meleeMod_Knee","floor":5.0},{"not_picked":["meleeMod_DownSmash","meleeMod_DownTilt"],"picked":"meleeMod_ForwardTilt","floor":7.0},{"not_picked":["meleeMod_ForwardTilt","meleeMod_DownSmash"],"picked":"meleeMod_RaptorBoost","floor":8.0},{"not_picked":["meleeMod_Moonwalking","meleeMod_L_Cancel"],"picked":"meleeMod_UCF","floor":10.0},{"not_picked":["meleeMod_Pause","meleeMod_SweetSpot"],"picked":"meleeMod_UpAir","floor":12.0},{"not_picked":["meleeMod_NoDI","meleeMod_CommandGrab"],"picked":"meleeMod_Gentleman","floor":13.0},{"not_picked":["meleeMod_ForwardTilt","meleeMod_DIMixUp"],"picked":"meleeMod_BabActivated","floor":14.0},{"not_picked":["meleeMod_SomebodyClipThat","meleeMod_EdgeCancel"],"picked":"meleeMod_VCancel","floor":16.0},{"not_picked":["meleeMod_SoftKnee","meleeMod_ForwardTilt"],"picked":"meleeMod_Moonwalking","floor":18.0},{"not_picked":["meleeMod_SweetSpot","meleeMod_BMoveSpecialist","meleeMod_NoDI"],"picked":"SKIP","floor":20.0},{"not_picked":["meleeMod_GetUpAttack","meleeMod_RaptorBoost"],"picked":"meleeMod_BackAir","floor":21.0},{"not_picked":["meleeMod_Knee","meleeMod_Fishing"],"picked":"meleeMod_AmsahTech","floor":23.0}],"player_experience":248430,"relics_obtained":[{"floor":7.0,"key":"Orichalcum"},{"floor":9.0,"key":"Shuriken"},{"floor":12.0,"key":"Blood Vial"},{"floor":14.0,"key":"Bag of Preparation"},{"floor":23.0,"key":"MawBank"}],"event_choices":[{"cards_removed":["meleeMod_Jab"],"damage_healed":0.0,"max_hp_gain":0.0,"max_hp_loss":0.0,"gold_gain":0.0,"event_name":"Bonfire Elementals","player_choice":"Offered Basic","floor":4.0,"gold_loss":0.0,"damage_taken":0.0},{"damage_healed":0.0,"max_hp_gain":0.0,"max_hp_loss":0.0,"gold_gain":0.0,"event_name":"Elementarium:ShatteredPortal","player_choice":"Blood","floor":19.0,"gold_loss":0.0,"damage_taken":18.0,"relics_obtained":["meleeMod_BMoveUser"]}],"is_beta":false,"boss_relics":[{"not_picked":["meleeMod_EvidenceZip","hubris:RunicObelisk"],"picked":"hubris:HollowSoul"}],"items_purged_floors":[22],"is_endless":false,"potions_floor_spawned":[3,8,10,13,14,16,20],"ascension_level":0}}