{"host":"yciysiy0jlorh0h5","time":1607738148,"event":{"mods":["2.2 Compatiblity","Act Like it!","BaseMod","Bestiary","Better Match","BetterRewards","Curses Come First","Elementarium","Hallownest","Hermit","Hubris","Infinite Spire","Minty Spire (QoL Compilation)","Rare Cards Sparkle","Replay The Spire","Shade Mod","StSLib","The Alterego","The Construct","The Cursed","The Hierophant","The Judge","The Mystic","The Runesmith","The Servant 0.9.4","Wandering Minibosses","vexMod"],"gold_per_floor":[113,113,216,216,231,245,245,170,180,180,194,209,209,223,223,223],"floor_reached":15,"playtime":1427,"items_purged":[],"score":139,"play_id":"9555e178-6b76-4eab-b00f-78a301c82e88","local_time":"20201211195548","is_ascension_mode":false,"campfire_choices":[{"floor":10,"key":"REST"}],"circlet_count":0,"master_deck":["Strike_S","Strike_S","Strike_S","Strike_S","Defend_S","Defend_S","Defend_S","Defend_S","KidneyShot","Exchange","Manipulate","MurderousAura","Injury","hubris:Wrath","Doubt","PendulumOfEternity","FastForward+1","BottledTime","ShatteredReality+1","InstantArmor","StarChef+1"],"relics":["Uniform","NeowsBlessing","Replay:Ancient Bell","Regal Pillow","infinitespire:Broken Mirror","infinitespire:Golems Mask","Replay:Mystery Machine"],"acts_visited":["Hallownest:Greenpath","Hallownest:CityofTears"],"potions_floor_usage":[6,11,14],"damage_taken":[{"damage":0,"enemies":"Hallownest:2_Baldur","floor":1,"turns":1},{"damage":0,"enemies":"Hallownest:BossFalseKnight","floor":3,"turns":1},{"damage":5,"enemies":"Hallownest:2_Mistakes","floor":5,"turns":2},{"damage":35,"enemies":"Hallownest:Guard_and_Sentry","floor":6,"turns":6},{"damage":20,"enemies":"Hallownest:Warrior_and_Youth","floor":9,"turns":7},{"damage":17,"enemies":"Hallownest:2_Husk_Sentries","floor":11,"turns":6},{"damage":11,"enemies":"Hallownest:monsterShrumalOgre","floor":12,"turns":7},{"damage":0,"enemies":"Hallownest:Warrior_and_Youth","floor":14,"turns":4},{"damage":13,"enemies":"Hallownest:eliteWatcherKnight","floor":15,"turns":2}],"seed_played":"3347336649561880203","potions_obtained":[{"floor":1,"key":"PowerPotion"},{"floor":6,"key":"construct:ShiftPotion"},{"floor":9,"key":"Fire Potion"},{"floor":11,"key":"Doom Potion"},{"floor":12,"key":"LiquidMemories"}],"is_trial":false,"path_per_floor":["M","?","B",null,"M","M","AVR","?","M","R","M","M","T","M","E"],"character_chosen":"THE_SERVANT","items_purchased":[],"campfire_rested":1,"item_purchase_floors":[],"current_hp_per_floor":[65,65,65,65,60,25,25,25,5,39,22,11,11,11,0,0],"gold":223,"neow_bonus":"THREE_ENEMY_KILL","is_daily":false,"chose_seed":false,"campfire_upgraded":0,"win_rate":0.0,"timestamp":1607738148,"path_taken":["M","?","BOSS","M","M","AVR","?","M","R","M","M","T","M","E"],"items_purchased_type":[],"build_version":"2020-11-30","purchased_purges":0,"victory":false,"max_hp_per_floor":[65,65,65,65,65,65,65,65,65,65,65,65,65,65,65,65],"card_choices":[{"not_picked":["Spin","Ricochet"],"picked":"Manipulate","floor":1},{"not_picked":["LightFlow","Solidify"],"picked":"MurderousAura","floor":3},{"not_picked":["hubris:Wrath","hubris:Greed"],"picked":"Injury","floor":4},{"not_picked":["Doubt","Hallownest:curseDreamersLament"],"picked":"hubris:Wrath","floor":4},{"not_picked":["Injury","Replay:Hysterical Blindness"],"picked":"Doubt","floor":4},{"not_picked":["WasteNot+1","ShatteredReality"],"picked":"PendulumOfEternity","floor":5},{"not_picked":["DoubleEdge","Desolation"],"picked":"FastForward+1","floor":6},{"not_picked":["PendulumOfEternity","Alleviate"],"picked":"BottledTime","floor":9},{"not_picked":["Luminosity","Ricochet+1"],"picked":"ShatteredReality+1","floor":11},{"not_picked":["SpecialFormula","Barrier"],"picked":"InstantArmor","floor":12},{"not_picked":["Defy","BottledTime"],"picked":"StarChef+1","floor":14}],"player_experience":280572,"relics_obtained":[{"floor":13,"key":"Replay:Mystery Machine"}],"event_choices":[{"damage_healed":0,"gold_gain":0,"player_choice":"2","damage_taken":0,"max_hp_gain":0,"max_hp_loss":0,"event_name":"betterMatch:BetterMatch","floor":8,"gold_loss":0,"cards_obtained":[]}],"is_beta":false,"boss_relics":[{"not_picked":["Cursed Key","vexMod:FluxCapacitor"],"picked":"Replay:Ancient Bell"},{"not_picked":["Orichalcum","Oddly Smooth Stone"],"picked":"Regal Pillow"},{"not_picked":["Question Card","InkBottle"],"picked":"infinitespire:Broken Mirror"},{"not_picked":["hubris:BundleOfHerbs","hubris:CuriousFeather"],"picked":"infinitespire:Golems Mask"}],"items_purged_floors":[],"is_endless":false,"potions_floor_spawned":[1,6,9,11,12],"killed_by":"Hallownest:eliteWatcherKnight","ascension_level":0}}