{"host":"nox","time":1607790994,"event":{"mods":["BaseMod","Colored Powertips","Minty Spire (QoL Compilation)","Quick Restart","Replay The Spire","StSLib"],"gold_per_floor":[116,129,139,154,166,166,199,212,212,212,222,222,222,222,222,222,222],"floor_reached":16,"playtime":382,"items_purged":[],"score":130,"play_id":"d504c7a2-cbe7-49c9-b3ab-ed9f89f4f5d5","local_time":"20201212233634","is_ascension_mode":true,"campfire_choices":[{"data":"Perfected Strike","floor":6.0,"key":"SMITH"},{"data":"1","floor":10.0,"key":"LIFT"},{"data":"2","floor":12.0,"key":"LIFT"},{"floor":15.0,"key":"REST"}],"circlet_count":0,"master_deck":["Strike_R","Strike_R","Strike_R","Strike_R","Strike_R","Defend_R","Defend_R","Defend_R","Defend_R","Bash","Perfected Strike+1","Spot Weakness"],"relics":["Philosopher\u0027s Stone","Replay:Multitool","Girya","SsserpentHead"],"acts_visited":["Exordium"],"potions_floor_usage":[16,16],"damage_taken":[{"damage":2.0,"enemies":"Cultist","floor":1.0,"turns":3.0},{"damage":8.0,"enemies":"Jaw Worm","floor":2.0,"turns":3.0},{"damage":7.0,"enemies":"2 Louse","floor":3.0,"turns":3.0},{"damage":18.0,"enemies":"Gremlin Gang","floor":4.0,"turns":5.0},{"damage":13.0,"enemies":"Blue Slaver","floor":5.0,"turns":4.0},{"damage":13.0,"enemies":"Replay:BlueRogue","floor":7.0,"turns":4.0},{"damage":15.0,"enemies":"Red Slaver","floor":8.0,"turns":2.0},{"damage":0.0,"enemies":"2 Fungi Beasts","floor":11.0,"turns":3.0},{"damage":30,"enemies":"The Guardian","floor":16,"turns":7}],"seed_played":"8732791409655426661","potions_obtained":[{"floor":3.0,"key":"Reflective Coating"},{"floor":5.0,"key":"Swift Potion"},{"floor":8.0,"key":"Block Potion"},{"floor":11.0,"key":"FearPotion"}],"is_trial":false,"path_per_floor":["M","M","M","M","M","R","E","M","T","R","M","R","?","?","R","B"],"character_chosen":"IRONCLAD","items_purchased":[],"campfire_rested":1,"item_purchase_floors":[],"current_hp_per_floor":[78,70,63,45,32,32,19,4,4,4,4,4,4,4,28,0,0],"gold":222,"neow_bonus":"BOSS_RELIC","is_daily":false,"chose_seed":false,"campfire_upgraded":1,"win_rate":0.0,"timestamp":1607790994,"path_taken":["M","?","M","M","M","R","E","M","T","R","M","R","?","?","R","BOSS"],"items_purchased_type":[],"build_version":"2020-11-17","purchased_purges":0,"victory":false,"max_hp_per_floor":[80,80,80,80,80,80,80,80,80,80,80,80,80,80,80,80,80],"card_choices":[{"not_picked":["Twin Strike","Feel No Pain","True Grit"],"picked":"SKIP","floor":1.0},{"not_picked":["Intimidate","Rupture","Wild Strike"],"picked":"SKIP","floor":2.0},{"not_picked":["Flex","Headbutt","Warcry"],"picked":"SKIP","floor":3.0},{"not_picked":["ReplayReversal","Reaper","Pommel Strike"],"picked":"SKIP","floor":4.0},{"not_picked":["Flex","ReplayReversal"],"picked":"Perfected Strike","floor":5.0},{"not_picked":["Pummel","Juggernaut"],"picked":"Spot Weakness","floor":7.0},{"not_picked":["Replay:Undeath\u0027s Touch","Anger","Rampage"],"picked":"SKIP","floor":8.0},{"not_picked":["Seeing Red","Havoc","Anger"],"picked":"SKIP","floor":11.0}],"player_experience":89378,"relics_obtained":[{"floor":7.0,"key":"Replay:Multitool"},{"floor":9.0,"key":"Girya"}],"event_choices":[{"damage_healed":0.0,"max_hp_gain":0.0,"max_hp_loss":0.0,"gold_gain":0.0,"event_name":"Shining Light","player_choice":"Ignored","floor":13.0,"gold_loss":0.0,"damage_taken":0.0},{"damage_healed":0.0,"max_hp_gain":0.0,"max_hp_loss":0.0,"gold_gain":0.0,"event_name":"FaceTrader","player_choice":"Trade","floor":14.0,"gold_loss":0.0,"damage_taken":0.0,"relics_obtained":["SsserpentHead"]}],"is_beta":true,"boss_relics":[],"items_purged_floors":[],"is_endless":false,"potions_floor_spawned":[3,5,8,11],"killed_by":"The Guardian","ascension_level":5}}