{"host":"dij4iqdhjit0agg1","time":1607745938,"event":{"mods":["Act Like it!","BaseMod","Better Note","Colored Powertips","Minty Spire (QoL Compilation)","Permanent Neow","Rare Cards Sparkle","StSLib","The Servant 0.9.4"],"gold_per_floor":[118,118,32,52,70,70,105,121,189,189,189,212,228,243,243,347,347,361,378,15,15,35,35,35,35],"floor_reached":24,"playtime":1932,"items_purged":["Strike_R"],"score":198,"play_id":"c804d1ed-a2a9-4c06-93ff-71fff8ac4dc4","local_time":"20201212050538","is_ascension_mode":false,"campfire_choices":[{"data":"Heavy Blade","floor":6,"key":"SMITH"},{"data":"Flex","floor":15,"key":"SMITH"},{"floor":23,"key":"REST"}],"circlet_count":0,"master_deck":["Strike_R","Strike_R","Strike_R","Strike_R","Defend_R","Defend_R","Defend_R","Defend_R","Bash","Fire Breathing","Cleave","Flex+1","Seeing Red","Heavy Blade+1","Armaments+1","Spot Weakness","Inflame","Limit Break","Flex","Pommel Strike","Revamp"],"relics":["Burning Blood","Shovel","Blue Candle","Odd Mushroom","Black Star","Ice Cream"],"acts_visited":["Exordium","TheCity"],"potions_floor_usage":[7,16,16,16,22,24],"damage_taken":[{"damage":2,"enemies":"2 Louse","floor":1,"turns":3},{"damage":1,"enemies":"Cultist","floor":4,"turns":4},{"damage":6,"enemies":"Jaw Worm","floor":5,"turns":2},{"damage":16,"enemies":"Gremlin Nob","floor":7,"turns":3},{"damage":10,"enemies":"Looter","floor":8,"turns":4},{"damage":27,"enemies":"The Mushroom Lair","floor":12,"turns":5},{"damage":0,"enemies":"Large Slime","floor":13,"turns":5},{"damage":0,"enemies":"Exordium Wildlife","floor":14,"turns":3},{"damage":30,"enemies":"Slime Boss","floor":16,"turns":6},{"damage":36,"enemies":"Shell Parasite","floor":18,"turns":7},{"damage":29,"enemies":"Chosen","floor":19,"turns":6},{"damage":14,"enemies":"Snecko","floor":22,"turns":4},{"damage":47,"enemies":"Slavers","floor":24,"turns":3}],"seed_played":"-7904433791146325203","potions_obtained":[{"floor":1,"key":"Regen Potion"},{"floor":5,"key":"FearPotion"},{"floor":7,"key":"FearPotion"},{"floor":12,"key":"Ancient Potion"},{"floor":13,"key":"Ancient Potion"},{"floor":18,"key":"SpeedPotion"},{"floor":19,"key":"SkillPotion"}],"is_trial":false,"path_per_floor":["M","?","$","M","M","R","E","M","T","?","?","?","M","M","R","B",null,"M","M","$","?","M","R","E"],"character_chosen":"IRONCLAD","items_purchased":["Flex","Seeing Red","Ice Cream"],"campfire_rested":1,"item_purchase_floors":[3,3,20],"current_hp_per_floor":[80,80,80,80,80,80,70,66,66,66,66,45,51,57,57,48,80,50,27,27,27,19,43,0,0],"gold":35,"neow_bonus":"ONE_RANDOM_RARE_CARD","is_daily":false,"chose_seed":false,"campfire_upgraded":2,"win_rate":0.0,"timestamp":1607745938,"path_taken":["M","?","$","M","?","R","E","M","T","?","?","?","?","M","R","BOSS","M","M","$","?","M","R","E"],"items_purchased_type":["Card","Card","Relic"],"build_version":"2020-11-30","purchased_purges":1,"victory":false,"max_hp_per_floor":[80,80,80,80,80,80,80,80,80,80,80,80,80,80,80,80,80,80,80,80,80,80,80,80,80],"card_choices":[{"not_picked":["Anger","Feel No Pain"],"picked":"Fire Breathing","floor":1},{"not_picked":["Twin Strike","Sentinel"],"picked":"Heavy Blade","floor":4},{"not_picked":["Intimidate","Twin Strike","Exhume"],"picked":"SKIP","floor":5},{"not_picked":["Heavy Blade","Iron Wave"],"picked":"Armaments","floor":7},{"not_picked":["True Grit","Cleave","Heavy Blade"],"picked":"SKIP","floor":8},{"not_picked":["Disarm","Clash"],"picked":"Spot Weakness","floor":12},{"not_picked":["Armaments","Corruption","Clothesline"],"picked":"SKIP","floor":13},{"not_picked":["Intimidate","Carnage"],"picked":"Inflame","floor":14},{"not_picked":["Exhume","Demon Form"],"picked":"Limit Break","floor":16},{"not_picked":["Reckless Charge","Flame Barrier+1"],"picked":"Flex","floor":18},{"not_picked":["True Grit","Bludgeon"],"picked":"Pommel Strike","floor":19},{"not_picked":["Sword Boomerang","Clothesline","Thunderclap"],"picked":"SKIP","floor":22}],"player_experience":855365,"relics_obtained":[{"floor":7,"key":"Shovel"},{"floor":9,"key":"Blue Candle"},{"floor":12,"key":"Odd Mushroom"}],"event_choices":[{"damage_healed":0,"gold_gain":0,"cards_transformed":["Bludgeon"],"player_choice":"Transformed","damage_taken":0,"max_hp_gain":0,"max_hp_loss":0,"event_name":"Transmorgrifier","floor":2,"gold_loss":0,"cards_obtained":["Cleave"]},{"damage_healed":0,"gold_gain":0,"player_choice":"Ignored","damage_taken":0,"max_hp_gain":0,"max_hp_loss":0,"event_name":"Liars Game","floor":10,"gold_loss":0},{"damage_healed":0,"gold_gain":0,"player_choice":"Grow","damage_taken":0,"max_hp_gain":0,"max_hp_loss":0,"event_name":"Living Wall","floor":11,"gold_loss":0,"cards_upgraded":["Armaments"]},{"damage_healed":0,"gold_gain":0,"player_choice":"Fought Mushrooms","damage_taken":0,"max_hp_gain":0,"max_hp_loss":0,"event_name":"Mushrooms","floor":12,"gold_loss":0},{"cards_removed":["Flex"],"damage_healed":0,"gold_gain":0,"player_choice":"Take \u0026 Give","damage_taken":0,"max_hp_gain":0,"max_hp_loss":0,"event_name":"betterNote:BetterNote","floor":21,"gold_loss":0,"cards_obtained":["Revamp"]}],"is_beta":false,"boss_relics":[{"not_picked":["Sozu","Coffee Dripper"],"picked":"Black Star"}],"items_purged_floors":[20],"is_endless":false,"potions_floor_spawned":[1,5,7,12,13,18,19],"killed_by":"Slavers","ascension_level":0}}