{"host":"65bhxfoqsqjg61le","time":1607813011,"event":{"mods":["2.2 Compatiblity","AchievementEnabler","BaseMod","Better Third Choice","Colored Powertips","Conspire","DeckTracker","Downfall","Energized Spire","GifTheSpireLib","Googly Eyes","Hubris","Infinite Spire","Minty Spire (QoL Compilation)","Quick Restart","RRrroohrrRGHHhhh!!","Random Character Button","Rare Cards Sparkle","Replay The Spire","Shade Mod","StSLib","Stuff the Spire","The IronCluck","Wandering Minibosses","egg","everything is the same but u backflip on backflip","slay the spire mod where everything is the same but ironclad has a cowboy hat","thorton"],"gold_per_floor":[99,99,99,99,99,129,207,220,255,180,170,182,182,194,214,314,314,314,314,314],"floor_reached":19,"playtime":1035,"items_purged":[],"score":225,"play_id":"ac801243-d3ba-4f8f-9939-0f693b72139f","local_time":"20201212174331","is_ascension_mode":false,"campfire_choices":[{"data":"hexamod:Float","floor":1.0,"key":"SMITH"},{"data":"hexamod:AdvancingGuard","floor":10.0,"key":"SMITH"},{"data":"hexamod:UnleashSpirits","floor":10.0,"key":"SMITH"},{"data":"hexamod:HexaLevel","floor":18.0,"key":"SMITH"},{"data":"hexamod:EtherealExpedition","floor":18.0,"key":"SMITH"}],"circlet_count":0,"master_deck":["hexamod:Strike","hexamod:Strike","hexamod:Strike","hexamod:Strike","hexamod:Defend","hexamod:Defend","hexamod:Defend","hexamod:Defend","hexamod:Sear","hexamod:Float+1","hexamod:Hexaguard","infinitespire:Starlight","hexamod:NightmareStrike","hexamod:UnleashSpirits+1","hexamod:AdvancingGuard+1","hexamod:BacktrackSmack","hexamod:EtherealExpedition+1","hexamod:ThirdSeal","hexamod:PhantomFireball","hexamod:HexaLevel+1","hexamod:SixthSeal"],"relics":["hexamod:SpiritBrand","downfall:HeartsMalice","downfall:BrokenWingStatue","Replay:WaspNest","Replay:Arrowhead","downfall:HeartBlessingBlue","hubris:Towel","energizedSpire:NeverEndingSparkler"],"acts_visited":["Exordium","TheCity"],"potions_floor_usage":[],"damage_taken":[{"damage":0.0,"enemies":"2 Louse","floor":3.0,"turns":1.0},{"damage":0.0,"enemies":"3 Sentries","floor":6.0,"turns":1.0},{"damage":0.0,"enemies":"Small Slimes","floor":8.0,"turns":3.0},{"damage":32.0,"enemies":"Gremlin Nob","floor":9.0,"turns":5.0},{"damage":0.0,"enemies":"Jaw Worm","floor":11.0,"turns":5.0},{"damage":0.0,"enemies":"3 Louse","floor":12.0,"turns":3.0},{"damage":2.0,"enemies":"Red Slaver","floor":14.0,"turns":3.0},{"damage":0.0,"enemies":"Blue Slaver","floor":15.0,"turns":3.0},{"damage":45.0,"enemies":"downfall:CharBossDefect","floor":16.0,"turns":6.0},{"damage":0,"enemies":"downfall:FleeingMerchant","floor":19,"turns":1}],"seed_played":"-9207902280372083642","potions_obtained":[{"floor":8.0,"key":"Weak Potion"},{"floor":11.0,"key":"LiquidBronze"},{"floor":12.0,"key":"Reflective Coating"},{"floor":15.0,"key":"Guardian:BlockOnCardUsePotion"}],"is_trial":false,"path_per_floor":["R","?","M","?","?","E","T","M","E","R","M","M","?","M","M","B",null,"R","$"],"character_chosen":"THE_SPIRIT","items_purchased":[],"campfire_rested":0,"item_purchase_floors":[],"current_hp_per_floor":[70,75,75,75,57,57,57,67,35,45,55,65,65,63,63,28,85,85,85,85],"gold":314,"neow_bonus":"THREE_ENEMY_KILL","is_daily":false,"chose_seed":false,"campfire_upgraded":5,"win_rate":0.0,"timestamp":1607813011,"path_taken":["R","?","M","?","?","E","T","M","E","R","M","M","?","M","M","BOSS","R","$"],"items_purchased_type":[],"build_version":"2020-11-30","purchased_purges":0,"victory":false,"max_hp_per_floor":[70,75,75,75,75,75,75,75,75,85,85,85,85,85,85,85,85,85,85,85],"card_choices":[{"not_picked":["hexamod:Firestarter","hexamod:InspiringFlames"],"picked":"hexamod:Hexaguard","floor":3.0},{"not_picked":["ReplayTheSpireMod:Black Plague","infinitespire:FinalStrike"],"picked":"infinitespire:Starlight","floor":5.0},{"not_picked":["hexamod:HeatShield","hexamod:NightmareGuise"],"picked":"hexamod:NightmareStrike","floor":6.0},{"not_picked":["hexamod:SpectersWail","hexamod:Hexaguard"],"picked":"hexamod:UnleashSpirits","floor":8.0},{"not_picked":["hexamod:NightmareStrike","hexamod:SpectersWail"],"picked":"hexamod:AdvancingGuard","floor":9.0},{"not_picked":["hexamod:NightmareGuise","hexamod:InspiringFlames"],"picked":"hexamod:BacktrackSmack","floor":11.0},{"not_picked":["hexamod:PhantomCloak","hexamod:InspiringFlames"],"picked":"hexamod:EtherealExpedition","floor":12.0},{"not_picked":["hexamod:BacktrackSmack","hexamod:GhostLash"],"picked":"hexamod:ThirdSeal","floor":14.0},{"not_picked":["hexamod:ChargedBarrage","hexamod:HeatMetal"],"picked":"hexamod:PhantomFireball","floor":15.0},{"not_picked":["hexamod:Hexaguard","hexamod:NecessarySacrifice","hexamod:BacktrackSmack"],"picked":"SKIP","floor":15.0},{"not_picked":["hexamod:TimeWarp","hexamod:ParanormalForm"],"picked":"hexamod:HexaLevel","floor":16.0},{"not_picked":["hexamod:TimeOfNeed","hexamod:GhostflameInferno"],"picked":"hexamod:SixthSeal","floor":16.0}],"player_experience":1006422,"relics_obtained":[{"floor":6.0,"key":"Replay:WaspNest"},{"floor":9.0,"key":"Replay:Arrowhead"}],"event_choices":[{"damage_healed":0.0,"max_hp_gain":5.0,"max_hp_loss":0.0,"gold_gain":0.0,"event_name":"Big Fish","player_choice":"Donut","floor":2.0,"gold_loss":0.0,"damage_taken":0.0}],"is_beta":false,"boss_relics":[{"not_picked":["Replay:Drink Me","Cursed Key"],"picked":"energizedSpire:NeverEndingSparkler"}],"items_purged_floors":[],"is_endless":false,"potions_floor_spawned":[8,11,12,15],"killed_by":"downfall:FleeingMerchant","ascension_level":0}}