{"host":"qw1m3zcvi888b4j7","time":1607813883,"event":{"mods":["AchievementEnabler","BaseMod","Block Reminder","Colored Map","Colored Powertips","Highlight Path","Minty Spire (QoL Compilation)","Quick Restart","Relic Stats"],"gold_per_floor":[110,110,129,140,29,63,63,63,63,63,88,100,132,197,197,197,197],"floor_reached":16,"playtime":680,"items_purged":[],"score":145,"play_id":"9070baa5-1903-4d44-a820-b275f524ad85","local_time":"20201212235803","is_ascension_mode":false,"campfire_choices":[{"floor":7,"key":"REST"},{"data":"Outmaneuver","floor":10,"key":"SMITH"},{"floor":15,"key":"REST"}],"circlet_count":0,"master_deck":["Strike_G","Strike_G","Strike_G","Strike_G","Strike_G","Defend_G","Defend_G","Defend_G","Defend_G","Survivor","Neutralize","Outmaneuver+1","Bouncing Flask","Dagger Throw","Terror","Eviscerate","Underhanded Strike","Dagger Spray","Tactician","Burst","Finisher"],"relics":["Ring of the Snake","NeowsBlessing","Ice Cream","SsserpentHead","CaptainsWheel","Nunchaku","Vajra"],"acts_visited":["Exordium"],"potions_floor_usage":[6,6],"damage_taken":[{"damage":0,"enemies":"Jaw Worm","floor":1,"turns":1},{"damage":0,"enemies":"Cultist","floor":3,"turns":1},{"damage":0,"enemies":"2 Louse","floor":4,"turns":1},{"damage":64,"enemies":"3 Sentries","floor":6,"turns":9},{"damage":10,"enemies":"Gremlin Nob","floor":11,"turns":4},{"damage":8,"enemies":"Lots of Slimes","floor":12,"turns":4},{"damage":0,"enemies":"Lagavulin","floor":13,"turns":5},{"damage":12,"enemies":"2 Fungi Beasts","floor":14,"turns":2},{"damage":25,"enemies":"Hexaghost","floor":16,"turns":7}],"seed_played":"2969299719714954435","potions_obtained":[{"floor":3,"key":"Swift Potion"},{"floor":6,"key":"Fruit Juice"}],"is_trial":false,"path_per_floor":["M","?","M","M","$","E","R","?","T","R","E","M","E","M","R","B"],"character_chosen":"THE_SILENT","items_purchased":["Terror","Eviscerate"],"campfire_rested":2,"item_purchase_floors":[5,5],"current_hp_per_floor":[70,70,70,70,70,11,33,33,33,33,23,15,15,3,25,0,0],"gold":197,"neow_bonus":"THREE_ENEMY_KILL","is_daily":false,"chose_seed":false,"campfire_upgraded":1,"win_rate":0.0,"timestamp":1607813883,"path_taken":["M","?","?","M","$","E","R","?","T","R","E","M","E","?","R","BOSS"],"items_purchased_type":["Card","Card"],"build_version":"2020-11-30","purchased_purges":0,"victory":false,"max_hp_per_floor":[70,70,70,70,70,75,75,75,75,75,75,75,75,75,75,75,75],"relic_stats":{"SsserpentHead":50,"Nunchaku":[3],"counters":[9,34],"obtain_stats":[{"Ice Cream":6,"SsserpentHead":8,"CaptainsWheel":9,"Nunchaku":11,"NeowsBlessing":0,"Vajra":13,"Ring of the Snake":0},{"Ice Cream":4,"SsserpentHead":4,"CaptainsWheel":4,"Nunchaku":5,"NeowsBlessing":0,"Vajra":7,"Ring of the Snake":0},{"Ice Cream":12,"SsserpentHead":12,"CaptainsWheel":12,"Nunchaku":16,"NeowsBlessing":0,"Vajra":25,"Ring of the Snake":0}],"Ring of the Snake":[18]},"card_choices":[{"not_picked":["Slice","Quick Slash"],"picked":"Outmaneuver","floor":1},{"not_picked":["Dagger Throw","Blade Dance"],"picked":"Bouncing Flask","floor":3},{"not_picked":["Riddle With Holes","Dagger Spray"],"picked":"Dagger Throw","floor":4},{"not_picked":["Deadly Poison","Deflect"],"picked":"Underhanded Strike","floor":6},{"not_picked":["Riddle With Holes","Underhanded Strike"],"picked":"Dagger Spray","floor":11},{"not_picked":["Slice","Backflip"],"picked":"Tactician","floor":12},{"not_picked":["Deflect","Riddle With Holes"],"picked":"Burst","floor":13},{"not_picked":["Dagger Throw","All Out Attack"],"picked":"Finisher","floor":14}],"player_experience":27491,"relics_obtained":[{"floor":6,"key":"Ice Cream"},{"floor":9,"key":"CaptainsWheel"},{"floor":11,"key":"Nunchaku"},{"floor":13,"key":"Vajra"}],"event_choices":[{"cards_removed":["Defend_G"],"damage_healed":0,"gold_gain":0,"player_choice":"Card Removal","damage_taken":0,"max_hp_gain":0,"max_hp_loss":0,"event_name":"Wheel of Change","floor":2,"gold_loss":0},{"damage_healed":0,"gold_gain":0,"player_choice":"Trade","damage_taken":0,"relics_obtained":["SsserpentHead"],"max_hp_gain":0,"max_hp_loss":0,"event_name":"FaceTrader","floor":8,"gold_loss":0}],"is_beta":false,"boss_relics":[],"items_purged_floors":[],"is_endless":false,"potions_floor_spawned":[3,6],"killed_by":"Hexaghost","ascension_level":0}}