{"host":"m0l7iybr7y7a2mwh","time":1607805994,"event":{"mods":["AchievementEnabler","AlwaysNeverKeys","BaseMod","Block Reminder","Colored Map","Colored Powertips","Highlight Path","Minty Spire (QoL Compilation)","Permanent Neow","Quick Restart","StSLib"],"gold_per_floor":[115,115,40,40,53,97,97,97,174,174,174,214,234,234,234,362,362,387,486,507,541,461,461,505,505,556,556,580,599,115,133,133,263,263,287,17,40,40,40,40],"floor_reached":39,"playtime":1175,"items_purged":["Defend_B","Defend_B","Strike_B+1","Strike_B+1"],"score":425,"play_id":"6e2a1ccb-16f0-4708-a5a1-d71eeee20367","local_time":"20201213074634","is_ascension_mode":true,"campfire_choices":[{"floor":7.0,"key":"REST"},{"floor":11.0,"key":"REST"},{"floor":15.0,"key":"REST"},{"data":"Static Discharge","floor":23.0,"key":"SMITH"},{"floor":27.0,"key":"REST"},{"floor":32.0,"key":"REST"}],"circlet_count":0,"master_deck":["Zap","Dualcast+1","Static Discharge+1","Capacitor","Electrodynamics","Loop","Zap","Echo Form","Doom and Gloom+1","Self Repair+1","Defragment","Consume","Creative AI","Loop+1","Capacitor","Capacitor","Defragment","Lockon+1","Creative AI"],"relics":["Cracked Core","Golden Idol","Toy Ornithopter","The Courier","Whetstone","Empty Cage","Red Mask","Peace Pipe","Anchor","Boot","Mummified Hand","Fusion Hammer"],"acts_visited":["Exordium","TheCity","TheBeyond"],"potions_floor_usage":[39],"damage_taken":[{"damage":3.0,"enemies":"2 Louse","floor":1.0,"turns":3.0},{"damage":11.0,"enemies":"Jaw Worm","floor":5.0,"turns":3.0},{"damage":31.0,"enemies":"Lagavulin","floor":6.0,"turns":6.0},{"damage":34.0,"enemies":"Gremlin Nob","floor":12.0,"turns":4.0},{"damage":0.0,"enemies":"Cultist","floor":13.0,"turns":3.0},{"damage":37.0,"enemies":"The Guardian","floor":16.0,"turns":10.0},{"damage":0.0,"enemies":"3 Byrds","floor":18.0,"turns":2.0},{"damage":15.0,"enemies":"Chosen","floor":20.0,"turns":4.0},{"damage":19.0,"enemies":"Masked Bandits","floor":21.0,"turns":3.0},{"damage":23.0,"enemies":"Slavers","floor":24.0,"turns":1.0},{"damage":12.0,"enemies":"Snake Plant","floor":28.0,"turns":3.0},{"damage":18.0,"enemies":"3 Cultists","floor":29.0,"turns":3.0},{"damage":6.0,"enemies":"Snecko","floor":31.0,"turns":3.0},{"damage":34.0,"enemies":"Automaton","floor":33.0,"turns":6.0},{"damage":26.0,"enemies":"3 Darklings","floor":35.0,"turns":3.0},{"damage":9,"enemies":"3 Shapes","floor":37,"turns":3},{"damage":64,"enemies":"Spire Growth","floor":39,"turns":3}],"seed_played":"6674888843123608636","potions_obtained":[{"floor":5.0,"key":"Fire Potion"},{"floor":12.0,"key":"ColorlessPotion"},{"floor":16.0,"key":"SneckoOil"},{"floor":21.0,"key":"Fire Potion"},{"floor":24.0,"key":"PowerPotion"},{"floor":29.0,"key":"ColorlessPotion"},{"floor":33.0,"key":"BlessingOfTheForge"}],"is_trial":false,"path_per_floor":["M","?","$","?","M","E","R","?","T","?","R","E","M","?","R","B",null,"M","?","M","?","$","R","E","?","T","R","M","M","$","M","R","B",null,"M","$","M","?","M"],"character_chosen":"DEFECT","items_purchased":["Defragment","Boot","Mummified Hand","Capacitor","Capacitor","Defragment"],"campfire_rested":5,"item_purchase_floors":[30,30,30,36,36,36],"current_hp_per_floor":[72,54,54,59,48,17,41,25,25,25,49,15,15,15,39,7,80,80,80,65,46,46,46,23,23,23,47,35,17,17,26,50,16,80,64,64,55,55,0,0],"gold":40,"neow_bonus":"REMOVE_CARD","is_daily":false,"chose_seed":false,"campfire_upgraded":1,"win_rate":0.0,"timestamp":1607805994,"path_taken":["M","?","$","?","M","E","R","?","T","?","R","E","?","?","R","BOSS","M","?","M","?","$","R","E","?","T","R","?","M","$","M","R","BOSS","M","$","M","?","?"],"items_purchased_type":["Card","Relic","Relic","Card","Card","Card"],"build_version":"2020-11-30","purchased_purges":4,"victory":false,"max_hp_per_floor":[75,75,75,80,80,80,80,80,80,80,80,80,80,80,80,80,80,80,80,80,80,80,80,80,80,80,80,80,80,80,80,80,80,80,80,80,80,80,80,80],"card_choices":[{"not_picked":["Coolheaded","Streamline","Undo"],"picked":"SKIP","floor":1.0},{"not_picked":["Force Field","Coolheaded","Glacier"],"picked":"SKIP","floor":5.0},{"not_picked":["Gash","Chill"],"picked":"Static Discharge","floor":6.0},{"not_picked":["Turbo","Cold Snap"],"picked":"Capacitor","floor":12.0},{"not_picked":["Hologram","Rebound","Auto Shields"],"picked":"SKIP","floor":13.0},{"not_picked":["Thunder Strike","Buffer"],"picked":"Electrodynamics","floor":16.0},{"not_picked":["Leap","Rip and Tear","Go for the Eyes"],"picked":"SKIP","floor":18.0},{"not_picked":["Sweeping Beam","Go for the Eyes+1","Coolheaded"],"picked":"SKIP","floor":20.0},{"not_picked":["Cold Snap","Fission"],"picked":"Loop","floor":24.0},{"not_picked":["Barrage","Hologram"],"picked":"Doom and Gloom+1","floor":28.0},{"not_picked":["Go for the Eyes","Streamline"],"picked":"Self Repair+1","floor":29.0},{"not_picked":["Barrage+1","Beam Cell"],"picked":"Consume","floor":31.0},{"not_picked":["Echo Form","Buffer"],"picked":"Creative AI","floor":33.0},{"not_picked":["Ball Lightning+1","Beam Cell+1"],"picked":"Loop+1","floor":35.0},{"not_picked":["Ball Lightning+1","Leap"],"picked":"Lockon+1","floor":37}],"player_experience":92316,"relics_obtained":[{"floor":6.0,"key":"Toy Ornithopter"},{"floor":9.0,"key":"The Courier"},{"floor":12.0,"key":"Whetstone"},{"floor":21.0,"key":"Red Mask"},{"floor":24.0,"key":"Peace Pipe"},{"floor":26.0,"key":"Anchor"}],"event_choices":[{"damage_healed":0.0,"max_hp_gain":0.0,"max_hp_loss":0.0,"gold_gain":0.0,"event_name":"Golden Idol","player_choice":"Take Damage","floor":2.0,"gold_loss":0.0,"damage_taken":18.0,"relics_obtained":["Golden Idol"]},{"damage_healed":0.0,"max_hp_gain":5.0,"max_hp_loss":0.0,"gold_gain":0.0,"event_name":"Big Fish","player_choice":"Donut","floor":4.0,"gold_loss":0.0,"damage_taken":0.0},{"damage_healed":0.0,"max_hp_gain":0.0,"max_hp_loss":0.0,"gold_gain":0.0,"event_name":"Shining Light","player_choice":"Entered Light","floor":8.0,"gold_loss":0.0,"damage_taken":16.0,"cards_upgraded":["Dualcast","Strike_B"]},{"cards_removed":["Strike_B"],"damage_healed":0.0,"max_hp_gain":0.0,"max_hp_loss":0.0,"gold_gain":0.0,"event_name":"Bonfire Elementals","player_choice":"Offered Basic","floor":10.0,"gold_loss":0.0,"damage_taken":0.0},{"damage_healed":0.0,"max_hp_gain":0.0,"max_hp_loss":0.0,"gold_gain":0.0,"event_name":"Scrap Ooze","player_choice":"Fled","floor":14.0,"gold_loss":0.0,"damage_taken":0.0},{"damage_healed":0.0,"max_hp_gain":0.0,"max_hp_loss":0.0,"gold_gain":99.0,"event_name":"Nest","player_choice":"Stole From Cult","floor":19.0,"gold_loss":0.0,"damage_taken":0.0},{"damage_healed":0.0,"max_hp_gain":0.0,"max_hp_loss":0.0,"gold_gain":0.0,"event_name":"Masked Bandits","player_choice":"Fought Bandits","floor":21.0,"gold_loss":0.0,"damage_taken":0.0},{"damage_healed":0.0,"max_hp_gain":0.0,"max_hp_loss":0.0,"gold_gain":0.0,"event_name":"Match and Keep!","player_choice":"2 cards matched","floor":25.0,"gold_loss":0.0,"damage_taken":0.0,"cards_obtained":["Zap","Echo Form"]},{"damage_healed":0,"gold_gain":0,"player_choice":"Copied","damage_taken":0,"max_hp_gain":0,"max_hp_loss":0,"event_name":"Duplicator","floor":38,"gold_loss":0,"cards_obtained":["Creative AI"]}],"is_beta":false,"boss_relics":[{"not_picked":["Velvet Choker","Ectoplasm"],"picked":"Empty Cage"},{"not_picked":["Pandora\u0027s Box","Busted Crown"],"picked":"Fusion Hammer"}],"items_purged_floors":[3,22,30,36],"is_endless":false,"potions_floor_spawned":[5,12,16,21,24,29,33,37],"killed_by":"Spire Growth","ascension_level":1}}