{"host":"hfvpa4llnnjpeawn","time":1607734835,"event":{"mods":["2.2 Compatiblity","Act Like it!","BaseMod","Better Skull","Better Third Choice","BetterRewards","CapriCore","Conspire","Downfall","Elementarium","GungeonMod","Hermit","Hubris","Koishi","Lobotomy","Mad Scientist","Minty Spire (QoL Compilation)","Replay The Spire","Shade Mod","Somnambulant","StSLib","The Bladedancer","The Factory","The Jungle","Waifu the Spire"],"gold_per_floor":[118,134,153,153,153,188,188,226,300,300,300,300,24,49,67,85,85,211,211,224,224,243,306,126,167,167,205,228,228,241,241,366,366,366],"floor_reached":33,"playtime":3355,"items_purged":[],"score":346,"play_id":"38c0c38a-cc66-4738-9b51-faaf5ed33371","local_time":"20201211200035","is_ascension_mode":true,"campfire_choices":[{"data":"Double Tap","floor":7,"key":"SMITH"},{"floor":17,"key":"REST"},{"data":"Turbo","floor":26,"key":"SMITH"}],"circlet_count":0,"master_deck":["Strike_R+1","Strike_R+1","Strike_R","Strike_R","Strike_R","Defend_R","Defend_R","Defend_R","Defend_R","Bash","Delirium","Double Tap+1","Inflame","Havoc","Shrug It Off","Self Repair+1","Turbo+1","Life Link","Metallicize+1","ReplayTheSpireMod:Stacked","Feel No Pain","Pommel Strike","Dark Embrace","Juggernaut","Heavy Blade","Flex","True Grit+1","Thinking Ahead","Juggernaut","Second Wind","Fire Breathing","Iron Wave"],"relics":["Golden Idol","Iron Core","DemoMod:WhiteGuonStone","DemoMod:MonsterBlood","DemoMod:MeltedRock","DemoMod:ChaffGrenade","Toolbox","Ooze Armor","Iron Hammer","DemoMod:LamentConfigurum","conspire:DeflatedDodgeball","hubris:ToyBattleship","Simple Rune","Girya","Incense Burner","Quantum Egg"],"acts_visited":["Exordium","Exordium"],"potions_floor_usage":[8,8,15,17,18,18,18,22,27],"damage_taken":[{"damage":11,"enemies":"Cultist","floor":1,"turns":4},{"damage":0,"enemies":"2 Louse","floor":2,"turns":3},{"damage":11,"enemies":"Small Slimes","floor":3,"turns":4},{"damage":48,"enemies":"3 Sentries","floor":6,"turns":12},{"damage":23,"enemies":"Lagavulin","floor":8,"turns":8},{"damage":6,"enemies":"Blue Slaver","floor":14,"turns":5},{"damage":3,"enemies":"Large Slime","floor":15,"turns":7},{"damage":19,"enemies":"Exordium Thugs","floor":16,"turns":5},{"damage":55,"enemies":"Slime Boss","floor":18,"turns":13},{"damage":15,"enemies":"Elementarium:MUD_AND_TAR_GOLEMS","floor":20,"turns":4},{"damage":10,"enemies":"Elementarium:2_ELEMENTALS","floor":22,"turns":4},{"damage":0,"enemies":"Elementarium:WarGolem","floor":25,"turns":7},{"damage":14,"enemies":"Elementarium:ElementalPortal","floor":27,"turns":8},{"damage":29,"enemies":"Elementarium:STONE_GOLEMS","floor":30,"turns":2},{"damage":4,"enemies":"Elementarium:FIRE_SANCTUM_HERALD","floor":32,"turns":5},{"damage":18,"enemies":"Elementarium:FIRE_SANCTUM_FIRELORD","floor":32,"turns":6},{"damage":14,"enemies":"Elementarium:VOID_CORRUPTION_AND_TAR_GOLEM","floor":33,"turns":3}],"seed_played":"-1939899863226579180","potions_obtained":[{"floor":6,"key":"SpeedPotion"},{"floor":8,"key":"Weak Potion"},{"floor":16,"key":"EntropicBrew"},{"floor":18,"key":"SpeedPotion"},{"floor":20,"key":"SpeedPotion"},{"floor":25,"key":"GamblersBrew"}],"is_trial":false,"path_per_floor":["M","M","M","?","?","E","R","E","T","PTL","PTL","T","$","M","M","M","R","B",null,"M","$","M","?","$","E","R","E","T","?","M","T","?","M"],"character_chosen":"IRONCLAD","items_purchased":["Toolbox","Metallicize+1","ReplayTheSpireMod:Stacked","Thinking Ahead"],"campfire_rested":1,"item_purchase_floors":[13,13,13,24],"current_hp_per_floor":[75,80,75,74,74,36,36,30,30,30,30,30,30,34,41,32,56,1,81,76,76,76,44,44,54,54,50,50,50,21,21,9,0,0],"gold":366,"neow_bonus":"THREE_RARE_CARDS","is_daily":false,"chose_seed":false,"campfire_upgraded":2,"win_rate":0.0,"timestamp":1607734835,"path_taken":["M","?","M","?","?","E","R","E","T","PTL","PTL","?","$","M","M","M","R","BOSS","M","$","M","?","$","E","R","E","T","?","?","?","?","M"],"items_purchased_type":["Relic","Card","Card","Card"],"build_version":"2020-11-30","purchased_purges":0,"victory":false,"max_hp_per_floor":[80,80,80,74,74,74,74,81,81,81,81,81,81,81,81,81,81,81,81,81,81,81,81,81,81,81,81,81,81,81,81,81,81,81],"card_choices":[{"not_picked":["Hemogenesis","Exhume"],"picked":"Double Tap","floor":0},{"not_picked":["Iron Wave","Heavy Blade"],"picked":"Inflame","floor":1},{"not_picked":["Carnage","Clothesline"],"picked":"Havoc","floor":2},{"not_picked":["Rupture","Clash"],"picked":"Shrug It Off","floor":3},{"not_picked":["ReplayTheSpireMod:Strike From Hell","Cleave"],"picked":"Turbo","floor":6},{"not_picked":["Cleave","hubris:StunningStrike"],"picked":"Life Link","floor":8},{"not_picked":["Rip and Tear","Iron Wave"],"picked":"Feel No Pain","floor":14},{"not_picked":["Life Link","Clothesline"],"picked":"Pommel Strike","floor":15},{"not_picked":["Metallicize","Beam Cell"],"picked":"Dark Embrace","floor":16},{"not_picked":["Eclipse","Hemogenesis"],"picked":"Juggernaut","floor":18},{"not_picked":["Clothesline+1","ReplayTheSpireMod:Stacked+1"],"picked":"Heavy Blade","floor":20},{"not_picked":["ReplayTheSpireMod:Corrosion Curse","Pummel","ReplayTheSpireMod:Stacked"],"picked":"SKIP","floor":22},{"not_picked":["Rupture","ReplayTheSpireMod:Strike From Hell"],"picked":"Flex","floor":23},{"not_picked":["Run Through","Defy Death+1"],"picked":"True Grit+1","floor":23},{"not_picked":["Armaments","Searing Blow"],"picked":"Juggernaut","floor":25},{"not_picked":["Wild Strike","Iron Wave"],"picked":"Second Wind","floor":27},{"not_picked":["Pommel Strike","True Grit"],"picked":"Fire Breathing","floor":30},{"not_picked":["Dual Wield","Dark Embrace"],"picked":"Iron Wave","floor":32}],"player_experience":164027,"relics_obtained":[{"floor":6,"key":"DemoMod:WhiteGuonStone"},{"floor":8,"key":"DemoMod:MonsterBlood"},{"floor":9,"key":"DemoMod:MeltedRock"},{"floor":12,"key":"DemoMod:ChaffGrenade"},{"floor":23,"key":"Iron Hammer"},{"floor":25,"key":"DemoMod:LamentConfigurum"},{"floor":27,"key":"conspire:DeflatedDodgeball"},{"floor":28,"key":"hubris:ToyBattleship"},{"floor":31,"key":"Girya"},{"floor":32,"key":"Incense Burner"},{"floor":32,"key":"Quantum Egg"}],"event_choices":[{"damage_healed":0,"gold_gain":0,"player_choice":"Lose Max HP","damage_taken":0,"relics_obtained":["Golden Idol"],"max_hp_gain":0,"max_hp_loss":6,"event_name":"Golden Idol","floor":4,"gold_loss":0},{"damage_healed":0,"gold_gain":0,"player_choice":"Open","damage_taken":0,"relics_obtained":["Simple Rune"],"max_hp_gain":0,"max_hp_loss":0,"event_name":"Elementarium:TarCoveredCasket","floor":29,"gold_loss":0,"cards_obtained":["Elementarium:StickyTar"]},{"damage_healed":0,"gold_gain":0,"player_choice":"Fight","damage_taken":0,"max_hp_gain":0,"max_hp_loss":0,"event_name":"Elementarium:FireSanctum","floor":32,"gold_loss":0},{"damage_healed":0,"gold_gain":0,"player_choice":"Confrontation","damage_taken":0,"max_hp_gain":0,"max_hp_loss":0,"event_name":"Elementarium:FireSanctum","floor":32,"gold_loss":0}],"is_beta":false,"boss_relics":[{"not_picked":["Cursed Key","Runic Dome"],"picked":"Ooze Armor"}],"items_purged_floors":[],"is_endless":false,"potions_floor_spawned":[6,8,16,18,20,25,32],"killed_by":"Elementarium:VOID_CORRUPTION_AND_TAR_GOLEM","ascension_level":2}}