{"host":"d7qmn60fs48wu5y6","time":1607739583,"event":{"mods":["BaseMod","Downfall","Minty Spire (QoL Compilation)","Shade Mod","StSLib","The Cursed","The Servant 0.9.4"],"gold_per_floor":[118,129,149,149,163,193,193,205,279,290,315,59,78,95,95,193,243,254,21,33,33,6,6,41,53,80,110,110,127,127,140,140,245,245,261,106,106,120,131,142,142,42,42,392,392,406,454,466,466,466,466,466,164,191,191,191],"floor_reached":55,"playtime":2809,"items_purged":["Strike_R","Defend_R","Strike_R","Strike_R"],"score":832,"play_id":"97567647-2f48-4b93-ae00-e13433f53e3c","local_time":"20201211181943","is_ascension_mode":true,"campfire_choices":[{"data":"Shrug It Off","floor":15,"key":"SMITH"},{"floor":23,"key":"RECALL"},{"floor":28,"key":"REST"},{"floor":30,"key":"REST"},{"data":"Feel No Pain","floor":32,"key":"SMITH"},{"data":"Evolve","floor":41,"key":"SMITH"},{"data":"Dark Embrace","floor":45,"key":"SMITH"},{"data":"Defend_R","floor":49,"key":"SMITH"},{"data":"Defend_R","floor":52,"key":"SMITH"}],"circlet_count":0,"master_deck":["Strike_R+1","Defend_R","Defend_R+1","Defend_R+1","Bash+1","Twin Strike","Shrug It Off+1","Shrug It Off+1","Headbutt","Reckless Charge","Shockwave","Cleave","Reckless Charge","Shockwave+1","Demon Form","Battle Trance+1","Heavy Blade","Armaments+1","Feel No Pain+1","True Grit+1","Wild Strike","Power Through+1","Double Tap+1","Fire Breathing+1","Reckless Charge","Offering+1","Reckless Charge","Power Through+1","Blind+1","Evolve+1","Reckless Charge+1","Flame Barrier+1","Burning Pact+1","Sentinel+1","Dark Embrace+1","True Grit+1","Wild Strike+1","Seeing Red+1","Dual Wield+1","Double Tap+1"],"relics":["Burning Blood","Singing Bowl","Toxic Egg 2","Unceasing Top","Vajra","Tiny House","Membership Card","Blood Vial","Anchor","Nunchaku","Mark of Pain","Orrery","Old Coin","Magic Flower","Pear","Thread and Needle"],"acts_visited":["Exordium","TheCity","TheBeyond","TheEnding"],"potions_floor_usage":[5,6,33,54,55,55],"damage_taken":[{"damage":6,"enemies":"Cultist","floor":1,"turns":3},{"damage":0,"enemies":"2 Louse","floor":2,"turns":3},{"damage":3,"enemies":"Jaw Worm","floor":3,"turns":4},{"damage":4,"enemies":"Looter","floor":5,"turns":4},{"damage":30,"enemies":"3 Sentries","floor":6,"turns":12},{"damage":0,"enemies":"2 Fungi Beasts","floor":8,"turns":3},{"damage":1,"enemies":"Blue Slaver","floor":10,"turns":3},{"damage":9,"enemies":"Gremlin Nob","floor":11,"turns":4},{"damage":2,"enemies":"Looter","floor":13,"turns":2},{"damage":3,"enemies":"Large Slime","floor":14,"turns":4},{"damage":58,"enemies":"Hexaghost","floor":16,"turns":11},{"damage":18,"enemies":"Shell Parasite","floor":18,"turns":6},{"damage":15,"enemies":"2 Thieves","floor":20,"turns":4},{"damage":25,"enemies":"Slavers","floor":24,"turns":9},{"damage":11,"enemies":"Snake Plant","floor":25,"turns":5},{"damage":30,"enemies":"Book of Stabbing","floor":27,"turns":6},{"damage":15,"enemies":"Shelled Parasite and Fungi","floor":29,"turns":9},{"damage":25,"enemies":"3 Cultists","floor":31,"turns":4},{"damage":59,"enemies":"Collector","floor":33,"turns":9},{"damage":6,"enemies":"Orb Walker","floor":35,"turns":4},{"damage":6,"enemies":"3 Darklings","floor":38,"turns":3},{"damage":16,"enemies":"Transient","floor":39,"turns":5},{"damage":12,"enemies":"Writhing Mass","floor":40,"turns":5},{"damage":6,"enemies":"Mind Bloom Boss Battle","floor":44,"turns":6},{"damage":0,"enemies":"4 Shapes","floor":46,"turns":8},{"damage":10,"enemies":"2 Orb Walkers","floor":47,"turns":6},{"damage":0,"enemies":"Spire Growth","floor":48,"turns":5},{"damage":36,"enemies":"Awakened One","floor":50,"turns":12},{"damage":26,"enemies":"Shield and Spear","floor":54,"turns":4},{"damage":135,"enemies":"The Heart","floor":55,"turns":8}],"seed_played":"3618915785451681058","potions_obtained":[{"floor":3,"key":"LiquidBronze"},{"floor":5,"key":"Fruit Juice"},{"floor":10,"key":"sneckomod:MuddlingPotion"},{"floor":11,"key":"Explosive Potion"},{"floor":13,"key":"Weak Potion"},{"floor":17,"key":"SteroidPotion"},{"floor":25,"key":"BloodPotion"},{"floor":29,"key":"Energy Potion"},{"floor":38,"key":"Ancient Potion"},{"floor":54,"key":"sneckomod:MuddlingPotion"}],"is_trial":false,"path_per_floor":["M","M","M","?","M","E","?","M","T","M","E","$","M","M","R","B",null,"M","$","M","?","$","R","E","M","T","E","R","M","R","M","R","B",null,"M","$","?","M","M","M","R","$","T","?","R","M","?","M","R","B",null,"R","$","E","B"],"character_chosen":"IRONCLAD","items_purchased":["Vajra","Reckless Charge","Membership Card","Armaments+1","True Grit+1","Power Through+1","Blind+1","Orrery","Dark Embrace","Double Tap+1","Pear","Guardian:BlockOnCardUsePotion","SpeedPotion"],"campfire_rested":2,"item_purchase_floors":[12,12,19,19,22,36,36,36,42,53,53,53,53],"current_hp_per_floor":[80,80,80,80,85,63,63,69,69,76,73,73,77,82,82,30,96,84,84,75,96,96,96,77,74,74,52,80,73,96,77,77,26,96,96,100,100,102,92,88,88,88,88,90,90,98,96,102,102,75,102,102,112,97,0,0],"gold":191,"neow_bonus":"UPGRADE_CARD","is_daily":false,"chose_seed":false,"campfire_upgraded":6,"win_rate":0.0,"timestamp":1607739583,"path_taken":["M","M","M","?","M","E","?","M","T","M","E","$","M","M","R","BOSS","M","?","M","?","$","R","E","M","T","E","R","M","R","M","R","BOSS","M","$","?","M","M","M","R","$","T","?","R","M","?","M","R","BOSS","R","$","E","BOSS"],"items_purchased_type":["Relic","Card","Relic","Card","Card","Card","Card","Relic","Card","Card","Relic","Potion","Potion"],"build_version":"2020-11-30","purchased_purges":4,"victory":false,"max_hp_per_floor":[80,80,80,80,85,87,87,87,87,89,89,89,89,91,91,91,96,96,96,96,96,96,96,96,96,96,96,96,96,96,96,96,96,96,96,100,100,102,102,102,102,102,102,102,102,102,102,102,102,102,102,102,112,114,114,114],"card_choices":[{"not_picked":["Fire Breathing","Wild Strike"],"picked":"Twin Strike","floor":1},{"not_picked":["Havoc","Pommel Strike"],"picked":"Shrug It Off","floor":2},{"not_picked":["Infernal Blade","Blood for Blood"],"picked":"Shrug It Off","floor":3},{"not_picked":["Exhume","Wild Strike"],"picked":"Headbutt","floor":5},{"not_picked":["Rage","Headbutt","Warcry"],"picked":"Singing Bowl","floor":6},{"not_picked":["Disarm","Clash"],"picked":"Shockwave","floor":8},{"not_picked":["Perfected Strike","Anger","Thunderclap"],"picked":"Singing Bowl","floor":10},{"not_picked":["Feed","Iron Wave"],"picked":"Cleave","floor":11},{"not_picked":["Wild Strike","Iron Wave"],"picked":"Shockwave+1","floor":13},{"not_picked":["Searing Blow","Havoc+1","Pommel Strike"],"picked":"Singing Bowl","floor":14},{"not_picked":["Exhume+1","Brutality"],"picked":"Demon Form","floor":16},{"not_picked":["Clash","Anger"],"picked":"Battle Trance+1","floor":17},{"not_picked":["Thunderclap+1","Clothesline+1"],"picked":"Heavy Blade","floor":18},{"not_picked":["Thunderclap","Anger"],"picked":"Feel No Pain","floor":20},{"not_picked":["Feed","Clothesline+1"],"picked":"Wild Strike","floor":24},{"not_picked":["Burning Pact+1","Cleave+1"],"picked":"Power Through+1","floor":25},{"not_picked":["Clash+1","Uppercut"],"picked":"Double Tap+1","floor":27},{"not_picked":["Pommel Strike","Thunderclap"],"picked":"Fire Breathing+1","floor":29},{"not_picked":["Spot Weakness+1","Sever Soul"],"picked":"Reckless Charge","floor":31},{"not_picked":["Feed","Demon Form"],"picked":"Offering+1","floor":33},{"not_picked":["Armaments+1","Iron Wave"],"picked":"Reckless Charge","floor":35},{"not_picked":["Iron Wave","Sentinel+1"],"picked":"Evolve","floor":36},{"not_picked":["Rampage","Shockwave+1","Thunderclap"],"picked":"Singing Bowl","floor":36},{"not_picked":["Sword Boomerang+1","Pommel Strike+1","Rupture"],"picked":"Singing Bowl","floor":36},{"not_picked":["Second Wind+1","Immolate"],"picked":"Reckless Charge+1","floor":36},{"not_picked":["Anger+1","Havoc+1"],"picked":"Flame Barrier+1","floor":36},{"not_picked":["Cleave","Clothesline","Pommel Strike"],"picked":"Singing Bowl","floor":38},{"not_picked":["Bloodletting+1","Heavy Blade"],"picked":"Burning Pact+1","floor":39},{"not_picked":["Armaments+1","Shrug It Off+1"],"picked":"Sentinel+1","floor":40},{"not_picked":["Cleave+1","Whirlwind"],"picked":"True Grit+1","floor":44},{"not_picked":["Pommel Strike","Armaments+1"],"picked":"Wild Strike+1","floor":46},{"not_picked":["Shrug It Off+1","Ghostly Armor+1"],"picked":"Seeing Red+1","floor":47},{"not_picked":["Thunderclap","Twin Strike+1"],"picked":"Dual Wield+1","floor":48},{"not_picked":["Iron Wave","Cleave+1","Wild Strike"],"picked":"Singing Bowl","floor":54}],"player_experience":838492,"relics_obtained":[{"floor":6,"key":"Singing Bowl"},{"floor":9,"key":"Toxic Egg 2"},{"floor":11,"key":"Unceasing Top"},{"floor":24,"key":"Blood Vial"},{"floor":26,"key":"Anchor"},{"floor":27,"key":"Nunchaku"},{"floor":44,"key":"Old Coin"},{"floor":47,"key":"Magic Flower"},{"floor":54,"key":"Thread and Needle"}],"event_choices":[{"damage_healed":0,"gold_gain":0,"player_choice":"Grow","damage_taken":0,"max_hp_gain":0,"max_hp_loss":0,"event_name":"Living Wall","floor":4,"gold_loss":0,"cards_upgraded":["Shrug It Off"]},{"damage_healed":0,"gold_gain":0,"cards_transformed":["Strike_R"],"player_choice":"Transformed","damage_taken":0,"max_hp_gain":0,"max_hp_loss":0,"event_name":"Transmorgrifier","floor":7,"gold_loss":0,"cards_obtained":["Reckless Charge"]},{"damage_healed":32,"gold_gain":0,"player_choice":"Heal","damage_taken":0,"max_hp_gain":0,"max_hp_loss":0,"event_name":"The Library","floor":21,"gold_loss":0},{"damage_healed":0,"gold_gain":0,"player_choice":"Ignored","damage_taken":0,"max_hp_gain":0,"max_hp_loss":0,"event_name":"Tomb of Lord Red Mask","floor":37,"gold_loss":0},{"damage_healed":0,"gold_gain":0,"player_choice":"Fight","damage_taken":0,"max_hp_gain":0,"max_hp_loss":0,"event_name":"MindBloom","floor":44,"gold_loss":0},{"damage_healed":0,"gold_gain":0,"player_choice":"Fight","damage_taken":0,"max_hp_gain":0,"max_hp_loss":0,"event_name":"Mysterious Sphere","floor":47,"gold_loss":0}],"is_beta":false,"boss_relics":[{"not_picked":["Runic Cube","Cursed Key"],"picked":"Tiny House"},{"not_picked":["Sozu","Busted Crown"],"picked":"Mark of Pain"}],"items_purged_floors":[12,19,42,53],"is_endless":false,"potions_floor_spawned":[3,5,10,11,13,24,25,29,38,40,44,48,54],"killed_by":"The Heart","ascension_level":1}}