{"host":"t75twhtg6c476ygg","time":1607790657,"event":{"mods":["BaseMod","Colored Powertips","Minty Spire (QoL Compilation)","Quick Restart","StSLib"],"gold_per_floor":[114,114,124,124,124,124,140,470,470,500,500,521,532,550,550,646,646,657,95,95,95,111,111,137,137,164,191,201,216,246,4,4,19,19,37,56,102,117,117,148,148,162,185,235,235,235,270,283,283,283],"floor_reached":51,"playtime":3718,"items_purged":[],"score":868,"play_id":"f11fa6e8-51e6-47dd-bc28-0cd5c31544b9","local_time":"20201212163057","is_ascension_mode":true,"campfire_choices":[{"data":"Reprogram","floor":6.0,"key":"SMITH"},{"data":"Echo Form","floor":23.0,"key":"SMITH"},{"floor":32.0,"key":"REST"},{"data":"Streamline","floor":41.0,"key":"SMITH"},{"floor":49,"key":"REST"}],"circlet_count":0,"master_deck":["Strike_B","Strike_B","Defend_B","Defend_B","Reprogram+1","Leap","Reboot+1","Streamline","Streamline+1","Melter","Steam+1","Conserve Battery+1","Machine Learning","Fusion+1","Echo Form+1","Redo+1","Undo+1","Redo+1","Double Energy+1","White Noise+1","Hologram+1","Hyperbeam","Capacitor+1","Turbo+1","Streamline","Compile Driver"],"relics":["Cracked Core","NeowsBlessing","Old Coin","Toxic Egg 2","Centennial Puzzle","Lee\u0027s Waffle","Odd Mushroom","Philosopher\u0027s Stone","Incense Burner","Question Card","DataDisk","Omamori","Turnip","Lee\u0027s Waffle","Red Mask","Mercury Hourglass","Shuriken","Busted Crown","Unceasing Top","Regal Pillow","Blood Vial","Medical Kit","Blue Candle","Pocketwatch","Cables"],"acts_visited":["Exordium","TheCity","TheBeyond"],"potions_floor_usage":[50,50,50,50,50,50,50,50],"damage_taken":[{"damage":0.0,"enemies":"Small Slimes","floor":1.0,"turns":1.0},{"damage":0.0,"enemies":"2 Louse","floor":3.0,"turns":1.0},{"damage":0.0,"enemies":"Jaw Worm","floor":7.0,"turns":1.0},{"damage":20.0,"enemies":"Lagavulin","floor":8.0,"turns":11.0},{"damage":42.0,"enemies":"3 Sentries","floor":10.0,"turns":12.0},{"damage":12.0,"enemies":"The Mushroom Lair","floor":12.0,"turns":5.0},{"damage":7.0,"enemies":"2 Fungi Beasts","floor":13.0,"turns":4.0},{"damage":1.0,"enemies":"Looter","floor":14.0,"turns":3.0},{"damage":21.0,"enemies":"Slime Boss","floor":16.0,"turns":9.0},{"damage":20.0,"enemies":"3 Byrds","floor":18.0,"turns":6.0},{"damage":0.0,"enemies":"Spheric Guardian","floor":22.0,"turns":2.0},{"damage":48.0,"enemies":"Gremlin Leader","floor":24.0,"turns":10.0},{"damage":10.0,"enemies":"Book of Stabbing","floor":27.0,"turns":5.0},{"damage":29.0,"enemies":"Chosen and Byrds","floor":28.0,"turns":9.0},{"damage":8.0,"enemies":"Centurion and Healer","floor":29.0,"turns":5.0},{"damage":62.0,"enemies":"Masked Bandits","floor":30.0,"turns":6.0},{"damage":37.0,"enemies":"Collector","floor":33.0,"turns":10.0},{"damage":0.0,"enemies":"3 Shapes","floor":35.0,"turns":2.0},{"damage":8.0,"enemies":"Orb Walker","floor":36.0,"turns":4.0},{"damage":15.0,"enemies":"2 Orb Walkers","floor":37.0,"turns":5.0},{"damage":11.0,"enemies":"Spire Growth","floor":38.0,"turns":5.0},{"damage":20.0,"enemies":"Giant Head","floor":40.0,"turns":6.0},{"damage":4.0,"enemies":"Writhing Mass","floor":42.0,"turns":4.0},{"damage":0.0,"enemies":"Mind Bloom Boss Battle","floor":44.0,"turns":3.0},{"damage":0.0,"enemies":"Nemesis","floor":47.0,"turns":5.0},{"damage":10,"enemies":"Sphere and 2 Shapes","floor":48,"turns":2},{"damage":32,"enemies":"Time Eater","floor":50,"turns":11}],"seed_played":"-6162380250698669620","potions_obtained":[{"floor":1.0,"key":"SpeedPotion"},{"floor":10.0,"key":"Explosive Potion"},{"floor":12.0,"key":"Dexterity Potion"},{"floor":13.0,"key":"GamblersBrew"},{"floor":14.0,"key":"EntropicBrew"},{"floor":24.0,"key":"EntropicBrew"},{"floor":27.0,"key":"Strength Potion"},{"floor":28.0,"key":"SkillPotion"},{"floor":35.0,"key":"Regen Potion"},{"floor":42.0,"key":"SpeedPotion"}],"is_trial":false,"path_per_floor":["M","?","M","?","?","R","M","E","T","E","R","?","M","M","R","B",null,"M","$","?","?","M","R","E","?","T","E","M","M","?","$","R","B",null,"M","M","?","M","?","E","R","M","T","?","?","?","E","M","R","B",null],"character_chosen":"DEFECT","items_purchased":["Incense Burner","Question Card","Shuriken"],"campfire_rested":2,"item_purchase_floors":[19,19,31],"current_hp_per_floor":[75,75,75,68,68,68,68,48,48,82,82,70,63,62,62,41,82,62,62,62,62,62,62,14,41,41,31,89,81,19,19,45,8,89,89,81,66,69,69,49,49,45,45,47,47,47,49,41,81,66],"gold":283,"neow_bonus":"THREE_ENEMY_KILL","is_daily":false,"chose_seed":false,"campfire_upgraded":3,"win_rate":0.0,"timestamp":1607790657,"path_taken":["M","?","M","?","?","R","M","E","T","E","R","?","M","M","R","BOSS","M","$","?","?","M","R","E","?","T","E","M","M","?","$","R","BOSS","M","M","?","M","?","E","R","M","T","?","?","?","E","M","R","BOSS"],"items_purchased_type":["Relic","Relic","Relic"],"build_version":"2020-11-30","purchased_purges":0,"victory":true,"max_hp_per_floor":[75,75,75,75,75,75,75,75,75,82,82,82,82,82,82,82,82,82,82,82,82,82,82,82,82,82,82,89,89,89,89,89,89,89,89,89,89,89,85,85,85,85,85,85,85,85,85,85,85,85],"card_choices":[{"not_picked":["Defragment","Steam"],"picked":"Reprogram","floor":1.0},{"not_picked":["Go for the Eyes","Reinforced Body","Recycle"],"picked":"SKIP","floor":3.0},{"not_picked":["Turbo","Steam"],"picked":"Defragment","floor":7.0},{"not_picked":["Undo","Chill"],"picked":"Defragment","floor":8.0},{"not_picked":["Coolheaded+1","Turbo+1"],"picked":"Reboot+1","floor":10.0},{"not_picked":["Compile Driver","Cold Snap"],"picked":"Melter","floor":12.0},{"not_picked":["Cold Snap","Streamline"],"picked":"Steam+1","floor":13.0},{"not_picked":["Hologram+1","Darkness+1"],"picked":"Conserve Battery+1","floor":14.0},{"not_picked":["All For One","Biased Cognition"],"picked":"Echo Form","floor":16.0},{"not_picked":["Coolheaded+1","Gash"],"picked":"Redo+1","floor":18.0},{"not_picked":["Leap+1","Hello World+1","Ball Lightning"],"picked":"Undo+1","floor":22.0},{"not_picked":["FTL+1","Leap+1","Glacier+1"],"picked":"Redo+1","floor":24.0},{"not_picked":["Chill+1","Leap+1","Doom and Gloom"],"picked":"Double Energy+1","floor":27.0},{"not_picked":["Ball Lightning","Heatsinks","Rebound"],"picked":"White Noise+1","floor":28.0},{"not_picked":["Conserve Battery+1","Go for the Eyes","Redo+1"],"picked":"Hologram+1","floor":29.0},{"not_picked":["Machine Learning","Fission+1","Biased Cognition"],"picked":"Hyperbeam","floor":33.0},{"not_picked":["Go for the Eyes","Sweeping Beam"],"picked":"SKIP","floor":35.0},{"not_picked":["Darkness+1","Barrage"],"picked":"SKIP","floor":36.0},{"not_picked":["Ball Lightning+1"],"picked":"Capacitor+1","floor":37.0},{"not_picked":["FTL+1","Redo+1"],"picked":"SKIP","floor":38.0},{"not_picked":["Steam+1","Rebound"],"picked":"SKIP","floor":40.0},{"not_picked":["Gash+1"],"picked":"Turbo+1","floor":42.0},{"not_picked":["Coolheaded+1"],"picked":"Streamline","floor":44.0},{"not_picked":["Rebound+1","Blizzard+1"],"picked":"SKIP","floor":47.0},{"not_picked":["Sunder","Stack+1"],"picked":"SKIP","floor":48}],"player_experience":171691,"relics_obtained":[{"floor":8.0,"key":"Old Coin"},{"floor":9.0,"key":"Toxic Egg 2"},{"floor":10.0,"key":"Centennial Puzzle"},{"floor":12.0,"key":"Odd Mushroom"},{"floor":24.0,"key":"DataDisk"},{"floor":26.0,"key":"Omamori"},{"floor":27.0,"key":"Turnip"},{"floor":30.0,"key":"Red Mask"},{"floor":30.0,"key":"Mercury Hourglass"},{"floor":37.0,"key":"Unceasing Top"},{"floor":40.0,"key":"Regal Pillow"},{"floor":43.0,"key":"Blood Vial"},{"floor":44.0,"key":"Pocketwatch"},{"floor":47.0,"key":"Cables"}],"event_choices":[{"damage_healed":0.0,"max_hp_gain":0.0,"max_hp_loss":0.0,"gold_gain":0.0,"event_name":"Liars Game","player_choice":"Ignored","floor":2.0,"gold_loss":0.0,"damage_taken":0.0},{"cards_removed":["Strike_B"],"damage_healed":0.0,"max_hp_gain":0.0,"max_hp_loss":0.0,"gold_gain":0.0,"event_name":"Golden Wing","player_choice":"Card Removal","floor":4.0,"gold_loss":0.0,"damage_taken":7.0},{"damage_healed":0.0,"max_hp_gain":0.0,"max_hp_loss":0.0,"gold_gain":0.0,"cards_transformed":["Defend_B"],"event_name":"Living Wall","player_choice":"Change","floor":5.0,"gold_loss":0.0,"damage_taken":0.0,"cards_obtained":["Leap"]},{"damage_healed":0.0,"max_hp_gain":0.0,"max_hp_loss":0.0,"gold_gain":0.0,"cards_transformed":["Defragment"],"event_name":"Living Wall","player_choice":"Change","floor":11.0,"gold_loss":0.0,"damage_taken":0.0,"cards_obtained":["Tempest"]},{"damage_healed":0.0,"max_hp_gain":0.0,"max_hp_loss":0.0,"gold_gain":0.0,"cards_transformed":["Tempest"],"event_name":"Living Wall","player_choice":"Change","floor":11.0,"gold_loss":0.0,"damage_taken":0.0,"cards_obtained":["Chaos"]},{"damage_healed":0.0,"max_hp_gain":0.0,"max_hp_loss":0.0,"gold_gain":0.0,"cards_transformed":["Chaos"],"event_name":"Living Wall","player_choice":"Change","floor":11.0,"gold_loss":0.0,"damage_taken":0.0,"cards_obtained":["Chill"]},{"damage_healed":0.0,"max_hp_gain":0.0,"max_hp_loss":0.0,"gold_gain":0.0,"cards_transformed":["Defragment"],"event_name":"Living Wall","player_choice":"Change","floor":11.0,"gold_loss":0.0,"damage_taken":0.0,"cards_obtained":["All For One"]},{"damage_healed":0.0,"max_hp_gain":0.0,"max_hp_loss":0.0,"gold_gain":0.0,"cards_transformed":["All For One"],"event_name":"Living Wall","player_choice":"Change","floor":11.0,"gold_loss":0.0,"damage_taken":0.0,"cards_obtained":["Streamline"]},{"damage_healed":0.0,"max_hp_gain":0.0,"max_hp_loss":0.0,"gold_gain":0.0,"cards_transformed":["Chill"],"event_name":"Living Wall","player_choice":"Change","floor":11.0,"gold_loss":0.0,"damage_taken":0.0,"cards_obtained":["Hello World"]},{"damage_healed":0.0,"max_hp_gain":0.0,"max_hp_loss":0.0,"gold_gain":0.0,"cards_transformed":["Hello World"],"event_name":"Living Wall","player_choice":"Change","floor":11.0,"gold_loss":0.0,"damage_taken":0.0,"cards_obtained":["Electrodynamics"]},{"damage_healed":0.0,"max_hp_gain":0.0,"max_hp_loss":0.0,"gold_gain":0.0,"cards_transformed":["Electrodynamics"],"event_name":"Living Wall","player_choice":"Change","floor":11.0,"gold_loss":0.0,"damage_taken":0.0,"cards_obtained":["Loop"]},{"damage_healed":0.0,"max_hp_gain":0.0,"max_hp_loss":0.0,"gold_gain":0.0,"cards_transformed":["Loop"],"event_name":"Living Wall","player_choice":"Change","floor":11.0,"gold_loss":0.0,"damage_taken":0.0,"cards_obtained":["Streamline"]},{"damage_healed":0.0,"max_hp_gain":0.0,"max_hp_loss":0.0,"gold_gain":0.0,"event_name":"Mushrooms","player_choice":"Fought Mushrooms","floor":12.0,"gold_loss":0.0,"damage_taken":0.0},{"damage_healed":0.0,"max_hp_gain":0.0,"max_hp_loss":0.0,"gold_gain":0.0,"cards_transformed":["Zap"],"event_name":"Living Wall","player_choice":"Change","floor":15.0,"gold_loss":0.0,"damage_taken":0.0,"cards_obtained":["Machine Learning"]},{"damage_healed":0.0,"max_hp_gain":0.0,"max_hp_loss":0.0,"gold_gain":0.0,"cards_transformed":["Dualcast"],"event_name":"Living Wall","player_choice":"Change","floor":15.0,"gold_loss":0.0,"damage_taken":0.0,"cards_obtained":["Storm"]},{"damage_healed":0.0,"max_hp_gain":0.0,"max_hp_loss":0.0,"gold_gain":0.0,"event_name":"Ghosts","player_choice":"Ignored","floor":20.0,"gold_loss":0.0,"damage_taken":0.0},{"cards_removed":["Storm"],"damage_healed":0.0,"max_hp_gain":0.0,"max_hp_loss":0.0,"gold_gain":0.0,"event_name":"Back to Basics","player_choice":"Elegance","floor":21.0,"gold_loss":0.0,"damage_taken":0.0},{"damage_healed":27.0,"max_hp_gain":0.0,"max_hp_loss":0.0,"gold_gain":0.0,"event_name":"The Library","player_choice":"Heal","floor":25.0,"gold_loss":0.0,"damage_taken":0.0},{"damage_healed":0.0,"max_hp_gain":0.0,"max_hp_loss":0.0,"gold_gain":0.0,"event_name":"Masked Bandits","player_choice":"Fought Bandits","floor":30.0,"gold_loss":0.0,"damage_taken":0.0},{"damage_healed":0.0,"max_hp_gain":0.0,"max_hp_loss":0.0,"gold_gain":0.0,"event_name":"Mysterious Sphere","player_choice":"Fight","floor":37.0,"gold_loss":0.0,"damage_taken":0.0},{"damage_healed":0.0,"max_hp_gain":0.0,"max_hp_loss":4.0,"gold_gain":0.0,"event_name":"Winding Halls","player_choice":"Max HP","floor":39.0,"gold_loss":0.0,"damage_taken":0.0},{"damage_healed":0.0,"max_hp_gain":0.0,"max_hp_loss":0.0,"gold_gain":0.0,"event_name":"MindBloom","player_choice":"Fight","floor":44.0,"gold_loss":0.0,"damage_taken":0.0},{"cards_removed":["Strike_B"],"damage_healed":0.0,"max_hp_gain":0.0,"max_hp_loss":0.0,"gold_gain":0.0,"event_name":"Falling","player_choice":"Removed Attack","floor":45.0,"gold_loss":0.0,"damage_taken":0.0},{"damage_healed":0.0,"max_hp_gain":0.0,"max_hp_loss":0.0,"gold_gain":0.0,"cards_transformed":["Defend_B"],"event_name":"Transmorgrifier","player_choice":"Transformed","floor":46.0,"gold_loss":0.0,"damage_taken":0.0,"cards_obtained":["Compile Driver"]}],"is_beta":false,"boss_relics":[{"not_picked":["Velvet Choker","Coffee Dripper"],"picked":"Philosopher\u0027s Stone"},{"not_picked":["SacredBark","Pandora\u0027s Box"],"picked":"Busted Crown"}],"items_purged_floors":[],"is_endless":false,"potions_floor_spawned":[1,10,12,13,14,24,27,28,29,35,36,42],"ascension_level":1}}