{"host":"fqid566djxhwi0rl","time":1607798450,"event":{"mods":["2.2 Compatiblity","AchievementEnabler","Aspiration","BaseMod","Downfall","Energized Spire","Faster Ascension Climbing","GifTheSpireLib","Minty Spire (QoL Compilation)","Replay The Spire","Robot Space Explorer","StSLib","The Blackbeard","The Gatherer","Trackpad","Yuri Mod"],"gold_per_floor":[112,129,144,158,83,83,115,115,115,115,149,149,149,149,149,228,228,240,240,232,253,50,50,50,50],"floor_reached":24,"playtime":1042,"items_purged":["hexamod:Strike","hexamod:Strike"],"score":394,"play_id":"a758824b-e44c-43cc-9101-a8589db18d7d","local_time":"20201212204050","is_ascension_mode":true,"campfire_choices":[{"floor":6,"key":"REST"},{"floor":8,"key":"REST"},{"floor":12,"key":"REST"},{"data":"hexamod:Float","floor":15,"key":"SMITH"},{"floor":23,"key":"REST"}],"circlet_count":0,"master_deck":["AscendersBane","hexamod:Strike+1","hexamod:Defend","hexamod:Defend","hexamod:Sear+1","hexamod:Float+1","hexamod:VolcanoVisage","hexamod:ThirdSeal","hexamod:Hexaguard","hexamod:RecurringNightmare","hexamod:SixthSeal","hexamod:SpectralSpark","hexamod:FourthSeal","hexamod:HeatShield","Choke+1","Expertise+1","Terror","hexamod:StepThrough+1","hexamod:SoulSteal+1","hexamod:WildfireWeapon","hexamod:UnleashSpirits","hexamod:ParanormalForm","hexamod:ThermalTransfer+1","hexamod:SecondSeal","Replay:SS_hec_2"],"relics":["hexamod:SpiritBrand","ReplayTheSpireMod:Ninjato","Vajra","ReplayTheSpireMod:TigerMarble","Mummified Hand","Ring of Chaos"],"acts_visited":["Exordium","TheCity"],"potions_floor_usage":[3,11,16,21],"damage_taken":[{"damage":0,"enemies":"Cultist","floor":1,"turns":3},{"damage":20,"enemies":"Small Slimes","floor":2,"turns":4},{"damage":0,"enemies":"2 Louse","floor":3,"turns":4},{"damage":12,"enemies":"2 Fungi Beasts","floor":4,"turns":6},{"damage":25,"enemies":"Lagavulin","floor":7,"turns":9},{"damage":18,"enemies":"3 Sentries","floor":11,"turns":7},{"damage":32,"enemies":"Slime Boss","floor":16,"turns":9},{"damage":27,"enemies":"Spheric Guardian","floor":18,"turns":4},{"damage":8,"enemies":"Shell Parasite","floor":21,"turns":4},{"damage":23,"enemies":"Slavers","floor":24,"turns":4}],"seed_played":"-9098750179454729605","potions_obtained":[{"floor":2,"key":"Block Potion"},{"floor":4,"key":"Fire Potion"},{"floor":11,"key":"Cursed Concoction"},{"floor":16,"key":"Strength Potion"},{"floor":18,"key":"LiquidBronze"}],"is_trial":false,"path_per_floor":["M","M","M","M","$","R","E","R","T","?","E","R","?","T","R","B",null,"M","?","?","M","$","R","E"],"character_chosen":"THE_SPIRIT","items_purchased":["Replay:SS_hec_2"],"campfire_rested":4,"item_purchase_floors":[22],"current_hp_per_floor":[57,37,37,25,25,43,18,36,36,36,18,36,36,36,36,4,48,21,12,12,4,4,22,0,0],"gold":50,"neow_bonus":"ONE_RANDOM_RARE_CARD","is_daily":false,"chose_seed":false,"campfire_upgraded":1,"win_rate":0.0,"timestamp":1607798450,"path_taken":["M","M","M","M","?","R","E","R","T","?","E","R","?","?","R","BOSS","M","?","?","M","?","R","E"],"items_purchased_type":["Card"],"build_version":"2020-11-30","purchased_purges":2,"victory":false,"max_hp_per_floor":[63,63,63,63,63,63,63,63,63,63,63,63,63,63,63,63,63,63,63,63,63,63,63,63,63],"card_choices":[{"not_picked":["hexamod:InspiringFlames","hexamod:ShieldOfDarkness"],"picked":"hexamod:ThirdSeal","floor":1},{"not_picked":["hexamod:SpectersWail","hexamod:SuperheatedStrike"],"picked":"hexamod:Hexaguard","floor":2},{"not_picked":["hexamod:SwordOfDarkness","hexamod:FastForward","hexamod:BacktrackSmack"],"picked":"SKIP","floor":2},{"not_picked":["hexamod:HauntingEcho","hexamod:InspiringFlames"],"picked":"hexamod:RecurringNightmare","floor":3},{"not_picked":["hexamod:ThermalTransfer","hexamod:FastForward"],"picked":"hexamod:SixthSeal","floor":3},{"not_picked":["hexamod:AdvancingGuard","hexamod:NightmareStrike"],"picked":"hexamod:SpectralSpark","floor":4},{"not_picked":["hexamod:GhostOfSpireFuture","hexamod:GhostShield"],"picked":"hexamod:FourthSeal","floor":7},{"not_picked":["hexamod:FastForward","hexamod:BurningTouch"],"picked":"hexamod:HeatShield","floor":7},{"not_picked":["hexamod:Hexaguard","hexamod:FastForward"],"picked":"hexamod:StepThrough","floor":11},{"not_picked":["hexamod:GhostShield","hexamod:FlamesFromBeyond"],"picked":"hexamod:SoulSteal","floor":11},{"not_picked":["hexamod:UnlimitedPower","hexamod:ApocalypseNow"],"picked":"hexamod:UnleashSpirits","floor":16},{"not_picked":["hexamod:UnlimitedPower","hexamod:GhostflameInferno"],"picked":"hexamod:ParanormalForm","floor":16},{"not_picked":["hexamod:RainOfEmbers","hexamod:StepThrough"],"picked":"hexamod:ThermalTransfer+1","floor":18},{"not_picked":["hexamod:HauntingEcho","hexamod:StepThrough","hexamod:GhostShield"],"picked":"SKIP","floor":21},{"not_picked":["hexamod:DynamicBlow","hexamod:SwordOfDarkness+1","hexamod:AdvancingGuard"],"picked":"SKIP","floor":21}],"player_experience":658205,"relics_obtained":[{"floor":7,"key":"ReplayTheSpireMod:Ninjato"},{"floor":9,"key":"Vajra"},{"floor":11,"key":"ReplayTheSpireMod:TigerMarble"},{"floor":14,"key":"Mummified Hand"}],"event_choices":[{"damage_healed":0,"gold_gain":0,"player_choice":"Stopped","damage_taken":9,"max_hp_gain":0,"max_hp_loss":0,"event_name":"Cursed Tome","floor":19,"gold_loss":0}],"is_beta":false,"boss_relics":[{"not_picked":["aspiration:RunicSpoon","aspiration:RitualDagger"],"picked":"Ring of Chaos"}],"items_purged_floors":[5,22],"is_endless":false,"potions_floor_spawned":[2,4],"killed_by":"Slavers","ascension_level":19}}