{"host":"s3g5dmvfnpdztvul","time":1607815468,"event":{"mods":["AchievementEnabler","AlwaysNeverKeys","Aspiration","BaseMod","Better Altar","Better Match","Better Note","Better Sensory Stone","Better Vampires","BetterRewards","CatGirl Mod","Challenge The Spire","Colored Map","Colored Powertips","Colorless Booster Pack","Conspire","Curses Come First","DeckTracker","Defuse TimeMaze Blight","Displayed Cursed Tome","Downfall","Energized Spire","Fiend Mod","Friendly Minions","GifTheSpireLib","Hubris","Hyrulean Relics","Infinite Spire","Ironclad Rager","Jedi Mod","Marisa????????","Marked Mod","Mimic Mod","Minty Spire (QoL Compilation)","Permanent Neow","Quick Restart","Railgun Mod","Random Character Button","Rare Cards Sparkle","Replay The Spire","SCP261 Mod","Shade Mod","Small Relic Pack","Spicy Shops","Spikes Relics","StSLib","Stuff the Spire","The Alterego","The Blue Laboratory","The Clintock","The Cursed","The Factory","The Jungle","The Necromancer","TheSwordswoman","Trackpad","Unceasing Turn Reminder","Virulent Crown","Waifu the Spire","Wandering Minibosses","vexMod"],"gold_per_floor":[116,116,116,126,143,143,143,23,59,59,10,10,10,10],"floor_reached":13,"playtime":933,"items_purged":[],"score":78,"play_id":"6bb9ed9e-0147-430c-8811-537c721a025f","local_time":"20201212182428","is_ascension_mode":true,"campfire_choices":[{"floor":6,"key":"REST"},{"floor":10,"key":"REST"},{"floor":12,"key":"REST"}],"circlet_count":0,"master_deck":["alterego_mod:Strike","alterego_mod:Strike","alterego_mod:Strike","alterego_mod:Strike","alterego_mod:Defend","alterego_mod:Defend","alterego_mod:Defend","alterego_mod:Defend","alterego_mod:Impale","alterego_mod:BigMeatyClaws","alterego_mod:Birthday","Regret","Pot Of Greed","Pot Of Greed","Pain","alterego_mod:Punishment","alterego_mod:Cooking","alterego_mod:ClassAdvantage+1","alterego_mod:BrynhildrsRune","alterego_mod:Nekomimi","alterego_mod:GoddessCore"],"relics":["alterego_mod:MasochisticConstitution","aspiration:AnachronicSnailShell","Grinning Jar","WarpedTongs","StuffTheSpire:Mouthbags"],"acts_visited":["Exordium"],"potions_floor_usage":[5],"damage_taken":[{"damage":7,"enemies":"Jaw Worm","floor":1,"turns":7},{"damage":8,"enemies":"Small Slimes","floor":4,"turns":4},{"damage":35,"enemies":"infinitespire:Voidling","floor":5,"turns":6},{"damage":42,"enemies":"2 Fungi Beasts","floor":9,"turns":10},{"damage":69,"enemies":"Gremlin Nob","floor":13,"turns":6}],"seed_played":"4889168315886310633","potions_obtained":[{"floor":1,"key":"SCP261:BarrettColaPotion"}],"is_trial":false,"path_per_floor":["M","?","?","M","M","R","?","$","MIM","R","$","R","E"],"character_chosen":"The_Alterego","items_purchased":["alterego_mod:ClassAdvantage+1","alterego_mod:GoddessCore"],"campfire_rested":3,"item_purchase_floors":[8,11],"current_hp_per_floor":[64,64,64,59,41,60,60,60,31,51,51,67,0,0],"gold":10,"neow_bonus":"ONE_RARE_RELIC","is_daily":false,"chose_seed":false,"campfire_upgraded":0,"win_rate":0.0,"timestamp":1607815468,"path_taken":["M","?","?","?","M","R","?","$","MIM","R","$","R","E"],"items_purchased_type":["Card","Card"],"build_version":"2020-11-30","purchased_purges":0,"victory":false,"max_hp_per_floor":[64,64,64,65,66,66,66,66,67,67,67,67,67,67],"card_choices":[{"not_picked":["alterego_mod:Maid","alterego_mod:Cooking"],"picked":"alterego_mod:Birthday","floor":1},{"not_picked":["alterego_mod:DestructionOfProperty","alterego_mod:Mirror"],"picked":"alterego_mod:Punishment","floor":4},{"not_picked":["alterego_mod:Pet","alterego_mod:Collar"],"picked":"alterego_mod:Cooking","floor":5},{"not_picked":["alterego_mod:Bounce","alterego_mod:TrashNCrash"],"picked":"alterego_mod:Nekomimi","floor":9}],"player_experience":516933,"relics_obtained":[{"floor":9,"key":"StuffTheSpire:Mouthbags"}],"event_choices":[{"damage_healed":0,"gold_gain":0,"player_choice":"Box","damage_taken":0,"relics_obtained":["Grinning Jar"],"max_hp_gain":0,"max_hp_loss":0,"event_name":"Big Fish","floor":2,"gold_loss":0,"cards_obtained":["Regret"]},{"damage_healed":0,"gold_gain":0,"player_choice":"Rummage","damage_taken":0,"relics_obtained":["WarpedTongs"],"max_hp_gain":0,"max_hp_loss":0,"event_name":"Accursed Blacksmith","floor":3,"gold_loss":0,"cards_obtained":["Pain"]}],"is_beta":false,"boss_relics":[],"items_purged_floors":[],"is_endless":false,"potions_floor_spawned":[1],"killed_by":"Gremlin Nob","ascension_level":2}}