{"host":"2n2g1vowfllvjtvi","time":1607788926,"event":{"mods":["AchievementEnabler","BaseMod","Custom Start","GifTheSpireLib","Keyboard Shortcuts","Minty Spire (QoL Compilation)","Quick Restart","Rare Cards Sparkle","StSLib","SuperFastMode"],"gold_per_floor":[55,93,130,205,380,380,129,196,220,275,275,275,15,15,15,143,143,206,249,274,274],"floor_reached":20,"playtime":449,"items_purged":["Doubt"],"score":267,"play_id":"071aea02-3dab-4a67-99e3-279c1236b990","local_time":"20201213010206","is_ascension_mode":true,"campfire_choices":[{"data":"HandOfGreed","floor":6.0,"key":"SMITH"},{"data":"Prepared","floor":12.0,"key":"SMITH"},{"data":"Neutralize","floor":15.0,"key":"SMITH"}],"circlet_count":0,"master_deck":["AscendersBane","Strike_G","Strike_G","Strike_G","Strike_G","Defend_G","Defend_G","Defend_G","Defend_G","Defend_G","Survivor","Neutralize+1","HandOfGreed+1","Dagger Throw","Underhanded Strike","Backflip","Underhanded Strike","Die Die Die","Prepared+1","Adrenaline"],"relics":["Ring of the Snake","Juzu Bracelet","Snake Skull","Sundial","SacredBark"],"acts_visited":["Exordium","TheCity"],"potions_floor_usage":[16,19],"damage_taken":[{"damage":4.0,"enemies":"2 Louse","floor":1.0,"turns":5.0},{"damage":10.0,"enemies":"Jaw Worm","floor":2.0,"turns":5.0},{"damage":0.0,"enemies":"Cultist","floor":3.0,"turns":3.0},{"damage":0.0,"enemies":"Exordium Wildlife","floor":8.0,"turns":4.0},{"damage":34.0,"enemies":"Lagavulin","floor":10.0,"turns":6.0},{"damage":16,"enemies":"Hexaghost","floor":16,"turns":8},{"damage":3,"enemies":"3 Byrds","floor":18,"turns":7},{"damage":2,"enemies":"Chosen","floor":19,"turns":3},{"damage":27,"enemies":"Masked Bandits","floor":20,"turns":4}],"seed_played":"8690898427964076615","potions_obtained":[{"floor":10.0,"key":"Strength Potion"},{"floor":18,"key":"Energy Potion"}],"is_trial":false,"path_per_floor":["M","M","M","?","?","R","$","M","T","E","?","R","$","?","R","B",null,"M","M","?"],"character_chosen":"THE_SILENT","items_purchased":["Underhanded Strike","Die Die Die","Sundial"],"campfire_rested":0,"item_purchase_floors":[7,7,13],"current_hp_per_floor":[59,49,49,38,38,38,38,38,38,4,27,27,27,20,20,4,54,51,49,22,22],"gold":274,"neow_bonus":"RANDOM_COLORLESS_2","is_daily":false,"chose_seed":false,"campfire_upgraded":3,"win_rate":0.0,"timestamp":1607788926,"path_taken":["M","M","M","?","?","R","$","M","T","E","?","R","?","?","R","BOSS","M","M","?"],"items_purchased_type":["Card","Card","Relic"],"build_version":"2020-11-30","purchased_purges":1,"victory":false,"max_hp_per_floor":[70,70,70,70,70,70,70,70,70,70,70,70,70,70,70,70,70,70,70,70,70],"card_choices":[{"not_picked":["Magnetism","Panache"],"picked":"HandOfGreed","floor":0.0},{"not_picked":["Cloak And Dagger","Infinite Blades"],"picked":"Dagger Throw","floor":1.0},{"not_picked":["Backstab","Noxious Fumes"],"picked":"Underhanded Strike","floor":2.0},{"not_picked":["Deflect","Deadly Poison"],"picked":"Backflip","floor":3.0},{"not_picked":["Sucker Punch","Dagger Spray"],"picked":"Prepared","floor":8.0},{"not_picked":["Predator","Caltrops","Accuracy"],"picked":"SKIP","floor":10.0},{"not_picked":["Die Die Die","After Image"],"picked":"Adrenaline","floor":16},{"not_picked":["Deflect","Distraction","Slice"],"picked":"SKIP","floor":18},{"not_picked":["Underhanded Strike","Flying Knee","Concentrate+1"],"picked":"SKIP","floor":19}],"player_experience":446313,"relics_obtained":[{"floor":9.0,"key":"Juzu Bracelet"},{"floor":10.0,"key":"Snake Skull"}],"event_choices":[{"damage_healed":0.0,"max_hp_gain":0.0,"max_hp_loss":0.0,"gold_gain":75.0,"event_name":"World of Goop","player_choice":"Gather Gold","floor":4.0,"gold_loss":0.0,"damage_taken":11.0},{"damage_healed":0.0,"max_hp_gain":0.0,"max_hp_loss":0.0,"gold_gain":175.0,"event_name":"Liars Game","player_choice":"AGREE","floor":5.0,"gold_loss":0.0,"damage_taken":0.0,"cards_obtained":["Doubt"]},{"damage_healed":23.0,"max_hp_gain":0.0,"max_hp_loss":0.0,"gold_gain":0.0,"event_name":"Big Fish","player_choice":"Banana","floor":11.0,"gold_loss":0.0,"damage_taken":0.0},{"cards_removed":["Strike_G"],"damage_healed":0.0,"max_hp_gain":0.0,"max_hp_loss":0.0,"gold_gain":0.0,"event_name":"Golden Wing","player_choice":"Card Removal","floor":14.0,"gold_loss":0.0,"damage_taken":7.0},{"damage_healed":0,"gold_gain":0,"player_choice":"Fought Bandits","damage_taken":0,"max_hp_gain":0,"max_hp_loss":0,"event_name":"Masked Bandits","floor":20,"gold_loss":0}],"is_beta":false,"boss_relics":[{"not_picked":["Fusion Hammer","Busted Crown"],"picked":"SacredBark"}],"items_purged_floors":[7],"is_endless":false,"potions_floor_spawned":[10,18],"killed_by":"Masked Bandits","ascension_level":11}}