{"host":"ndqkyrxelzss439h","time":1607784567,"event":{"mods":["2.2 Compatiblity","Act Like it!","BaseMod","Better Third Choice","Colored Map","Colored Powertips","FutureSeer","Highlight Path","Hubris","Infinite Spire","Mimic Mod","Minty Spire (QoL Compilation)","Permanent Neow","Quick Restart","Replay The Spire","StSLib","Steal the Spire","The Hierophant","The Valiant"],"gold_per_floor":[130,130,130,130,152,152,152,152],"floor_reached":7,"playtime":439,"items_purged":[],"score":39,"play_id":"bdf39a45-58d9-4263-ba2a-1d4aded3cc62","local_time":"20201212094927","is_ascension_mode":false,"campfire_choices":[{"data":"Future_Overhead","floor":6,"key":"SMITH"}],"circlet_count":0,"master_deck":["Future_Strike","Future_Strike","Future_Strike","Future_Defend","Future_Defend","Future_Defend","Future_Defend","Future_Future_Strike","Future_Future_Defend","Future_Overhead+1","Future_Solid_Time","Future_Future_Strike"],"relics":["FutureRelic","Frozen Eye","Golden Idol"],"acts_visited":["Exordium"],"potions_floor_usage":[],"damage_taken":[{"damage":12,"enemies":"Small Slimes","floor":1,"turns":7},{"damage":5,"enemies":"Jaw Worm","floor":5,"turns":6},{"damage":53,"enemies":"Gremlin Nob","floor":7,"turns":5}],"seed_played":"4737384146389804031","potions_obtained":[],"is_trial":false,"path_per_floor":["M","?","?","?","M","R","E"],"character_chosen":"FUTURESEER","items_purchased":[],"campfire_rested":0,"item_purchase_floors":[],"current_hp_per_floor":[65,58,42,42,45,45,0,0],"gold":152,"neow_bonus":"ONE_RANDOM_RARE_CARD","is_daily":false,"chose_seed":false,"campfire_upgraded":1,"win_rate":0.0,"timestamp":1607784567,"path_taken":["M","?","?","?","?","R","E"],"items_purchased_type":[],"build_version":"2020-11-30","purchased_purges":0,"victory":false,"max_hp_per_floor":[65,65,65,65,65,65,65,65],"card_choices":[{"not_picked":["Future_Time_Capsule","Future_Charge"],"picked":"Future_Solid_Time","floor":1},{"not_picked":["Future_Doom","Future_ToolBox"],"picked":"Future_Future_Strike","floor":5}],"player_experience":100047,"relics_obtained":[],"event_choices":[{"cards_removed":["Future_Strike"],"damage_healed":0,"gold_gain":0,"player_choice":"Card Removal","damage_taken":7,"max_hp_gain":0,"max_hp_loss":0,"event_name":"Golden Wing","floor":2,"gold_loss":0},{"damage_healed":0,"gold_gain":0,"player_choice":"Take Damage","damage_taken":16,"relics_obtained":["Golden Idol"],"max_hp_gain":0,"max_hp_loss":0,"event_name":"Golden Idol","floor":3,"gold_loss":0},{"damage_healed":0,"gold_gain":0,"player_choice":"Ignored","damage_taken":130,"max_hp_gain":0,"max_hp_loss":0,"event_name":"betterThird:BetterSerpent","floor":4,"gold_loss":0}],"is_beta":false,"boss_relics":[],"items_purged_floors":[],"is_endless":false,"potions_floor_spawned":[],"killed_by":"Gremlin Nob","ascension_level":0}}