{"host":"2461dio7vetlq1z3","time":1607793105,"event":{"mods":["AchievementEnabler","Aspiration","BaseMod","Hermit","Lobotomy","Minty Spire (QoL Compilation)","Relic Stats","Spicy Shops","StSLib","Waifu the Spire"],"gold_per_floor":[118,129,143,20,34,59,59,88,88,101,117,130,130,130,130,207,207,221,252,263,16,35,52,87,102,102,102,202,232,246,261,261,338,338,358,358,358,369,177,205,205,205,205,232,232,246,246,259,259,259,259,259,16,51,51],"floor_reached":56,"playtime":3838,"items_purged":["Strike_B","Strike_B","Strike_B","Strike_B"],"score":2001,"play_id":"9c36f230-4268-44de-a949-328d196d4db5","local_time":"20201212181145","is_ascension_mode":true,"campfire_choices":[{"floor":7,"key":"REST"},{"data":"Defragment","floor":13,"key":"SMITH"},{"data":"Capacitor","floor":15,"key":"SMITH"},{"data":"Static Discharge","floor":27,"key":"SMITH"},{"data":"Self Repair","floor":32,"key":"SMITH"},{"floor":41,"key":"RECALL"},{"data":"Echo Form","floor":45,"key":"SMITH"},{"data":"Electrodynamics","floor":47,"key":"SMITH"},{"data":"Glacier","floor":49,"key":"SMITH"},{"data":"Glacier","floor":52,"key":"SMITH"}],"circlet_count":0,"master_deck":["AscendersBane","Defend_B","Defend_B","Defend_B+1","Defend_B","Zap","Dualcast+1","Leap","Ball Lightning","Glacier+1","Glacier+1","Streamline","Electrodynamics+1","BootSequence+1","Defragment+1","Capacitor+1","Amplify+1","Static Discharge+1","Self Repair+1","White Noise+1","Rebound","White Noise+1","Reinforced Body+1","Hologram+1","Echo Form+1","Deep Breath+1","Panacea+1","Finesse+1","Coolheaded+1","Hologram+1","Clumsy","Steam Power+1","Core Surge","Loop"],"relics":["SacredBark","Toxic Egg 2","War Paint","Thread and Needle","Torii","Cursed Key","Red Mask","Runic Capacitor","Smiling Mask","Anchor","Emotion Chip","Question Card","Symbiotic Virus","Nuclear Battery","Akabeko","Toy Ornithopter","Bottled Tornado","Letter Opener"],"acts_visited":["Exordium","TheCity","TheBeyond","TheEnding"],"potions_floor_usage":[6,8,16,19,24,28,33,50,55,55],"damage_taken":[{"damage":8,"enemies":"2 Louse","floor":1,"turns":4},{"damage":16,"enemies":"Small Slimes","floor":2,"turns":6},{"damage":5,"enemies":"Cultist","floor":3,"turns":5},{"damage":0,"enemies":"Exordium Wildlife","floor":5,"turns":5},{"damage":35,"enemies":"Gremlin Nob","floor":6,"turns":8},{"damage":0,"enemies":"3 Sentries","floor":8,"turns":11},{"damage":4,"enemies":"Large Slime","floor":10,"turns":5},{"damage":0,"enemies":"3 Louse","floor":11,"turns":3},{"damage":0,"enemies":"Blue Slaver","floor":12,"turns":4},{"damage":11,"enemies":"Slime Boss","floor":16,"turns":10},{"damage":0,"enemies":"Chosen","floor":18,"turns":6},{"damage":6,"enemies":"Masked Bandits","floor":19,"turns":3},{"damage":6,"enemies":"Spheric Guardian","floor":20,"turns":10},{"damage":0,"enemies":"3 Cultists","floor":22,"turns":5},{"damage":11,"enemies":"Shelled Parasite and Fungi","floor":23,"turns":10},{"damage":13,"enemies":"Slavers","floor":24,"turns":4},{"damage":0,"enemies":"Centurion and Healer","floor":25,"turns":6},{"damage":1,"enemies":"Colosseum Slavers","floor":28,"turns":5},{"damage":1,"enemies":"Colosseum Nobs","floor":28,"turns":3},{"damage":1,"enemies":"Book of Stabbing","floor":29,"turns":6},{"damage":6,"enemies":"Snecko","floor":30,"turns":4},{"damage":33,"enemies":"Cultist and Chosen","floor":31,"turns":6},{"damage":0,"enemies":"Champ","floor":33,"turns":9},{"damage":1,"enemies":"Orb Walker","floor":35,"turns":4},{"damage":9,"enemies":"3 Darklings","floor":38,"turns":4},{"damage":0,"enemies":"Nemesis","floor":40,"turns":13},{"damage":2,"enemies":"Reptomancer","floor":44,"turns":4},{"damage":21,"enemies":"Jaw Worm Horde","floor":46,"turns":4},{"damage":1,"enemies":"Maw","floor":48,"turns":9},{"damage":97,"enemies":"Awakened One","floor":50,"turns":17},{"damage":7,"enemies":"Shield and Spear","floor":54,"turns":7},{"damage":49,"enemies":"The Heart","floor":55,"turns":11}],"seed_played":"4652270704830010705","potions_obtained":[{"floor":2,"key":"Dexterity Potion"},{"floor":8,"key":"GamblersBrew"},{"floor":10,"key":"GamblersBrew"},{"floor":16,"key":"ColorlessPotion"},{"floor":18,"key":"Explosive Potion"},{"floor":24,"key":"AttackPotion"},{"floor":28,"key":"Weak Potion"},{"floor":29,"key":"Fire Potion"},{"floor":33,"key":"FearPotion"},{"floor":35,"key":"LiquidBronze"},{"floor":40,"key":"Regen Potion"},{"floor":54,"key":"SkillPotion"}],"is_trial":false,"path_per_floor":["M","M","M","$","M","E","R","E","T","M","M","M","R","?","R","B",null,"M","?","M","$","M","M","E","M","T","R","?","E","M","M","R","B",null,"M","?","?","M","$","E","R","?","T","E","R","M","R","M","R","B",null,"R","$","E","B",null],"character_chosen":"DEFECT","items_purchased":["Dexterity Potion","Runic Capacitor","Coolheaded+1","Bottled Tornado"],"campfire_rested":1,"item_purchase_floors":[4,21,39,53],"current_hp_per_floor":[60,44,39,39,39,4,26,26,26,22,22,22,22,19,19,8,58,58,52,60,60,60,63,50,57,57,57,69,75,75,49,49,59,71,75,65,65,75,75,75,75,75,75,73,73,72,72,75,75,48,68,68,68,75,36],"gold":51,"neow_bonus":"BOSS_RELIC","is_daily":false,"chose_seed":false,"campfire_upgraded":8,"win_rate":0.0,"timestamp":1607793105,"path_taken":["M","M","M","$","M","E","R","E","T","M","M","M","R","?","R","BOSS","M","?","M","$","M","M","E","M","T","R","?","E","M","M","R","BOSS","M","?","?","?","$","E","R","?","T","E","R","M","R","M","R","BOSS","R","$","E","BOSS"],"items_purchased_type":["Potion","Relic","Card","Relic"],"build_version":"2020-11-30","purchased_purges":4,"victory":true,"max_hp_per_floor":[75,75,75,75,75,75,75,75,75,75,75,75,75,75,75,75,75,75,75,75,75,75,75,75,75,75,75,75,75,75,75,75,75,75,75,75,75,75,75,75,75,75,75,75,75,75,75,75,75,75,75,75,75,75,75],"relic_stats":{"Emotion Chip":[135,74,49,7,5],"Torii":30,"counters":[32,211],"Letter Opener":[48],"War Paint":["Defend_B","Dualcast"],"Cursed Key":2,"Smiling Mask":175,"Question Card":14,"obtain_stats":[{"Torii":14,"SacredBark":0,"Thread and Needle":9,"Runic Capacitor":21,"Letter Opener":54,"War Paint":8,"Bottled Tornado":53,"Cursed Key":17,"Smiling Mask":24,"Question Card":28,"Akabeko":40,"Nuclear Battery":34,"Anchor":26,"Emotion Chip":28,"Red Mask":19,"Toxic Egg 2":6,"Cracked Core":0,"Symbiotic Virus":29,"Toy Ornithopter":44},{"Torii":9,"SacredBark":0,"Thread and Needle":6,"Runic Capacitor":13,"Letter Opener":31,"War Paint":6,"Bottled Tornado":30,"Cursed Key":10,"Smiling Mask":16,"Question Card":19,"Akabeko":26,"Nuclear Battery":23,"Anchor":17,"Emotion Chip":19,"Red Mask":12,"Toxic Egg 2":5,"Cracked Core":0,"Symbiotic Virus":20,"Toy Ornithopter":27},{"Torii":51,"SacredBark":0,"Thread and Needle":39,"Runic Capacitor":80,"Letter Opener":200,"War Paint":39,"Bottled Tornado":193,"Cursed Key":61,"Smiling Mask":99,"Question Card":113,"Akabeko":159,"Nuclear Battery":138,"Anchor":105,"Emotion Chip":113,"Red Mask":70,"Toxic Egg 2":28,"Cracked Core":0,"Symbiotic Virus":119,"Toy Ornithopter":163}],"Toy Ornithopter":5},"card_choices":[{"not_picked":["Double Energy","Barrage"],"picked":"Leap","floor":1},{"not_picked":["Aggregate","Force Field"],"picked":"Ball Lightning","floor":2},{"not_picked":["Gash","Go for the Eyes"],"picked":"Glacier","floor":3},{"not_picked":["Leap","Conserve Battery"],"picked":"Glacier","floor":5},{"not_picked":["Heatsinks","Conserve Battery+1"],"picked":"Streamline","floor":6},{"not_picked":["Cold Snap","Rebound"],"picked":"Electrodynamics","floor":8},{"not_picked":["Rebound","White Noise+1"],"picked":"BootSequence+1","floor":10},{"not_picked":["Coolheaded+1","Redo+1"],"picked":"Defragment","floor":11},{"not_picked":["Ball Lightning","Sweeping Beam"],"picked":"Capacitor","floor":12},{"not_picked":["Hyperbeam","Meteor Strike"],"picked":"Amplify+1","floor":16},{"not_picked":["Conserve Battery+1","Auto Shields+1"],"picked":"Static Discharge","floor":18},{"not_picked":["Compile Driver","Redo+1"],"picked":"Self Repair","floor":19},{"not_picked":["Ball Lightning","Lockon"],"picked":"White Noise+1","floor":20},{"not_picked":["Ball Lightning","Meteor Strike"],"picked":"Rebound","floor":22},{"not_picked":["FTL","Barrage","Go for the Eyes"],"picked":"SKIP","floor":23},{"not_picked":["Coolheaded+1","Conserve Battery+1"],"picked":"White Noise+1","floor":24},{"not_picked":["Static Discharge","Streamline+1","Sunder"],"picked":"SKIP","floor":25},{"not_picked":["Streamline","Auto Shields+1"],"picked":"Reinforced Body+1","floor":28},{"not_picked":["Ball Lightning","Conserve Battery+1","Hyperbeam"],"picked":"Hologram+1","floor":29},{"not_picked":["Conserve Battery+1","Doom and Gloom+1","Cold Snap"],"picked":"Capacitor","floor":30},{"not_picked":["Rebound+1","Gash","Streamline","Go for the Eyes"],"picked":"SKIP","floor":31},{"not_picked":["Fission+1","Biased Cognition","All For One"],"picked":"Echo Form","floor":33},{"not_picked":["Sweeping Beam","Stack+1","Rebound+1","Conserve Battery+1"],"picked":"SKIP","floor":35},{"not_picked":["Violence+1","Good Instincts+1","Trip+1"],"picked":"Deep Breath+1","floor":36},{"not_picked":["Flash of Steel","Good Instincts+1","PanicButton+1"],"picked":"Panacea+1","floor":36},{"not_picked":["Jack Of All Trades+1","Bandage Up+1","Panacea+1"],"picked":"Finesse+1","floor":36},{"not_picked":["Lockon","Turbo+1","Compile Driver","Cold Snap+1"],"picked":"SKIP","floor":38},{"not_picked":["Compile Driver","Rebound","Melter"],"picked":"Hologram+1","floor":40},{"not_picked":["Compile Driver","Turbo+1","Redo+1"],"picked":"Steam Power+1","floor":44},{"not_picked":["Streamline+1","Gash","Barrage"],"picked":"Core Surge","floor":46},{"not_picked":["Beam Cell","Gash","Compile Driver+1","Redo+1"],"picked":"SKIP","floor":48},{"not_picked":["Electrodynamics","Barrage","Melter"],"picked":"Loop","floor":54}],"player_experience":649271,"relics_obtained":[{"floor":6,"key":"Toxic Egg 2"},{"floor":8,"key":"War Paint"},{"floor":9,"key":"Thread and Needle"},{"floor":19,"key":"Red Mask"},{"floor":24,"key":"Smiling Mask"},{"floor":26,"key":"Anchor"},{"floor":28,"key":"Emotion Chip"},{"floor":28,"key":"Question Card"},{"floor":29,"key":"Symbiotic Virus"},{"floor":40,"key":"Akabeko"},{"floor":44,"key":"Toy Ornithopter"},{"floor":54,"key":"Letter Opener"}],"event_choices":[{"damage_healed":0,"gold_gain":0,"player_choice":"Success","damage_taken":3,"relics_obtained":["Torii"],"max_hp_gain":0,"max_hp_loss":0,"event_name":"Scrap Ooze","floor":14,"gold_loss":0},{"damage_healed":0,"gold_gain":0,"player_choice":"Fought Bandits","damage_taken":0,"max_hp_gain":0,"max_hp_loss":0,"event_name":"Masked Bandits","floor":19,"gold_loss":0},{"damage_healed":0,"gold_gain":0,"player_choice":"Fight","damage_taken":0,"max_hp_gain":0,"max_hp_loss":0,"event_name":"Colosseum","floor":28,"gold_loss":0},{"damage_healed":0,"gold_gain":0,"player_choice":"Fought Nobs","damage_taken":0,"max_hp_gain":0,"max_hp_loss":0,"event_name":"Colosseum","floor":28,"gold_loss":0},{"damage_healed":0,"gold_gain":0,"player_choice":"Memory 3","damage_taken":10,"max_hp_gain":0,"max_hp_loss":0,"event_name":"SensoryStone","floor":36,"gold_loss":0},{"cards_removed":["Writhe"],"damage_healed":0,"gold_gain":0,"player_choice":"Purged","damage_taken":0,"max_hp_gain":0,"max_hp_loss":0,"event_name":"Purifier","floor":37,"gold_loss":0},{"cards_removed":["Capacitor"],"damage_healed":0,"gold_gain":0,"player_choice":"Removed Power","damage_taken":0,"max_hp_gain":0,"max_hp_loss":0,"event_name":"Falling","floor":42,"gold_loss":0}],"is_beta":false,"boss_relics":[{"not_picked":["Calling Bell","Coffee Dripper"],"picked":"Cursed Key"},{"not_picked":["Empty Cage","aspiration:IroncladSkillbook"],"picked":"Nuclear Battery"}],"items_purged_floors":[4,21,39,39],"is_endless":false,"potions_floor_spawned":[2,8,10,16,18,24,28,29,31,33,35,40,46,54],"ascension_level":13}}