{"host":"6o1vh5lr98s0jjq7","time":1607769928,"event":{"mods":["2.2 Compatiblity","Act Like it!","Aspiration","BaseMod","Better Altar","Better Match","Better Note","Better Third Choice","Conspire","Downfall","Gensokyo","Hallownest","Infinite Spire","Marisa????????","Minty Spire (QoL Compilation)","Replay The Spire","StSLib","The Alterego","WarShipGirlsR/????R mod"],"gold_per_floor":[119,119,132,142,160,189,154,185,185,220,220,220,220,236,236,333,333,348,364,364,382,19,19,31,44,44,72,72,72,72,12,12,133,133,147,147,147,166,22,22,37,70,70,81,30,30,61,81,81,111,111],"floor_reached":50,"playtime":2520,"items_purged":[],"score":728,"play_id":"9aa2ff7b-5fa9-4517-ad82-29098ac21e2a","local_time":"20201212044528","is_ascension_mode":true,"campfire_choices":[{"floor":11,"key":"REST"},{"data":"1","floor":13,"key":"LIFT"},{"floor":15,"key":"REST"},{"data":"2","floor":23,"key":"LIFT"},{"floor":30,"key":"REST"},{"floor":32,"key":"REST"},{"floor":40,"key":"RECALL"},{"floor":46,"key":"REST"},{"data":"3","floor":49,"key":"LIFT"}],"circlet_count":0,"master_deck":["Strike_MRS+1","Strike_MRS+1","Strike_MRS+1","Defend_MRS+1","Defend_MRS+1","Defend_MRS+1","UpSweep","JA","DC","BinaryStars","ShootingEcho","AsteroidBelt","EarthLightRay","SuperPerseids","UltimateShortwave","DragonMeteor","SuperPerseids+1","ChargingUp","TreasureHunter","NonDirectionalLaser","GrandCross+1","MysteriousBeam+1","ChargeUpSpray","PowerUp+1","MysteriousBeam","AsteroidBelt+1","Robbery+1","PulseMagic+1","MaximisePower","AbeCurse","MachineGunSpark","expansioncontent:GuardianWhirl","Enlightenment","expansioncontent:DashGenerateEvil","MysteriousBeam+1","6A+1","UnstableBomb","GrandCross+1","MysteriousBeam+1","NonDirectionalLaser","DeepEcoloBomb+1","PulseMagic+1"],"relics":["MiniHakkero","infinitespire:FocusingShard","Bottled Flame","aspiration:FrozenJewel","Girya","ChewingGum","Chemical X","Dream Catcher","HandmadeGrimoire","OrangePellets","Abe\u0027s Treasure","ClockworkSouvenir","HornCleat","AmplifyWand","Ice Cream"],"acts_visited":["Exordium","TheCity","TheBeyond"],"potions_floor_usage":[16,16,16,19,24,25,25,27,41,42,47,50,50],"damage_taken":[{"damage":2,"enemies":"Cultist","floor":1,"turns":2},{"damage":7,"enemies":"Small Slimes","floor":3,"turns":2},{"damage":3,"enemies":"2 Louse","floor":4,"turns":2},{"damage":3,"enemies":"Large Slime","floor":5,"turns":4},{"damage":31,"enemies":"Lagavulin","floor":6,"turns":5},{"damage":22,"enemies":"3 Sentries","floor":8,"turns":3},{"damage":18,"enemies":"Gremlin Nob","floor":10,"turns":3},{"damage":0,"enemies":"3 Louse","floor":14,"turns":1},{"damage":38,"enemies":"Hexaghost","floor":16,"turns":6},{"damage":2,"enemies":"Chosen","floor":18,"turns":3},{"damage":15,"enemies":"conspire:FuzzyDice","floor":19,"turns":4},{"damage":10,"enemies":"3 Cultists","floor":21,"turns":3},{"damage":0,"enemies":"Centurion and Healer","floor":24,"turns":2},{"damage":30,"enemies":"Shelled Parasite and Fungi","floor":25,"turns":3},{"damage":8,"enemies":"Gremlin Leader","floor":27,"turns":3},{"damage":56,"enemies":"Champ","floor":33,"turns":7},{"damage":9,"enemies":"3 Shapes","floor":35,"turns":3},{"damage":0,"enemies":"3 Darklings","floor":38,"turns":2},{"damage":0,"enemies":"Maw","floor":41,"turns":4},{"damage":39,"enemies":"Nemesis","floor":42,"turns":5},{"damage":0,"enemies":"4 Shapes","floor":44,"turns":2},{"damage":0,"enemies":"Giant Head","floor":47,"turns":4},{"damage":0,"enemies":"3 Darklings","floor":48,"turns":2},{"damage":52,"enemies":"infinitespire:MassOfShapes","floor":50,"turns":8}],"seed_played":"5462398232819681722","potions_obtained":[{"floor":3,"key":"Reflective Coating"},{"floor":10,"key":"GamblersBrew"},{"floor":14,"key":"Ancient Potion"},{"floor":16,"key":"GamblersBrew"},{"floor":18,"key":"PowerPotion"},{"floor":24,"key":"sneckomod:MuddlingPotion"},{"floor":25,"key":"AttackPotion"},{"floor":38,"key":"BottledSpark"},{"floor":41,"key":"Fire Potion"},{"floor":42,"key":"Strength Potion"},{"floor":48,"key":"Block Potion"}],"is_trial":false,"path_per_floor":["M","?","M","M","M","E","?","E","T","E","R","?","R","M","R","B",null,"M","M","?","M","$","R","M","M","T","E","AVR","?","R","$","R","B",null,"M","?","?","M","$","R","M","E","T","M","$","R","E","M","R","B"],"character_chosen":"MARISA","items_purchased":["Chemical X","Dream Catcher","SkillPotion","Robbery+1","ClockworkSouvenir","AttackPotion"],"campfire_rested":5,"item_purchase_floors":[22,22,22,31,39,45],"current_hp_per_floor":[73,73,66,63,60,33,51,33,33,19,41,41,41,45,67,33,75,73,62,62,56,56,56,56,30,30,22,22,22,44,44,66,16,75,66,56,56,60,60,60,64,29,29,29,29,51,51,51,51,0,0],"gold":111,"neow_bonus":"TRANSFORM_CARD","is_daily":false,"chose_seed":false,"campfire_upgraded":0,"win_rate":0.0,"timestamp":1607769928,"path_taken":["M","?","?","M","M","E","?","E","T","E","R","?","R","M","R","BOSS","M","M","?","M","$","R","M","M","T","E","AVR","?","R","$","R","BOSS","M","?","?","M","$","R","?","E","T","M","$","R","E","M","R","BOSS"],"items_purchased_type":["Relic","Relic","Potion","Card","Relic","Potion"],"build_version":"2020-11-30","purchased_purges":0,"victory":false,"max_hp_per_floor":[75,75,75,75,75,75,75,75,75,75,75,75,75,75,75,75,75,75,75,75,75,75,75,75,75,75,75,75,75,75,75,75,75,75,75,75,75,75,75,75,75,75,75,75,75,75,75,75,75,75,75],"card_choices":[{"not_picked":["SuperPerseids","MilkyWay"],"picked":"DC","floor":1},{"not_picked":["SporeBomb","WitchOfGreed"],"picked":"ShootingEcho","floor":3},{"not_picked":["EventHorizon","GravityBeat"],"picked":"AsteroidBelt","floor":4},{"not_picked":["Occultation","ChargingUp"],"picked":"EarthLightRay","floor":5},{"not_picked":["DoubleSpark","Orbital"],"picked":"SuperPerseids","floor":6},{"not_picked":["MilkyWay","BlazingStar"],"picked":"UltimateShortwave","floor":8},{"not_picked":["Acceleration","DarkSpark"],"picked":"DragonMeteor","floor":10},{"not_picked":["GasGiant","SuperPerseids"],"picked":"ChargingUp","floor":14},{"not_picked":["JA","EscapeVelocity"],"picked":"TreasureHunter","floor":16},{"not_picked":["PowerUp","ShootingEcho"],"picked":"NonDirectionalLaser","floor":18},{"not_picked":["GalacticHalo+1","6A"],"picked":"GrandCross+1","floor":19},{"not_picked":["Robbery","WitchLeyline"],"picked":"MysteriousBeam+1","floor":21},{"not_picked":["IllusionStar","WitchLeyline+1"],"picked":"ChargeUpSpray","floor":24},{"not_picked":["IllusionStar","ShootTheMoon"],"picked":"PowerUp+1","floor":25},{"not_picked":["StarlightTyphoon","EventHorizon"],"picked":"MysteriousBeam","floor":27},{"not_picked":["GalacticHalo","DoubleSpark"],"picked":"AsteroidBelt+1","floor":30},{"not_picked":["6A+1","GrandCross"],"picked":"PulseMagic+1","floor":32},{"not_picked":["FinalSpark","CasketOfStar"],"picked":"MaximisePower","floor":33},{"not_picked":["NonDirectionalLaser","DoubleSpark"],"picked":"MachineGunSpark","floor":35},{"not_picked":["Chrysalis","HandOfGreed"],"picked":"expansioncontent:GuardianWhirl","floor":36},{"not_picked":["Replay:Sssssssssstrike","expansioncontent:DonusPower"],"picked":"Enlightenment","floor":36},{"not_picked":["Survey Options","Sadistic Nature"],"picked":"expansioncontent:DashGenerateEvil","floor":36},{"not_picked":["MagicChant","IllusionStar+1"],"picked":"6A+1","floor":38},{"not_picked":["DC","Acceleration+1"],"picked":"UnstableBomb","floor":41},{"not_picked":["Acceleration","WitchLeyline"],"picked":"GrandCross+1","floor":42},{"not_picked":["DragonMeteor","FairyDestructionRay"],"picked":"MysteriousBeam+1","floor":44},{"not_picked":["LuminesStrike+1","IllusionStar"],"picked":"NonDirectionalLaser","floor":46},{"not_picked":["JA","WitchLeyline"],"picked":"DeepEcoloBomb+1","floor":47},{"not_picked":["Acceleration+1","GalacticHalo"],"picked":"PulseMagic+1","floor":48}],"player_experience":195081,"relics_obtained":[{"floor":6,"key":"infinitespire:FocusingShard"},{"floor":8,"key":"Bottled Flame"},{"floor":9,"key":"aspiration:FrozenJewel"},{"floor":10,"key":"Girya"},{"floor":27,"key":"HandmadeGrimoire"},{"floor":42,"key":"HornCleat"},{"floor":43,"key":"AmplifyWand"},{"floor":47,"key":"Ice Cream"}],"event_choices":[{"damage_healed":0,"gold_gain":0,"cards_transformed":["Strike_MRS"],"player_choice":"Transformed","damage_taken":0,"max_hp_gain":0,"max_hp_loss":0,"event_name":"Transmorgrifier","floor":2,"gold_loss":0,"cards_obtained":["BinaryStars"]},{"damage_healed":18,"gold_gain":0,"player_choice":"Healed","damage_taken":0,"max_hp_gain":0,"max_hp_loss":0,"event_name":"The Cleric","floor":7,"gold_loss":35},{"damage_healed":0,"gold_gain":0,"player_choice":"Simplicity","damage_taken":0,"max_hp_gain":0,"max_hp_loss":6,"event_name":"betterThird:BetterWriting","floor":29,"gold_loss":0},{"damage_healed":0,"gold_gain":0,"player_choice":"Memory 3","damage_taken":10,"max_hp_gain":0,"max_hp_loss":0,"event_name":"SensoryStone","floor":36,"gold_loss":0},{"damage_healed":0,"gold_gain":0,"player_choice":"Copied","damage_taken":0,"max_hp_gain":0,"max_hp_loss":0,"event_name":"Duplicator","floor":37,"gold_loss":0,"cards_obtained":["MysteriousBeam"]}],"is_beta":false,"boss_relics":[{"not_picked":["aspiration:FutureDiary","Coffee Dripper"],"picked":"ChewingGum"},{"not_picked":["conspire:SpecialSausage","Runic Pyramid"],"picked":"Abe\u0027s Treasure"}],"items_purged_floors":[],"is_endless":false,"potions_floor_spawned":[3,10,14,16,18,24,25,38,41,42,48],"killed_by":"infinitespire:MassOfShapes","ascension_level":4}}