{"host":"hvseegfg1v8jz7jr","time":1607793644,"event":{"mods":["AchievementEnabler","Ascension Reborn","Aspiration","BaseMod","Clawfect","Colored Map","Colored Powertips","Conspire","Energized Spire","GifTheSpireLib","Googly Eyes","Halation","Highlight Path","Hubris","Minty Spire (QoL Compilation)","Replay The Spire","Shop Mod","Small Relic Pack","Spikes Relics","StSLib","Stuff the Spire","The Alterego","Unceasing Turn Reminder","vexMod"],"gold_per_floor":[112,137,165,177,189,244,299,311,398,410,422,434,446,502,514,666,678,711,723,756,768,801,801],"floor_reached":22,"playtime":1589,"items_purged":[],"score":223,"play_id":"006c3713-b87f-4800-8045-6fce56e3a11d","local_time":"20201212102044","daily_mods":["Allstar","Diverse","Colorless Cards","Heirloom","Time Dilation","Flight"],"is_ascension_mode":true,"campfire_choices":[{"data":"vexMod:StairwayStrike","floor":15,"key":"SMITH"}],"circlet_count":0,"master_deck":["alterego_mod:Strike+1","alterego_mod:Strike+1","alterego_mod:Strike+1","alterego_mod:Strike+1","alterego_mod:Defend+1","alterego_mod:Defend+1","alterego_mod:Defend+1","alterego_mod:Defend+1","alterego_mod:Impale+1","alterego_mod:BigMeatyClaws+1","alterego_mod:BrynhildrsRune+1","Jack Of All Trades","Sharp Hide","Violence","StuffTheSpire:FreeRealEstate","vexMod:StairwayStrike+1","StuffTheSpire:PlasmaPunch","FollowUp","Injury","FollowUp","alterego_mod:Lingerie","Bane"],"relics":["alterego_mod:MasochisticConstitution","replay:Trail_Library","CherryCoatedStake","MawBank","Golden Idol","Juzu Bracelet","StuffTheSpire:CocoNut","Mirror"],"acts_visited":["Exordium","TheCity"],"potions_floor_usage":[6],"damage_taken":[{"damage":0,"enemies":"Cultist","floor":1,"turns":2},{"damage":0,"enemies":"2 Louse","floor":3,"turns":1},{"damage":0,"enemies":"Gremlin Nob","floor":6,"turns":2},{"damage":10,"enemies":"Lagavulin","floor":7,"turns":3},{"damage":20,"enemies":"3 Sentries","floor":14,"turns":6},{"damage":49,"enemies":"The Guardian","floor":16,"turns":10},{"damage":10,"enemies":"Chosen","floor":18,"turns":4},{"damage":10,"enemies":"Spheric Guardian","floor":20,"turns":3},{"damage":63,"enemies":"conspire:MimicChest","floor":22,"turns":7}],"seed_played":"-5089466149337520069","potions_obtained":[{"floor":3,"key":"Energy Potion"}],"is_trial":true,"path_per_floor":["M","T","M","?","?","E","E","T","T","?","?","?","$","E","R","B",null,"M","?","M","?","?"],"character_chosen":"The_Alterego","items_purchased":[],"campfire_rested":0,"item_purchase_floors":[],"current_hp_per_floor":[70,70,70,70,70,70,61,68,68,68,75,75,75,61,61,13,80,71,71,62,62,0,0],"gold":801,"neow_bonus":"","is_daily":false,"chose_seed":false,"campfire_upgraded":1,"win_rate":0.0,"timestamp":1607793644,"path_taken":["M","?","M","?","?","E","E","?","T","?","?","?","$","E","R","BOSS","M","?","M","?","?"],"items_purchased_type":[],"build_version":"2020-11-30","purchased_purges":0,"victory":false,"max_hp_per_floor":[70,70,70,70,70,70,71,78,78,78,78,78,78,79,79,80,80,81,81,82,82,82,82],"card_choices":[{"not_picked":["CutThroughFate","Clash"],"picked":"StuffTheSpire:PlasmaPunch","floor":1},{"not_picked":["alterego_mod:Maid","Dodge and Roll"],"picked":"FollowUp","floor":3},{"not_picked":["Coolheaded","WreathOfFlame","Auto Shields"],"picked":"SKIP","floor":6},{"not_picked":["Clothesline","FlyingSleeves","Evaluate"],"picked":"SKIP","floor":7},{"not_picked":["Dodge and Roll","StuffTheSpire:SnapShoot","alterego_mod:HighServant"],"picked":"SKIP","floor":14},{"not_picked":["Hello World","Blizzard+1"],"picked":"Bane","floor":18},{"not_picked":["Panic Button","Clawfect:ClawpileDriver","Replay:AtTheReady+1"],"picked":"SKIP","floor":20}],"player_experience":149082,"relics_obtained":[{"floor":2,"key":"MawBank"},{"floor":6,"key":"Juzu Bracelet"},{"floor":8,"key":"StuffTheSpire:CocoNut"},{"floor":9,"key":"Mirror"}],"event_choices":[{"damage_healed":0,"gold_gain":0,"player_choice":"Disagree","damage_taken":0,"max_hp_gain":0,"max_hp_loss":0,"event_name":"conspire:LoneGhost","floor":4,"gold_loss":0},{"damage_healed":0,"gold_gain":0,"player_choice":"Take Wound","damage_taken":0,"relics_obtained":["Golden Idol"],"max_hp_gain":0,"max_hp_loss":0,"event_name":"Golden Idol","floor":5,"gold_loss":0,"cards_obtained":["Injury"]},{"damage_healed":0,"gold_gain":0,"cards_transformed":["Prepared"],"player_choice":"Transformed","damage_taken":0,"max_hp_gain":0,"max_hp_loss":0,"event_name":"Transmorgrifier","floor":12,"gold_loss":0,"cards_obtained":["alterego_mod:Lingerie"]},{"damage_healed":0,"gold_gain":0,"player_choice":"Ignored","damage_taken":0,"max_hp_gain":0,"max_hp_loss":0,"event_name":"Ghosts","floor":19,"gold_loss":0},{"damage_healed":0,"gold_gain":0,"player_choice":"Ignored","damage_taken":0,"max_hp_gain":0,"max_hp_loss":0,"event_name":"N\u0027loth","floor":21,"gold_loss":0}],"is_beta":false,"boss_relics":[{"not_picked":["vexMod:CursedCompass","Astrolabe","energizedSpire:RedRose"]}],"items_purged_floors":[],"is_endless":false,"potions_floor_spawned":[3],"killed_by":"conspire:MimicChest","ascension_level":0}}