{"host":"jrmqsbok61y7b34d","time":1607732711,"event":{"mods":["BaseMod","Colored Map","Colored Powertips","Emptier Cage","Minty Spire (QoL Compilation)","Permanent Neow","Quick Restart","Relic Stats","StSLib","Unceasing Turn Reminder"],"gold_per_floor":[126,126,147,45,73,73,73,111,134,178,190,42,42,80,80,189,189,216,232,232,258,274,274,317,328,328,339,370,370,134,243,243,338,338,370,392,392,128,147,177,198,236,284,309,309,319,319,335,335,335],"floor_reached":51,"playtime":12238,"items_purged":["Strike_B","Strike_B","Defend_B"],"score":964,"play_id":"5cc25f9d-c194-45cd-a960-ab7472f3dca1","local_time":"20201212002511","is_ascension_mode":true,"campfire_choices":[{"data":"Defragment","floor":6.0,"key":"SMITH"},{"data":"Defragment","floor":13.0,"key":"SMITH"},{"data":"Chaos","floor":15.0,"key":"SMITH"},{"data":"Coolheaded","floor":23.0,"key":"SMITH"},{"data":"Reinforced Body","floor":29.0,"key":"SMITH"},{"data":"Rainbow","floor":32,"key":"SMITH"},{"data":"Machine Learning","floor":45,"key":"SMITH"},{"data":"Capacitor","floor":49,"key":"SMITH"}],"circlet_count":0,"master_deck":["Defend_B","Defend_B","Defend_B","Zap","Dualcast","Gash","Genetic Algorithm","Defragment+1","Ball Lightning","Compile Driver","Rebound","Machine Learning+1","Coolheaded+1","Defragment+1","Chaos+1","Melter","Gash","Tempest","Rainbow+1","Ball Lightning+1","Compile Driver","Reinforced Body+1","Reinforced Body","Capacitor+1","Chill+1","Glacier","Compile Driver+1","Reinforced Body","Defragment+1","Lockon","Compile Driver+1","Gash+1"],"relics":["Cracked Core","CeramicFish","Orrery","Anchor","Potion Belt","Meat on the Bone","Odd Mushroom","Busted Crown","Lantern","Symbiotic Virus","Boot","Prayer Wheel","Blue Candle","Philosopher\u0027s Stone","DollysMirror","Strawberry","Oddly Smooth Stone","Happy Flower"],"acts_visited":["Exordium","TheCity","TheBeyond"],"potions_floor_usage":[31,31,31,31,33,33,40],"damage_taken":[{"damage":1.0,"enemies":"Small Slimes","floor":1.0,"turns":4.0},{"damage":2.0,"enemies":"Jaw Worm","floor":3.0,"turns":3.0},{"damage":8.0,"enemies":"2 Louse","floor":5.0,"turns":3.0},{"damage":12.0,"enemies":"Gremlin Nob","floor":8.0,"turns":3.0},{"damage":15.0,"enemies":"Lagavulin","floor":10.0,"turns":7.0},{"damage":4.0,"enemies":"Red Slaver","floor":11.0,"turns":4.0},{"damage":2.0,"enemies":"The Mushroom Lair","floor":14.0,"turns":4.0},{"damage":21.0,"enemies":"Hexaghost","floor":16.0,"turns":7.0},{"damage":11.0,"enemies":"2 Thieves","floor":18.0,"turns":3.0},{"damage":0.0,"enemies":"Chosen","floor":19.0,"turns":3.0},{"damage":18.0,"enemies":"3 Cultists","floor":21.0,"turns":4.0},{"damage":10.0,"enemies":"Shelled Parasite and Fungi","floor":22.0,"turns":3.0},{"damage":17.0,"enemies":"Gremlin Leader","floor":24.0,"turns":6.0},{"damage":2.0,"enemies":"Snecko","floor":25.0,"turns":4.0},{"damage":6.0,"enemies":"Snake Plant","floor":27.0,"turns":3.0},{"damage":10.0,"enemies":"Slavers","floor":28.0,"turns":3.0},{"damage":3,"enemies":"Colosseum Slavers","floor":31,"turns":4},{"damage":10,"enemies":"Colosseum Nobs","floor":31,"turns":5},{"damage":18,"enemies":"Automaton","floor":33,"turns":8},{"damage":0,"enemies":"3 Darklings","floor":35,"turns":5},{"damage":1,"enemies":"3 Shapes","floor":36,"turns":4},{"damage":0,"enemies":"Spire Growth","floor":39,"turns":5},{"damage":21,"enemies":"Reptomancer","floor":40,"turns":6},{"damage":0,"enemies":"4 Shapes","floor":41,"turns":5},{"damage":6,"enemies":"Giant Head","floor":42,"turns":7},{"damage":0,"enemies":"Nemesis","floor":44,"turns":5},{"damage":0,"enemies":"Transient","floor":46,"turns":5},{"damage":11,"enemies":"Spire Growth","floor":48,"turns":6},{"damage":12,"enemies":"Time Eater","floor":50,"turns":11}],"seed_played":"8254750860446287733","potions_obtained":[{"floor":3.0,"key":"Weak Potion"},{"floor":10.0,"key":"Block Potion"},{"floor":11.0,"key":"ColorlessPotion"},{"floor":16.0,"key":"Strength Potion"},{"floor":21.0,"key":"Fire Potion"},{"floor":22.0,"key":"LiquidBronze"},{"floor":28.0,"key":"EntropicBrew"},{"floor":33,"key":"FairyPotion"},{"floor":37,"key":"BlessingOfTheForge"},{"floor":37,"key":"SmokeBomb"},{"floor":37,"key":"DuplicationPotion"},{"floor":39,"key":"PowerPotion"},{"floor":40,"key":"Explosive Potion"},{"floor":48,"key":"Explosive Potion"}],"is_trial":false,"path_per_floor":["M","?","M","$","M","R","?","E","T","E","M","$","R","?","R","B",null,"M","M","?","M","M","R","E","M","T","M","E","R","$","?","R","B",null,"M","M","?","$","M","E","M","E","T","E","R","M","?","M","R","B",null],"character_chosen":"DEFECT","items_purchased":["Orrery","Melter","Gash","Reinforced Body","Capacitor","DollysMirror"],"campfire_rested":0,"item_purchase_floors":[4,12,12,30,30,38],"current_hp_per_floor":[74,74,72,72,64,64,57,45,45,30,38,38,38,48,48,39,75,64,64,64,46,48,48,43,41,41,47,49,49,49,50,50,44,75,75,74,74,74,74,60,60,54,54,54,54,54,54,43,43,43],"gold":335,"neow_bonus":"RANDOM_COMMON_RELIC","is_daily":false,"chose_seed":false,"campfire_upgraded":8,"win_rate":0.0,"timestamp":1607732711,"path_taken":["M","?","M","$","M","R","?","E","T","E","M","$","R","?","R","BOSS","M","M","?","M","M","R","E","M","T","M","E","R","$","?","R","BOSS","M","M","?","$","M","E","?","E","T","E","R","M","?","M","R","BOSS"],"items_purchased_type":["Relic","Card","Card","Card","Card","Relic"],"build_version":"2020-11-30","purchased_purges":3,"victory":true,"max_hp_per_floor":[75,75,75,75,75,75,75,75,75,75,75,75,75,75,75,75,75,75,75,75,75,75,75,75,75,75,75,75,75,75,75,75,75,75,75,75,75,75,75,82,82,82,82,82,82,82,78,78,78,78],"relic_stats":{"Busted Crown":50,"Happy Flower":[7],"counters":[29,140],"CeramicFish":243,"Blue Candle":[0],"Prayer Wheel":6,"Boot":[47],"obtain_stats":[{"Potion Belt":9,"Lantern":24,"Happy Flower":44,"CeramicFish":0,"Blue Candle":31,"Oddly Smooth Stone":42,"Odd Mushroom":14,"Boot":28,"Anchor":8,"Busted Crown":17,"DollysMirror":38,"Strawberry":40,"Orrery":4,"Prayer Wheel":31,"Philosopher\u0027s Stone":34,"Cracked Core":0,"Symbiotic Virus":26,"Meat on the Bone":10},{"Potion Belt":4,"Lantern":13,"Happy Flower":26,"CeramicFish":0,"Blue Candle":18,"Oddly Smooth Stone":25,"Odd Mushroom":7,"Boot":16,"Anchor":4,"Busted Crown":8,"DollysMirror":21,"Strawberry":23,"Orrery":2,"Prayer Wheel":18,"Philosopher\u0027s Stone":19,"Cracked Core":0,"Symbiotic Virus":14,"Meat on the Bone":5},{"Potion Belt":13,"Lantern":54,"Happy Flower":118,"CeramicFish":0,"Blue Candle":73,"Oddly Smooth Stone":113,"Odd Mushroom":28,"Boot":64,"Anchor":13,"Busted Crown":35,"DollysMirror":90,"Strawberry":101,"Orrery":7,"Prayer Wheel":73,"Philosopher\u0027s Stone":81,"Cracked Core":0,"Symbiotic Virus":58,"Meat on the Bone":20}],"Meat on the Bone":108},"card_choices":[{"not_picked":["Beam Cell","Chaos"],"picked":"Gash","floor":1.0},{"not_picked":["Steam Power","Auto Shields"],"picked":"Genetic Algorithm","floor":3.0},{"not_picked":["Steam","Beam Cell"],"picked":"Defragment","floor":4.0},{"not_picked":["Aggregate","Barrage"],"picked":"Ball Lightning","floor":4.0},{"not_picked":["Leap","All For One"],"picked":"Compile Driver","floor":4.0},{"not_picked":["Go for the Eyes","Turbo"],"picked":"Rebound","floor":4.0},{"not_picked":["Turbo","Coolheaded"],"picked":"Machine Learning","floor":4.0},{"not_picked":["Sweeping Beam","Compile Driver"],"picked":"Coolheaded","floor":5.0},{"not_picked":["Gash","Cold Snap"],"picked":"Defragment","floor":8.0},{"not_picked":["Rebound","Beam Cell"],"picked":"Chaos","floor":10.0},{"not_picked":["Buffer","Double Energy","Rebound"],"picked":"SKIP","floor":11.0},{"not_picked":["Conserve Battery","Beam Cell"],"picked":"Tempest","floor":14.0},{"not_picked":["Hyperbeam","Core Surge"],"picked":"Rainbow","floor":16.0},{"not_picked":[],"picked":"Ball Lightning+1","floor":18.0},{"not_picked":["Genetic Algorithm"],"picked":"SKIP","floor":19.0},{"not_picked":[],"picked":"Compile Driver","floor":21.0},{"not_picked":["Stack"],"picked":"SKIP","floor":22.0},{"not_picked":[],"picked":"Reinforced Body","floor":24.0},{"not_picked":["Ball Lightning"],"picked":"SKIP","floor":25.0},{"not_picked":["Ball Lightning+1"],"picked":"SKIP","floor":27.0},{"not_picked":["Heatsinks"],"picked":"SKIP","floor":28.0},{"not_picked":[],"picked":"Chill+1","floor":31},{"not_picked":[],"picked":"Glacier","floor":35},{"not_picked":[],"picked":"Compile Driver+1","floor":35},{"not_picked":[],"picked":"Reinforced Body","floor":36},{"not_picked":["Chaos"],"picked":"SKIP","floor":36},{"not_picked":[],"picked":"Lockon","floor":39},{"not_picked":["Cold Snap"],"picked":"SKIP","floor":39},{"not_picked":["Cold Snap"],"picked":"SKIP","floor":39},{"not_picked":["Rebound"],"picked":"SKIP","floor":40},{"not_picked":[],"picked":"Compile Driver+1","floor":41},{"not_picked":["Stack+1"],"picked":"SKIP","floor":41},{"not_picked":[],"picked":"Gash+1","floor":42},{"not_picked":["Reprogram"],"picked":"SKIP","floor":44},{"not_picked":["Steam+1"],"picked":"SKIP","floor":46},{"not_picked":["Doom and Gloom+1"],"picked":"SKIP","floor":46},{"not_picked":["Recycle+1"],"picked":"SKIP","floor":48},{"not_picked":["Go for the Eyes"],"picked":"SKIP","floor":48}],"player_experience":904375,"relics_obtained":[{"floor":8.0,"key":"Anchor"},{"floor":9.0,"key":"Potion Belt"},{"floor":10.0,"key":"Meat on the Bone"},{"floor":14.0,"key":"Odd Mushroom"},{"floor":24.0,"key":"Lantern"},{"floor":26.0,"key":"Symbiotic Virus"},{"floor":28.0,"key":"Boot"},{"floor":31,"key":"Prayer Wheel"},{"floor":31,"key":"Blue Candle"},{"floor":40,"key":"Strawberry"},{"floor":42,"key":"Oddly Smooth Stone"},{"floor":44,"key":"Happy Flower"}],"event_choices":[{"cards_removed":["Strike_B"],"damage_healed":0.0,"max_hp_gain":0.0,"max_hp_loss":0.0,"gold_gain":0.0,"event_name":"Living Wall","player_choice":"Forget","floor":2.0,"gold_loss":0.0,"damage_taken":0.0},{"cards_removed":["Strike_B"],"damage_healed":0.0,"max_hp_gain":0.0,"max_hp_loss":0.0,"gold_gain":0.0,"event_name":"Golden Wing","player_choice":"Card Removal","floor":7.0,"gold_loss":0.0,"damage_taken":7.0},{"damage_healed":0.0,"max_hp_gain":0.0,"max_hp_loss":0.0,"gold_gain":0.0,"event_name":"Mushrooms","player_choice":"Fought Mushrooms","floor":14.0,"gold_loss":0.0,"damage_taken":0.0},{"damage_healed":0.0,"max_hp_gain":0.0,"max_hp_loss":0.0,"gold_gain":0.0,"event_name":"The Mausoleum","player_choice":"Ignored","floor":20.0,"gold_loss":0.0,"damage_taken":0.0},{"damage_healed":0,"gold_gain":0,"player_choice":"Fight","damage_taken":0,"max_hp_gain":0,"max_hp_loss":0,"event_name":"Colosseum","floor":31,"gold_loss":0},{"damage_healed":0,"gold_gain":0,"player_choice":"Fought Nobs","damage_taken":0,"max_hp_gain":0,"max_hp_loss":0,"event_name":"Colosseum","floor":31,"gold_loss":0},{"damage_healed":0,"gold_gain":0,"player_choice":"Got Potions","damage_taken":0,"max_hp_gain":0,"max_hp_loss":0,"event_name":"Lab","floor":37,"gold_loss":0},{"damage_healed":0,"gold_gain":0,"player_choice":"Max HP","damage_taken":0,"max_hp_gain":0,"max_hp_loss":4,"event_name":"Winding Halls","floor":47,"gold_loss":0}],"is_beta":false,"boss_relics":[{"not_picked":["Astrolabe","Nuclear Battery"],"picked":"Busted Crown"},{"not_picked":["Runic Pyramid","Empty Cage"],"picked":"Philosopher\u0027s Stone"}],"items_purged_floors":[12,30,38],"is_endless":false,"potions_floor_spawned":[3,10,11,16,21,22,28,33,39,40,48],"ascension_level":4}}