{"host":"i0avyit1s6jb1siw","time":1607768539,"event":{"mods":["BaseMod","DeckTracker","Dota2Spire","Highlight Path","Minty Spire (QoL Compilation)","Quick Restart","Replay The Spire","StSLib","SuperFastMode"],"gold_per_floor":[116,136,136,155,174,174,202,213,239,249,249,274,292,306,306,384,384,404,74,94,105,105,105],"floor_reached":22,"playtime":679,"items_purged":[],"score":404,"play_id":"06ef5494-5adb-4ffa-b681-1079fd885d84","local_time":"20201212112219","is_ascension_mode":true,"campfire_choices":[{"data":"Replay:Bag of Tricks","floor":6,"key":"SMITH"},{"floor":11,"key":"REST"},{"floor":15,"key":"REST"}],"circlet_count":0,"master_deck":["AscendersBane","Strike_G+1","Strike_G","Strike_G","Strike_G+1","Defend_G","Defend_G","Defend_G","Defend_G","Defend_G","Survivor","Neutralize+1","Hidden Blade","Dagger Throw","Footwork","Replay:Bag of Tricks+1","Dagger Spray","Reflex","Pot Of Greed","Pot Of Greed","Footwork","After Image","A Thousand Cuts"],"relics":["Ring of the Snake","PreservedInsect","Gremlin Food","Grinning Jar","Dota2Spire:RefresherOrb","Bird Faced Urn"],"acts_visited":["Exordium","TheCity"],"potions_floor_usage":[16,16],"damage_taken":[{"damage":1,"enemies":"Cultist","floor":1,"turns":5},{"damage":1,"enemies":"Jaw Worm","floor":2,"turns":4},{"damage":2,"enemies":"Small Slimes","floor":4,"turns":4},{"damage":7,"enemies":"Red Slaver","floor":5,"turns":5},{"damage":25,"enemies":"Gremlin Nob","floor":7,"turns":4},{"damage":15,"enemies":"Large Slime","floor":8,"turns":7},{"damage":0,"enemies":"Looter","floor":10,"turns":4},{"damage":3,"enemies":"Lagavulin","floor":12,"turns":6},{"damage":0,"enemies":"Blue Slaver","floor":13,"turns":4},{"damage":9,"enemies":"2 Fungi Beasts","floor":14,"turns":3},{"damage":25,"enemies":"Slime Boss","floor":16,"turns":10},{"damage":14,"enemies":"2 Thieves","floor":18,"turns":5},{"damage":17,"enemies":"3 Byrds","floor":20,"turns":7},{"damage":32,"enemies":"Snecko","floor":21,"turns":8},{"damage":11,"enemies":"Snake Plant","floor":22,"turns":4}],"seed_played":"-5053506056479049968","potions_obtained":[{"floor":4,"key":"Weak Potion"},{"floor":5,"key":"Block Potion"},{"floor":10,"key":"Strength Potion"}],"is_trial":false,"path_per_floor":["M","M","?","M","M","R","E","M","T","M","R","E","M","M","R","B",null,"M","$","M","M","M"],"character_chosen":"THE_SILENT","items_purchased":["Bird Faced Urn"],"campfire_rested":2,"item_purchase_floors":[19],"current_hp_per_floor":[58,57,57,55,48,48,23,8,8,8,27,24,24,15,34,9,52,38,38,27,3,0,0],"gold":105,"neow_bonus":"UPGRADE_CARD","is_daily":false,"chose_seed":false,"campfire_upgraded":1,"win_rate":0.0,"timestamp":1607768539,"path_taken":["M","M","?","M","M","R","E","M","T","M","R","E","?","M","R","BOSS","M","$","M","M","M"],"items_purchased_type":["Relic"],"build_version":"2020-11-30","purchased_purges":0,"victory":false,"max_hp_per_floor":[66,66,66,66,66,66,66,66,66,66,66,66,66,66,66,66,66,66,66,66,66,66,66],"card_choices":[{"not_picked":["Dodge and Roll","PiercingWail"],"picked":"Hidden Blade","floor":1},{"not_picked":["Flying Knee","Replay:Poison Smokescreen"],"picked":"Dagger Throw","floor":2},{"not_picked":["Slice","Backflip"],"picked":"Footwork","floor":4},{"not_picked":["Slice","Backflip"],"picked":"Replay:Bag of Tricks","floor":5},{"not_picked":["Acrobatics","Heel Hook"],"picked":"Dagger Spray","floor":7},{"not_picked":["Hidden Blade","Choke"],"picked":"Reflex","floor":8},{"not_picked":["Glass Knife","Sucker Punch","Skewer"],"picked":"SKIP","floor":10},{"not_picked":["Poisoned Stab","Cloak And Dagger"],"picked":"Footwork","floor":12},{"not_picked":["Bane","Slice","Dagger Throw"],"picked":"SKIP","floor":13},{"not_picked":["Bouncing Flask","Finisher","Dagger Throw"],"picked":"SKIP","floor":14},{"not_picked":["Die Die Die","Bullet Time"],"picked":"After Image","floor":16},{"not_picked":["Prepared","Sucker Punch","Caltrops+1"],"picked":"SKIP","floor":18},{"not_picked":["PiercingWail","Dagger Spray"],"picked":"A Thousand Cuts","floor":20},{"not_picked":["Flechettes","Dagger Throw","Flying Knee"],"picked":"SKIP","floor":21}],"player_experience":2068759,"relics_obtained":[{"floor":7,"key":"PreservedInsect"},{"floor":9,"key":"Gremlin Food"},{"floor":12,"key":"Grinning Jar"}],"event_choices":[{"cards_removed":["Strike_G"],"damage_healed":0,"gold_gain":0,"player_choice":"Purged","damage_taken":0,"max_hp_gain":0,"max_hp_loss":0,"event_name":"Purifier","floor":3,"gold_loss":0}],"is_beta":false,"boss_relics":[{"not_picked":["Cursed Key","Replay:Grab Bag"],"picked":"Dota2Spire:RefresherOrb"}],"items_purged_floors":[],"is_endless":false,"potions_floor_spawned":[4,5,8,10,13],"killed_by":"Snake Plant","ascension_level":20}}