{"host":"mrc3cf8wjlkkqes7","time":1607814925,"event":{"mods":["BaseMod","Downfall","Hermit","Infinite Spire","Minty Spire (QoL Compilation)","Replay The Spire","StSLib","The Cursed","The Servant 0.9.4"],"gold_per_floor":[99,99,99,131,131,141,168,181,207,207,221,242,262,362,378,473,473,473,492,492,492,509,524,524,554,569,596,596,896,896,191,203,298,298,223,238,251,101,35,53,53,73,106,106,121,133,133,150,163,163,163,197,0,0,0],"floor_reached":56,"playtime":5404,"items_purged":["Slimebound:Strike_Slimebound"],"score":1531,"play_id":"147483c4-bc01-4f8d-b757-a0d8bcc70851","local_time":"20201212171525","is_ascension_mode":false,"campfire_choices":[{"floor":1.0,"key":"RECALL"},{"data":"Slimebound:RollThrough","floor":10.0,"key":"SMITH"},{"data":"Slimebound:MassFeed","floor":18,"key":"SMITH"},{"data":"Vault","floor":21,"key":"SMITH"},{"floor":35,"key":"REST"},{"floor":38,"key":"REST"},{"floor":44,"key":"REST"},{"floor":54,"key":"REST"}],"circlet_count":0,"master_deck":["Slimebound:Tackle","Slimebound:Defend_Slimebound","Slimebound:Split+1","Slimebound:CorrosiveSpit","Slimebound:GrowthPunch","Slimebound:Gluttony+1","Slimebound:RollThrough+1","Slimebound:PressTheAttack","Slimebound:Schlurp","Slimebound:RejuvenatingLick","Slimebound:SlimeSpikes","Slimebound:SplitMire","Slimebound:GoopTackle","Slimebound:SlimeSpikes","Slimebound:ItLooksTasty","Slimebound:MassFeed+1","Slimebound:BestDefense","Vault+1","Slimebound:GoopSpray","Slimebound:SamplingLick","Slimebound:OneTwoCombo","Slimebound:Replication+1","Slimebound:MegaLick+1","Necronomicurse","Slimebound:PressTheAttack+1","Slimebound:HauntingLick+1","Slimebound:ForwardTackle+1","Slimebound:OozeBath","Slimebound:LivingWall","Slimebound:Nibble+1","Slimebound:SlimeSlap+1","Slimebound:Schlurp+1","Slimebound:SamplingLick","Slimebound:AcidTongue","Slimebound:ViciousTackle+1","Slimebound:GoopSpray","Slimebound:Gluttony","Slimebound:SplitBruiser+1","Slimebound:RejuvenatingLick","Slimebound:FormOfPuddle+1","Slimebound:Schlurp","Slimebound:FirmFortitude+1","Slimebound:Schlurp+1","Slimebound:SplitLeeching+1","Slimebound:SlimeBarrage+1"],"relics":["Slimebound:AbsorbEndCombat","downfall:HeartsMalice","Pondfish Scales","Replay:Wax Seal","Odd Mushroom","ChewingGum","infinitespire:Bottled Soul","ReplayFunnel","Replay:Mystery Machine","Necronomicon","Old Coin","Astrolabe","Molten Egg 2","FossilizedHelix","Fusion Hammer","downfall:HeartBlessingRed","downfall:HeartBlessingBlue","downfall:HeartBlessingGreen","Gremlin Horn","infinitespire:Lucky Rock","Lantern","Toolbox","Incense Burner","BargainBundle"],"acts_visited":["Exordium","TheCity","TheBeyond","TheEnding"],"potions_floor_usage":[14,19,22,25,25,33,37,50,50,50,55,55],"damage_taken":[{"damage":0.0,"enemies":"infinitespire:Voidling","floor":2.0,"turns":1.0},{"damage":0.0,"enemies":"Jaw Worm","floor":3.0,"turns":1.0},{"damage":0.0,"enemies":"Replay:BlueRogue","floor":4.0,"turns":1.0},{"damage":4.0,"enemies":"2 Louse","floor":6.0,"turns":3.0},{"damage":9.0,"enemies":"2 Fungi Beasts","floor":8.0,"turns":3.0},{"damage":22.0,"enemies":"3 Sentries","floor":9.0,"turns":6.0},{"damage":0.0,"enemies":"Red Slaver","floor":11.0,"turns":4.0},{"damage":13.0,"enemies":"The Mushroom Lair","floor":12.0,"turns":4.0},{"damage":10.0,"enemies":"3 Louse","floor":13.0,"turns":4.0},{"damage":20,"enemies":"downfall:Heads","floor":14,"turns":6},{"damage":12,"enemies":"2 Fungi Beasts","floor":15,"turns":3},{"damage":43,"enemies":"downfall:Silent","floor":16,"turns":7},{"damage":9,"enemies":"3 Byrds","floor":19,"turns":3},{"damage":12,"enemies":"Spheric Guardian","floor":22,"turns":3},{"damage":11,"enemies":"Shelled Parasite and Fungi","floor":23,"turns":5},{"damage":39,"enemies":"Nightmare","floor":25,"turns":9},{"damage":17,"enemies":"Sentry and Sphere","floor":26,"turns":6},{"damage":50,"enemies":"Slavers","floor":27,"turns":6},{"damage":15,"enemies":"downfall:FleeingMerchant","floor":31,"turns":5},{"damage":6,"enemies":"3 Cultists","floor":32,"turns":5},{"damage":37,"enemies":"downfall:Defect","floor":33,"turns":5},{"damage":23,"enemies":"3 Shapes","floor":36,"turns":4},{"damage":8,"enemies":"3 Darklings","floor":37,"turns":5},{"damage":0,"enemies":"downfall:FleeingMerchant","floor":39,"turns":4},{"damage":8,"enemies":"4 Shapes","floor":40,"turns":2},{"damage":0,"enemies":"Jaw Worm Horde","floor":42,"turns":4},{"damage":16,"enemies":"Nemesis","floor":43,"turns":5},{"damage":0,"enemies":"Sphere and 2 Shapes","floor":45,"turns":3},{"damage":17,"enemies":"Transient","floor":46,"turns":6},{"damage":22,"enemies":"3 Darklings","floor":48,"turns":6},{"damage":10,"enemies":"Sphere and 2 Shapes","floor":49,"turns":4},{"damage":11,"enemies":"downfall:Ironclad","floor":50,"turns":7},{"damage":30,"enemies":"downfall:CharBossMerchant","floor":52,"turns":9},{"damage":88,"enemies":"downfall:NeowBoss","floor":55,"turns":28}],"seed_played":"-1318687497623132321","potions_obtained":[{"floor":4.0,"key":"FearPotion"},{"floor":8.0,"key":"champ:CounterPotion"},{"floor":11.0,"key":"DistilledChaos"},{"floor":13.0,"key":"Explosive Potion"},{"floor":15,"key":"Fire Potion"},{"floor":23,"key":"Block Potion"},{"floor":27,"key":"Weak Potion"},{"floor":30,"key":"CultistPotion"},{"floor":33,"key":"Block Potion"},{"floor":36,"key":"FearPotion"},{"floor":42,"key":"DistilledChaos"},{"floor":43,"key":"LiquidMemories"},{"floor":52,"key":"PowerPotion"}],"is_trial":false,"path_per_floor":["R","M","M","E","?","M","T","M","E","R","M","?","M","?","M","B",null,"R","M","?","R","M","M","T","NM","M","E","?","AVR","?","$","M","B",null,"R","M","M","R","$","M","T","M","E","R","M","M","?","M","M","B",null,"E","$","R","B",null],"character_chosen":"SLIMEBOUND","items_purchased":["Slimebound:OozeBath","Molten Egg 2","Slimebound:LivingWall","FossilizedHelix","Slimebound:AcidTongue","Slimebound:ViciousTackle+1","Gremlin Horn","Slimebound:GoopSpray","BargainBundle","DuplicationPotion","champ:CounterPotion","Slimebound:SlimeBarrage+1"],"campfire_rested":4,"item_purchase_floors":[31,31,31,31,39,39,39,39,53,53,53,53],"current_hp_per_floor":[60,60,60,60,60,60,60,55,53,53,60,59,60,60,58,60,60,60,59,59,59,60,64,64,53,64,54,38,38,38,61,64,56,64,64,61,64,74,74,74,74,78,78,78,82,82,82,82,84,82,86,74,74,86,52],"gold":0,"neow_bonus":"THREE_ENEMY_KILL","is_daily":false,"chose_seed":false,"campfire_upgraded":3,"win_rate":0.0,"timestamp":1607814925,"path_taken":["R","?","M","E","?","M","T","M","E","R","M","?","M","?","M","BOSS","R","M","?","R","M","M","T","NM","?","E","?","AVR","?","?","M","BOSS","R","M","M","R","?","M","T","M","E","R","M","M","?","?","M","BOSS","E","$","R","BOSS"],"items_purchased_type":["Card","Relic","Card","Relic","Card","Card","Relic","Card","Relic","Potion","Potion","Card"],"build_version":"2020-11-30","purchased_purges":1,"victory":true,"max_hp_per_floor":[60,60,60,60,60,60,60,60,60,60,60,60,60,60,60,60,60,60,60,60,60,60,64,64,64,64,64,64,64,64,64,64,64,64,64,64,64,74,74,74,74,78,78,78,82,82,82,86,86,86,86,86,86,86,86],"card_choices":[{"not_picked":["Slimebound:HauntingLick","Slimebound:ViciousTackle"],"picked":"Slimebound:GrowthPunch","floor":2.0},{"not_picked":["Slimebound:ComboTackle","Slimebound:PressTheAttack"],"picked":"Slimebound:Gluttony","floor":3.0},{"not_picked":["Slimebound:SamplingLick","Slimebound:ComboTackle"],"picked":"Slimebound:RollThrough","floor":4.0},{"not_picked":["Slimebound:GoopTackle","Slimebound:ViciousTackle"],"picked":"Slimebound:PressTheAttack","floor":6.0},{"not_picked":["Slimebound:TongueLash","Slimebound:ForwardTackle"],"picked":"Slimebound:Schlurp","floor":8.0},{"not_picked":["Slimebound:Dissolve","Slimebound:DisruptingSlam"],"picked":"Slimebound:MegaLick","floor":9.0},{"not_picked":["Slimebound:RollThrough","Slimebound:GrowthPunch"],"picked":"Slimebound:RejuvenatingLick","floor":11.0},{"not_picked":["Slimebound:ViciousTackle","Slimebound:PrepareCrush"],"picked":"Slimebound:SlimeSpikes","floor":12.0},{"not_picked":["Slimebound:SlimeSpikes","Slimebound:RollThrough"],"picked":"Slimebound:SplitMire","floor":13.0},{"not_picked":["Slimebound:PressTheAttack","Slimebound:FinishingTackle"],"picked":"Slimebound:SlimeSpikes","floor":14},{"not_picked":["Slimebound:DuplicatedForm","Slimebound:SpikyOuterGoop"],"picked":"Slimebound:ItLooksTasty","floor":15},{"not_picked":["Slimebound:SelfFormingGoo","Slimebound:WasteNot"],"picked":"Slimebound:MassFeed","floor":16},{"not_picked":["Slimebound:SlimeSpikes","Slimebound:FinishingTackle+1"],"picked":"Slimebound:BestDefense","floor":19},{"not_picked":["Slimebound:SamplingLick","Slimebound:LeechingTouch"],"picked":"Slimebound:GoopSpray","floor":22},{"not_picked":["Slimebound:SplitAcid","Slimebound:ViciousTackle"],"picked":"Slimebound:SamplingLick","floor":23},{"not_picked":["Slimebound:FinishingTackle","Slimebound:LeechingTouch"],"picked":"Slimebound:OneTwoCombo","floor":25},{"not_picked":["Slimebound:FinishingTackle","Slimebound:GoopSpray"],"picked":"Slimebound:Replication+1","floor":26},{"not_picked":["Slimebound:Replication","Slimebound:Prepare"],"picked":"Slimebound:MegaLick+1","floor":27},{"not_picked":["Slimebound:ComboTackle+1","Slimebound:FinishingTackle","Slimebound:Grow"],"picked":"SKIP","floor":31},{"not_picked":["Slimebound:DisruptingSlam+1","Slimebound:SplitMire+1"],"picked":"Slimebound:Nibble+1","floor":32},{"not_picked":["Slimebound:Overexert","Slimebound:OozeBath"],"picked":"Slimebound:SlimeSlap+1","floor":33},{"not_picked":["Slimebound:LevelUp","Slimebound:LivingWall"],"picked":"Slimebound:Schlurp+1","floor":36},{"not_picked":["Slimebound:PressTheAttack+1","Slimebound:GrowthPunch+1","Slimebound:FinishingTackle+1"],"picked":"SKIP","floor":37},{"not_picked":["Slimebound:ForwardTackle+1","Slimebound:FlameTackle+1"],"picked":"Slimebound:SamplingLick","floor":39},{"not_picked":["Slimebound:ItLooksTasty+1","Slimebound:FinishingTackle+1"],"picked":"Slimebound:Gluttony","floor":40},{"not_picked":["Slimebound:PressTheAttack+1","Slimebound:SplitMire"],"picked":"Slimebound:SplitBruiser+1","floor":42},{"not_picked":["Slimebound:SlimeBarrage+1","Slimebound:FormOfPuddle+1"],"picked":"Slimebound:RejuvenatingLick","floor":43},{"not_picked":["Slimebound:ViciousTackle+1","Slimebound:LeadByExample+1"],"picked":"Slimebound:FormOfPuddle+1","floor":45},{"not_picked":["Slimebound:Replication","Slimebound:FlameTackle+1"],"picked":"Slimebound:Schlurp","floor":46},{"not_picked":["Slimebound:GrowthPunch+1","Slimebound:SplitBruiser+1"],"picked":"Slimebound:FirmFortitude+1","floor":48},{"not_picked":["Slimebound:GoopTackle+1","Slimebound:DisruptingSlam+1"],"picked":"Slimebound:Schlurp+1","floor":49},{"not_picked":["Slimebound:GoopTackle+1","Slimebound:PressTheAttack+1"],"picked":"Slimebound:SplitLeeching+1","floor":52}],"player_experience":185979,"relics_obtained":[{"floor":4.0,"key":"Pondfish Scales"},{"floor":9.0,"key":"Replay:Wax Seal"},{"floor":12.0,"key":"Odd Mushroom"},{"floor":24,"key":"infinitespire:Bottled Soul"},{"floor":25,"key":"ReplayFunnel"},{"floor":27,"key":"Replay:Mystery Machine"},{"floor":28,"key":"Necronomicon"},{"floor":41,"key":"infinitespire:Lucky Rock"},{"floor":43,"key":"Lantern"},{"floor":52,"key":"Toolbox"},{"floor":52,"key":"Incense Burner"}],"event_choices":[{"damage_healed":0.0,"max_hp_gain":0.0,"max_hp_loss":0.0,"gold_gain":0.0,"event_name":"Mushrooms","player_choice":"Fought Mushrooms","floor":12.0,"gold_loss":0.0,"damage_taken":0.0},{"cards_removed":["Slimebound:MegaLick"],"damage_healed":0,"gold_gain":0,"player_choice":"Took Card","damage_taken":0,"max_hp_gain":0,"max_hp_loss":0,"event_name":"NoteForYourself","floor":20,"gold_loss":0,"cards_obtained":["Vault"]},{"damage_healed":0,"gold_gain":0,"player_choice":"Forge","damage_taken":0,"max_hp_gain":0,"max_hp_loss":0,"event_name":"Accursed Blacksmith","floor":47,"gold_loss":0,"cards_upgraded":["Slimebound:Gluttony"]}],"is_beta":false,"boss_relics":[{"not_picked":["ReplayTheSpireMod:SealedPack","Honey Jar"],"picked":"ChewingGum"},{"not_picked":["Slimebound:AbsorbEndCombatUpgraded","Black Star"],"picked":"Fusion Hammer"}],"items_purged_floors":[29],"is_endless":false,"potions_floor_spawned":[4,8,11,13,15,23,27,33,36,42,43,46,52],"ascension_level":0}}