{"host":"jlz4is0nf6zo9oab","time":1607777547,"event":{"mods":["AchievementEnabler","BaseMod","Colored Map","Colored Powertips","Highlight Path","Minty Spire (QoL Compilation)","StSLib"],"gold_per_floor":[117,117,117,192,216,216,259,259,282,282,305,305,305,324,324,455,455,479,479,504,525,450,450,470,470,542,542,542],"floor_reached":27,"playtime":706,"items_purged":["Strike_G"],"score":338,"play_id":"a6d7e652-8bac-4587-8a3c-36458240381a","local_time":"20201212135227","is_ascension_mode":true,"campfire_choices":[{"data":"Neutralize","floor":6,"key":"SMITH"},{"data":"Crippling Poison","floor":8,"key":"SMITH"},{"data":"All Out Attack","floor":10,"key":"SMITH"},{"data":"Poisoned Stab","floor":13,"key":"SMITH"},{"data":"Doppelganger","floor":15,"key":"SMITH"},{"floor":23,"key":"REST"}],"circlet_count":0,"master_deck":["AscendersBane","Strike_G","Strike_G","Strike_G","Strike_G","Defend_G","Defend_G","Defend_G","Defend_G","Defend_G","Survivor","Neutralize+1","Doppelganger+1","All Out Attack+1","Poisoned Stab+1","Crippling Poison+1","Deadly Poison","Envenom+1","Bouncing Flask+1","Bane"],"relics":["Ring of the Snake","Golden Idol","Eternal Feather","Blood Vial","Pantograph","Frozen Egg 2","Molten Egg 2"],"acts_visited":["Exordium","TheCity"],"potions_floor_usage":[7,7,20,21,27],"damage_taken":[{"damage":0,"enemies":"Cultist","floor":1,"turns":5},{"damage":2,"enemies":"Jaw Worm","floor":5,"turns":5},{"damage":12,"enemies":"Lagavulin","floor":7,"turns":6},{"damage":0,"enemies":"Small Slimes","floor":11,"turns":2},{"damage":1,"enemies":"Looter","floor":14,"turns":3},{"damage":27,"enemies":"The Guardian","floor":16,"turns":9},{"damage":28,"enemies":"Spheric Guardian","floor":18,"turns":6},{"damage":14,"enemies":"Chosen","floor":20,"turns":5},{"damage":18,"enemies":"Snecko","floor":21,"turns":4},{"damage":22,"enemies":"3 Cultists","floor":24,"turns":4},{"damage":31,"enemies":"Cultist and Chosen","floor":27,"turns":6}],"seed_played":"2046943920856703153","potions_obtained":[{"floor":1,"key":"Ancient Potion"},{"floor":5,"key":"Strength Potion"},{"floor":16,"key":"DuplicationPotion"},{"floor":20,"key":"Poison Potion"},{"floor":21,"key":"Swift Potion"}],"is_trial":false,"path_per_floor":["M","?","?","?","M","R","E","R","T","R","M","T","R","M","R","B",null,"M","?","M","M","$","R","M","T","T","M"],"character_chosen":"THE_SILENT","items_purchased":[],"campfire_rested":1,"item_purchase_floors":[],"current_hp_per_floor":[63,63,68,68,66,66,54,63,63,70,70,70,70,69,70,43,63,37,37,25,9,9,42,22,22,22,0,0],"gold":542,"neow_bonus":"ONE_RANDOM_RARE_CARD","is_daily":false,"chose_seed":false,"campfire_upgraded":5,"win_rate":0.0,"timestamp":1607777547,"path_taken":["M","?","?","?","M","R","E","R","T","R","M","?","R","M","R","BOSS","M","?","?","M","$","R","M","?","T","M"],"items_purchased_type":[],"build_version":"2020-11-30","purchased_purges":1,"victory":false,"max_hp_per_floor":[70,65,70,70,70,70,70,70,70,70,70,70,70,70,70,70,70,70,70,70,70,70,70,70,70,70,70,70],"card_choices":[{"not_picked":["Skewer","Slice"],"picked":"All Out Attack","floor":1},{"not_picked":["Deflect","Accuracy"],"picked":"Poisoned Stab","floor":5},{"not_picked":["Night Terror","Calculated Gamble"],"picked":"Crippling Poison","floor":7},{"not_picked":["Poisoned Stab","Deflect"],"picked":"Deadly Poison","floor":11},{"not_picked":["Deflect","Flying Knee","Eviscerate"],"picked":"SKIP","floor":14},{"not_picked":["Doppelganger","Corpse Explosion"],"picked":"Envenom","floor":16},{"not_picked":["Bane","Well Laid Plans+1"],"picked":"Bouncing Flask+1","floor":18},{"not_picked":["Acrobatics","Infinite Blades"],"picked":"Bane","floor":20},{"not_picked":["Terror","Poisoned Stab","Outmaneuver"],"picked":"SKIP","floor":21},{"not_picked":["Crippling Poison","Dagger Throw","Tactician+1"],"picked":"SKIP","floor":24}],"player_experience":931953,"relics_obtained":[{"floor":7,"key":"Eternal Feather"},{"floor":9,"key":"Blood Vial"},{"floor":12,"key":"Pantograph"},{"floor":25,"key":"Frozen Egg 2"},{"floor":26,"key":"Molten Egg 2"}],"event_choices":[{"damage_healed":0,"gold_gain":0,"player_choice":"Lose Max HP","damage_taken":0,"relics_obtained":["Golden Idol"],"max_hp_gain":0,"max_hp_loss":5,"event_name":"Golden Idol","floor":2,"gold_loss":0},{"damage_healed":0,"gold_gain":0,"player_choice":"Donut","damage_taken":0,"max_hp_gain":5,"max_hp_loss":0,"event_name":"Big Fish","floor":3,"gold_loss":0},{"damage_healed":0,"gold_gain":75,"player_choice":"Gained Gold","damage_taken":0,"max_hp_gain":0,"max_hp_loss":0,"event_name":"Golden Wing","floor":4,"gold_loss":0},{"damage_healed":0,"gold_gain":0,"player_choice":"Upgraded","damage_taken":0,"max_hp_gain":0,"max_hp_loss":0,"event_name":"Upgrade Shrine","floor":19,"gold_loss":0,"cards_upgraded":["Envenom"]}],"is_beta":false,"boss_relics":[{"not_picked":["Runic Pyramid","Sozu","Coffee Dripper"]}],"items_purged_floors":[22],"is_endless":false,"potions_floor_spawned":[1,5,16,20,21],"killed_by":"Cultist and Chosen","ascension_level":12}}