{"host":"rbccvrvdyhsypb23","time":1607779212,"event":{"mods":["AchievementEnabler","Act Like it!","Aspiration","BaseMod","Better Third Choice","BetterRewards","Friendly Minions","Gensokyo","Infinite Spire","Ironclad Rager","KomeijiMod","Minty Spire (QoL Compilation)","Replay The Spire","Shade Mod","StSLib","The Blackbeard","The Mystic","Wandering Minibosses","vexMod"],"gold_per_floor":[116,62,62,73,84,112,112,145,145,173,173,173,193,209,209,334,334,353,369,322,322,322,322,357,357,411,425,448,469,510,510,510,641,641,664,1477,1477,1477,1500,1500,1533,1558,1610,1610,1629,1660,1660,1362,1362,1483,1483,1499,1117,977,952,949,972,972,975,975,975,975,976,1004,1084,1084,1178,1178,1176,1176,1167,1167,1169,1180,1280,1294,1294,1294,1301,1301,1329,1332,1332,1419,1419,1417,1417,1418,1418,1024,1034,1034,1034,1034,1022,1035,1032,1010,1110,1110,1136,1199,1199],"floor_reached":102,"playtime":3569,"items_purged":["ReplayTheSpireMod:Reroute Power","Confused"],"score":2504,"play_id":"f03fa661-9030-4732-914e-c85c9726520e","local_time":"20201212162012","is_ascension_mode":true,"campfire_choices":[{"data":"infinitespire:Oblivion","floor":7.0,"key":"SMITH"},{"floor":12.0,"key":"REST"},{"floor":15.0,"key":"REST"},{"data":"All For One","floor":23.0,"key":"SMITH"},{"data":"Beam Cell","floor":25.0,"key":"SMITH"},{"floor":32.0,"key":"REST"},{"data":"FTL","floor":40.0,"key":"SMITH"},{"floor":47.0,"key":"REST"},{"floor":49.0,"key":"REST"},{"data":"ReplayTheSpireMod:Reroute Power","floor":58.0,"key":"PURGE"},{"data":"ReplaySolidLightProjector","floor":61.0,"key":"PURGE"},{"data":"FTL","floor":66.0,"key":"SMITH"},{"data":"Darkness","floor":66.0,"key":"SMITH"},{"data":"Seek","floor":83,"key":"SMITH"},{"data":"Replay:Fractal Strike","floor":83,"key":"SMITH"},{"floor":93,"key":"RECALL"},{"data":"Zap","floor":100,"key":"PURGE"}],"circlet_count":0,"master_deck":["Gash","Beam Cell+1","infinitespire:Oblivion+1","Reinforced Body+1","Core Surge","Buffer+1","Gash","All For One+1","FTL+1","FTL+1","Gash+1","Crystallizer+1","All For One+1","Creative AI+1","Beam Cell","Machine Learning+1","Storm+1","Gash","Defragment+1","Defragment+1","Seek+1","Replay:Fractal Strike+1","Buffer+1","ICR:Cyclone+1"],"relics":["Cracked Core","Kunai","Frozen Egg 2","KyoryuNoHagoromo","ReplayTheSpireMod:TigerMarble","Golden Idol","aspiration:Stellarator","Peace Pipe","aspiration:Lifesprig","Simple Rune","Nuclear Battery","wanderingMiniBosses:MasterThiefsPresence","StrikeDummy","Replay:Baseball","infinitespire:Lucky Rock","Pen Nib","Blood Vial","vexMod:MysteryBossChallenge","Pandora\u0027s Box","Incense Burner","Replay:Arrowhead","Counterbalance","Nunchaku","Replay:Rubber Ducky","Lantern","aspiration:RitualDagger","Replay:Towering Pillar of Hats","PreservedInsect","MealTicket","Empty Cage","Boot","Chemical X","Replay:Bottled Flurry","Toxic Egg 2","ReplayTheSpireMod:Ninjato","Tiny House"],"acts_visited":["TheBeyond","TheBeyond"],"potions_floor_usage":[81],"damage_taken":[{"damage":1.0,"enemies":"Jaw Worm","floor":1.0,"turns":4.0},{"damage":3.0,"enemies":"2 Louse","floor":4.0,"turns":2.0},{"damage":4.0,"enemies":"Small Slimes","floor":5.0,"turns":2.0},{"damage":0.0,"enemies":"3 Sentries","floor":6.0,"turns":4.0},{"damage":18.0,"enemies":"Gremlin Nob","floor":8.0,"turns":4.0},{"damage":10.0,"enemies":"Lagavulin","floor":10.0,"turns":5.0},{"damage":0.0,"enemies":"Exordium Wildlife","floor":13.0,"turns":2.0},{"damage":0.0,"enemies":"Blue Slaver","floor":14.0,"turns":3.0},{"damage":0.0,"enemies":"The Guardian","floor":16.0,"turns":9.0},{"damage":3.0,"enemies":"Chosen","floor":18.0,"turns":4.0},{"damage":20.0,"enemies":"2 Thieves","floor":19.0,"turns":3.0},{"damage":0.0,"enemies":"Centurion and Healer","floor":20.0,"turns":10.0},{"damage":13.0,"enemies":"Nightmare","floor":24.0,"turns":6.0},{"damage":3.0,"enemies":"Snake Plant","floor":27.0,"turns":3.0},{"damage":3.0,"enemies":"Snecko","floor":28.0,"turns":3.0},{"damage":0.0,"enemies":"Chosen and Byrds","floor":29.0,"turns":4.0},{"damage":3.0,"enemies":"Slavers","floor":30.0,"turns":5.0},{"damage":6.0,"enemies":"Champ","floor":33.0,"turns":7.0},{"damage":4.0,"enemies":"Orb Walker","floor":35.0,"turns":3.0},{"damage":17.0,"enemies":"3 Darklings","floor":36.0,"turns":8.0},{"damage":0.0,"enemies":"Maw","floor":39.0,"turns":7.0},{"damage":8.0,"enemies":"Giant Head","floor":41.0,"turns":6.0},{"damage":14.0,"enemies":"4 Shapes","floor":42.0,"turns":3.0},{"damage":28.0,"enemies":"Sphere and 2 Shapes","floor":45.0,"turns":4.0},{"damage":9.0,"enemies":"Nemesis","floor":46.0,"turns":3.0},{"damage":0.0,"enemies":"Time Eater","floor":50.0,"turns":6.0},{"damage":0.0,"enemies":"Gensokyo:Gryphon","floor":52.0,"turns":2.0},{"damage":1.0,"enemies":"Gensokyo:3_Fairies","floor":56.0,"turns":3.0},{"damage":0.0,"enemies":"Gensokyo:Mamizou","floor":57.0,"turns":4.0},{"damage":0.0,"enemies":"Gensokyo:Python","floor":59.0,"turns":2.0},{"damage":0.0,"enemies":"Gensokyo:VengefulSpirit","floor":63.0,"turns":2.0},{"damage":0.0,"enemies":"Gensokyo:Aya","floor":64.0,"turns":2.0},{"damage":46.0,"enemies":"Gensokyo:Yukari","floor":67.0,"turns":4.0},{"damage":7.0,"enemies":"Chosen","floor":69.0,"turns":3.0},{"damage":18.0,"enemies":"Shell Parasite","floor":70.0,"turns":2.0},{"damage":7.0,"enemies":"3 Cultists","floor":71.0,"turns":4.0},{"damage":6.0,"enemies":"Sentry and Sphere","floor":73.0,"turns":2.0},{"damage":26.0,"enemies":"Slavers","floor":74.0,"turns":3.0},{"damage":14.0,"enemies":"Book of Stabbing","floor":76.0,"turns":3.0},{"damage":4.0,"enemies":"Snecko","floor":78.0,"turns":3.0},{"damage":6.0,"enemies":"Centurion and Healer","floor":79.0,"turns":2.0},{"damage":14,"enemies":"Slavers","floor":81,"turns":2},{"damage":7,"enemies":"Cultist and Chosen","floor":82,"turns":3},{"damage":7,"enemies":"Champ","floor":84,"turns":4},{"damage":6,"enemies":"3 Darklings","floor":86,"turns":3},{"damage":6,"enemies":"3 Shapes","floor":88,"turns":3},{"damage":9,"enemies":"Giant Head","floor":91,"turns":3},{"damage":3,"enemies":"Jaw Worm Horde","floor":95,"turns":3},{"damage":10,"enemies":"Reptomancer","floor":96,"turns":4},{"damage":3,"enemies":"3 Darklings","floor":97,"turns":2},{"damage":15,"enemies":"Writhing Mass","floor":98,"turns":3},{"damage":40,"enemies":"infinitespire:MassOfShapes","floor":101,"turns":2}],"seed_played":"5426158665673277461","potions_obtained":[{"floor":1.0,"key":"PowerPotion"},{"floor":4.0,"key":"LiquidMemories"},{"floor":13.0,"key":"Elixir"},{"floor":14.0,"key":"Swift Potion"},{"floor":18.0,"key":"SpeedPotion"},{"floor":24.0,"key":"GamblersBrew"},{"floor":28.0,"key":"DuplicationPotion"},{"floor":39.0,"key":"Doom Potion"},{"floor":42.0,"key":"CultistPotion"},{"floor":50.0,"key":"DistilledChaos"},{"floor":78.0,"key":"Block Potion"},{"floor":81,"key":"Strength Potion"}],"is_trial":false,"path_per_floor":["M","$","?","M","M","E","R","E","T","E","?","R","M","M","R","B",null,"M","M","M","?","?","R","NM","R","T","M","M","M","E","$","R","B",null,"M","M","?","?","M","R","E","M","T","?","M","E","R","$","R","B",null,"M","$","?","?","M","E","R","M","T","R","?","M","E","?","R","B",null,"M","M","M","?","M","E","?","E","T","M","M","AVR","E","M","R","B",null,"M","?","M","?","$","E","?","R","T","M","E","M","M","?","R","B",null],"character_chosen":"DEFECT","items_purchased":["Beam Cell","Pen Nib","Blood Vial","Incense Burner","Boot","Chemical X"],"campfire_rested":5,"item_purchase_floors":[2,48,48,53,90,90],"current_hp_per_floor":[74,74,57,54,50,50,50,32,32,22,4,26,26,26,48,48,75,72,52,52,52,52,52,43,43,43,40,37,37,34,34,56,50,75,71,54,62,62,62,62,54,40,40,40,12,3,25,25,47,49,75,75,75,75,75,74,75,75,75,75,75,75,75,75,75,75,29,75,68,52,47,72,68,44,44,32,32,30,26,26,14,9,9,4,75,69,69,65,65,75,66,66,66,66,65,57,56,43,43,43,5,80,80],"gold":1199,"neow_bonus":"DEFECT_WARDEN","is_daily":false,"chose_seed":false,"campfire_upgraded":8,"win_rate":0.0,"timestamp":1607779212,"path_taken":["M","$","?","M","M","E","R","E","T","E","?","R","M","M","R","BOSS","M","M","M","?","?","R","NM","R","T","?","M","M","E","$","R","BOSS","M","M","?","?","M","R","E","M","T","?","M","E","R","$","R","BOSS","M","$","?","?","?","E","R","M","T","R","?","M","E","?","R","BOSS","M","M","M","?","M","E","?","E","T","M","?","AVR","E","M","R","BOSS","M","?","M","?","$","E","?","R","T","?","E","M","M","?","R","BOSS"],"items_purchased_type":["Card","Relic","Relic","Relic","Relic","Relic"],"build_version":"2020-11-30","purchased_purges":2,"victory":false,"max_hp_per_floor":[75,75,75,75,75,75,75,75,75,75,75,75,75,75,75,75,75,75,75,75,75,75,75,75,75,75,75,75,75,75,75,75,75,75,75,75,75,75,75,75,75,75,75,75,75,75,75,75,75,75,75,75,75,75,75,75,75,75,75,75,75,75,75,75,75,75,75,75,75,75,75,75,75,75,75,75,75,75,75,75,75,75,75,75,75,75,75,75,75,75,75,75,75,75,75,75,75,75,75,75,75,80,80],"card_choices":[{"not_picked":["Leap","Hologram"],"picked":"Gash","floor":1.0},{"not_picked":["infinitespire:Execution","infinitespire:DeathsTouch"],"picked":"infinitespire:Oblivion","floor":3.0},{"not_picked":["Compile Driver","Redo"],"picked":"Reinforced Body","floor":4.0},{"not_picked":["Go for the Eyes","BasicCrystalCard"],"picked":"Core Surge","floor":5.0},{"not_picked":["Hello World","Sweeping Beam","Auto Shields"],"picked":"SKIP","floor":6.0},{"not_picked":["Hello World+1","ReplayTheSpireMod:GoodbyeWorld+1"],"picked":"Buffer+1","floor":8.0},{"not_picked":["Cold Snap","Melter"],"picked":"Gash","floor":10.0},{"not_picked":["Beam Cell","ReplaySolidLightProjector","Redo"],"picked":"SKIP","floor":13.0},{"not_picked":["BasicCrystalCard","Rebound","Undo"],"picked":"SKIP","floor":14.0},{"not_picked":["Multi-Cast","Thunder Strike"],"picked":"All For One","floor":16.0},{"not_picked":["Chaos+1","Tempest","Darkness"],"picked":"SKIP","floor":18.0},{"not_picked":["Steam","Stack"],"picked":"FTL","floor":19.0},{"not_picked":["Heatsinks+1","Streamline"],"picked":"FTL","floor":20.0},{"not_picked":["ReplayTheSpireMod:Omega Cannon","Panic Button","Ball Lightning"],"picked":"SKIP","floor":24.0},{"not_picked":["Sweeping Beam","Rebound","Barrage"],"picked":"SKIP","floor":27.0},{"not_picked":["Coolheaded","Glacier"],"picked":"Gash+1","floor":28.0},{"not_picked":["Panic Button","Streamline","Doom and Gloom+1"],"picked":"SKIP","floor":29.0},{"not_picked":["Reprogram","Coolheaded"],"picked":"Crystallizer+1","floor":30.0},{"not_picked":["Conserve Battery","Rebound","Fusion"],"picked":"SKIP","floor":35.0},{"not_picked":["Rebound","Redo","Panic Button+1"],"picked":"SKIP","floor":36.0},{"not_picked":["Static Discharge+1","Self Repair+1","Auto Shields"],"picked":"SKIP","floor":39.0},{"not_picked":["FIFO Queue+1","Compile Driver","Tempest+1"],"picked":"SKIP","floor":41.0},{"not_picked":["Redo+1","ReplayTheSpireMod:GoodbyeWorld+1","Streamline"],"picked":"SKIP","floor":42.0},{"not_picked":["Meteor Strike","White Noise","BasicCrystalCard"],"picked":"SKIP","floor":45.0},{"not_picked":["Sweeping Beam","Hologram+1","Panic Button"],"picked":"SKIP","floor":46.0},{"not_picked":["Ball Lightning","Scrape"],"picked":"Gash","floor":52.0},{"not_picked":["Skim","Streamline"],"picked":"Defragment+1","floor":56.0},{"not_picked":["Leap","Tempest","Reinforced Body"],"picked":"SKIP","floor":57.0},{"not_picked":["FTL","Conserve Battery"],"picked":"Defragment+1","floor":59.0},{"not_picked":["Panic Button","Streamline","Genetic Algorithm"],"picked":"SKIP","floor":63.0},{"not_picked":["FTL","FIFO Queue+1","Hello World+1"],"picked":"SKIP","floor":64.0},{"not_picked":["Hyperbeam","Creative AI+1"],"picked":"Seek","floor":67.0},{"not_picked":["infinitespire:FutureSight","infinitespire:FinalStrike"],"picked":"Replay:Fractal Strike","floor":68.0},{"not_picked":["Aggregate","Compile Driver","Barrage"],"picked":"SKIP","floor":69.0},{"not_picked":["Lockon","Stack","Barrage"],"picked":"SKIP","floor":70.0},{"not_picked":["Go for the Eyes","Rebound","Undo+1"],"picked":"SKIP","floor":71.0},{"not_picked":["Seek","Cold Snap","Chaos"],"picked":"SKIP","floor":73.0},{"not_picked":["Consume","ReplayGash","Sweeping Beam+1"],"picked":"SKIP","floor":74.0},{"not_picked":["Conserve Battery","Streamline","Chill"],"picked":"SKIP","floor":76.0},{"not_picked":["ReplayTheSpireMod:Repulse","Reboot","Gash"],"picked":"SKIP","floor":78.0},{"not_picked":["ReplayTheSpireMod:Repulse","Reboot","Gash"],"picked":"SKIP","floor":78.0},{"not_picked":["Redo","Beam Cell","Panic Button+1"],"picked":"SKIP","floor":79.0},{"not_picked":["Genetic Algorithm+1","Chaos","Buffer+1"],"picked":"SKIP","floor":81},{"not_picked":["Genetic Algorithm+1","Chaos"],"picked":"Buffer+1","floor":81},{"not_picked":["ICR:FrostFall+1","Conserve Battery","Undo"],"picked":"SKIP","floor":82},{"not_picked":["Mirror Shield","Reboot"],"picked":"ICR:Cyclone+1","floor":84},{"not_picked":["BootSequence","Loop+1","Compile Driver+1"],"picked":"SKIP","floor":86},{"not_picked":["Redo","Stack+1","Melter+1"],"picked":"SKIP","floor":88},{"not_picked":["Aggregate","Stack+1","Heatsinks+1"],"picked":"SKIP","floor":91},{"not_picked":["Stack+1","Capacitor+1","ReplaySolidLightProjector+1"],"picked":"SKIP","floor":95},{"not_picked":["Steam+1","Turbo+1","Ball Lightning+1"],"picked":"SKIP","floor":96},{"not_picked":["Steam+1","Redo+1","Machine Learning+1"],"picked":"SKIP","floor":97},{"not_picked":["Go for the Eyes+1","BasicCrystalCard+1","Sweeping Beam+1"],"picked":"SKIP","floor":98}],"player_experience":506558,"relics_obtained":[{"floor":6.0,"key":"Kunai"},{"floor":8.0,"key":"Frozen Egg 2"},{"floor":9.0,"key":"KyoryuNoHagoromo"},{"floor":10.0,"key":"ReplayTheSpireMod:TigerMarble"},{"floor":24.0,"key":"Peace Pipe"},{"floor":26.0,"key":"aspiration:Lifesprig"},{"floor":30.0,"key":"Simple Rune"},{"floor":36.0,"key":"wanderingMiniBosses:MasterThiefsPresence"},{"floor":41.0,"key":"StrikeDummy"},{"floor":43.0,"key":"Replay:Baseball"},{"floor":46.0,"key":"infinitespire:Lucky Rock"},{"floor":57.0,"key":"Nunchaku"},{"floor":60.0,"key":"Replay:Rubber Ducky"},{"floor":64.0,"key":"Lantern"},{"floor":74.0,"key":"Replay:Towering Pillar of Hats"},{"floor":76.0,"key":"PreservedInsect"},{"floor":81,"key":"MealTicket"},{"floor":91,"key":"Replay:Bottled Flurry"},{"floor":94,"key":"Toxic Egg 2"},{"floor":96,"key":"ReplayTheSpireMod:Ninjato"}],"event_choices":[{"damage_healed":0.0,"max_hp_gain":0.0,"max_hp_loss":0.0,"gold_gain":0.0,"event_name":"Golden Idol","player_choice":"Take Damage","floor":11.0,"gold_loss":0.0,"damage_taken":18.0,"relics_obtained":["Golden Idol"]},{"damage_healed":0.0,"max_hp_gain":0.0,"max_hp_loss":0.0,"gold_gain":0.0,"event_name":"betterThird:BetterWriting","player_choice":"Adaptability","floor":21.0,"gold_loss":0.0,"damage_taken":0.0},{"damage_healed":0.0,"max_hp_gain":0.0,"max_hp_loss":0.0,"gold_gain":0.0,"event_name":"Tomb of Lord Red Mask","player_choice":"Ignored","floor":38.0,"gold_loss":0.0,"damage_taken":0.0},{"damage_healed":0.0,"max_hp_gain":0.0,"max_hp_loss":0.0,"gold_gain":0.0,"event_name":"Duplicator","player_choice":"Copied","floor":44.0,"gold_loss":0.0,"damage_taken":0.0,"cards_obtained":["All For One"]},{"damage_healed":25.0,"max_hp_gain":0.0,"max_hp_loss":0.0,"gold_gain":0.0,"event_name":"The Library","player_choice":"Heal","floor":72.0,"gold_loss":0.0,"damage_taken":0.0},{"damage_healed":0.0,"max_hp_gain":0.0,"max_hp_loss":0.0,"gold_gain":100.0,"event_name":"Golden Shrine","player_choice":"Pray","floor":75.0,"gold_loss":0.0,"damage_taken":0.0},{"damage_healed":0,"gold_gain":0,"player_choice":"Memory 1","damage_taken":0,"max_hp_gain":0,"max_hp_loss":0,"event_name":"SensoryStone","floor":89,"gold_loss":0},{"damage_healed":0,"gold_gain":0,"player_choice":"0 cards matched","damage_taken":0,"max_hp_gain":0,"max_hp_loss":0,"event_name":"Match and Keep!","floor":92,"gold_loss":0,"cards_obtained":[]},{"damage_healed":0,"gold_gain":100,"player_choice":"Pray","damage_taken":0,"max_hp_gain":0,"max_hp_loss":0,"event_name":"Golden Shrine","floor":99,"gold_loss":0}],"is_beta":false,"boss_relics":[{"not_picked":["ChewingGum","Replay:Bronze Core"],"picked":"aspiration:Stellarator"},{"not_picked":["vexMod:BigBerry","SlaversCollar"],"picked":"Nuclear Battery"},{"not_picked":["aspiration:SilentSkillbook","vexMod:EndlessSickness"],"picked":"vexMod:MysteryBossChallenge"},{"not_picked":["aspiration:SecretTechniqueScroll","ReplayTheSpireMod:DimensionalGlitch"],"picked":"aspiration:RitualDagger"},{"not_picked":["SacredBark","Pandora\u0027s Box"],"picked":"Empty Cage"},{"not_picked":["Astrolabe","Kintsugi"],"picked":"Tiny House"}],"items_purged_floors":[53,90],"is_endless":true,"potions_floor_spawned":[1,4,13,14,18,19,24,28,39,42,46,50,57,63,67,69,74,78,79,81,82,91,97,101],"ascension_level":1}}