{"host":"6fbjdsiu9jij34p7","time":1607791222,"event":{"mods":["2.2 Compatiblity","AchievementEnabler","BaseMod","Colored Map","DeckTracker","Highlight Path","Keyboard Shortcuts","Minty Spire (QoL Compilation)","Permanent Neow","Quick Restart","StSLib","SuperFastMode"],"gold_per_floor":[109,129,204,204,15,15,35,35,35,35,35,53,53,78,78,176,176,86,0,0,20,38,38,63,63,63,63,79,79,102,116,116,215,215,235,160,72,95,114,114,127,73,73,47,47,47,47,62,62,62,62],"floor_reached":50,"playtime":1362,"items_purged":[],"score":828,"play_id":"ed60839d-c946-4f0a-82b0-5d046aa808cf","local_time":"20201213014022","is_ascension_mode":true,"campfire_choices":[{"data":"Barrage","floor":6.0,"key":"SMITH"},{"data":"Capacitor","floor":8.0,"key":"SMITH"},{"data":"Dualcast","floor":10.0,"key":"SMITH"},{"floor":13.0,"key":"REST"},{"floor":15.0,"key":"REST"},{"floor":23.0,"key":"REST"},{"floor":25.0,"key":"REST"},{"floor":29.0,"key":"REST"},{"floor":32.0,"key":"REST"},{"floor":40,"key":"REST"},{"data":"Defragment","floor":47,"key":"SMITH"},{"data":"Barrage","floor":49,"key":"SMITH"}],"circlet_count":0,"master_deck":["AscendersBane","Strike_B","Strike_B","Strike_B","Defend_B","Defend_B","Defend_B","Defend_B","Zap","Dualcast+1","Good Instincts","Cold Snap","Barrage+1","Injury","Capacitor+1","Chill","Stack","Cold Snap","Stack","Echo Form","Cold Snap","Compile Driver","Chill","Hologram+1","Cold Snap","Sweeping Beam","Defragment+1","Conserve Battery+1","Barrage+1","Barrage"],"relics":["Cracked Core","Golden Idol","Letter Opener","Orichalcum","Inserter","Matryoshka","Busted Crown","Mercury Hourglass","PreservedInsect"],"acts_visited":["TheCity","TheBeyond"],"potions_floor_usage":[39,39],"damage_taken":[{"damage":0.0,"enemies":"Cultist","floor":1.0,"turns":3.0},{"damage":1.0,"enemies":"2 Louse","floor":2.0,"turns":3.0},{"damage":10.0,"enemies":"Small Slimes","floor":7.0,"turns":2.0},{"damage":2.0,"enemies":"Exordium Wildlife","floor":12.0,"turns":3.0},{"damage":3.0,"enemies":"2 Fungi Beasts","floor":14.0,"turns":3.0},{"damage":32.0,"enemies":"Hexaghost","floor":16.0,"turns":12.0},{"damage":12.0,"enemies":"2 Thieves","floor":18.0,"turns":5.0},{"damage":0.0,"enemies":"3 Byrds","floor":21.0,"turns":7.0},{"damage":5.0,"enemies":"Centurion and Healer","floor":22.0,"turns":7.0},{"damage":12.0,"enemies":"Snecko","floor":24.0,"turns":5.0},{"damage":32.0,"enemies":"Snake Plant","floor":28.0,"turns":5.0},{"damage":21.0,"enemies":"Sentry and Sphere","floor":30.0,"turns":7.0},{"damage":4.0,"enemies":"Snecko","floor":31.0,"turns":7.0},{"damage":15.0,"enemies":"Champ","floor":33.0,"turns":13.0},{"damage":18.0,"enemies":"3 Shapes","floor":35.0,"turns":8.0},{"damage":20.0,"enemies":"3 Darklings","floor":38.0,"turns":8.0},{"damage":5,"enemies":"Writhing Mass","floor":39,"turns":9},{"damage":11,"enemies":"Sphere and 2 Shapes","floor":41,"turns":7},{"damage":6,"enemies":"Spire Growth","floor":48,"turns":6},{"damage":57,"enemies":"Awakened One","floor":50,"turns":3}],"seed_played":"9165729775344927967","potions_obtained":[{"floor":7.0,"key":"GamblersBrew"},{"floor":12.0,"key":"SkillPotion"},{"floor":22.0,"key":"GamblersBrew"},{"floor":28.0,"key":"FocusPotion"},{"floor":33.0,"key":"SneckoOil"},{"floor":38.0,"key":"PowerPotion"},{"floor":48,"key":"DuplicationPotion"}],"is_trial":false,"path_per_floor":["M","M","?","?","$","R","M","R","T","R","?","M","R","M","R","B",null,"M","?","?","M","M","R","M","R","T","?","M","R","M","M","R","B",null,"M","?","$","M","M","R","M","$","T","$","?","?","R","M","R","B"],"character_chosen":"DEFECT","items_purchased":["Capacitor","Chill","FocusPotion","Defragment","Barrage","Barrage"],"campfire_rested":7,"item_purchase_floors":[5,5,5,37,42,44],"current_hp_per_floor":[64,63,52,52,52,52,42,42,42,42,24,22,43,40,61,29,61,49,49,49,49,44,65,53,71,71,71,39,60,39,35,56,41,64,46,46,46,26,21,42,31,31,31,31,58,58,58,52,52,0,0],"gold":62,"neow_bonus":"RANDOM_COLORLESS","is_daily":false,"chose_seed":false,"campfire_upgraded":5,"win_rate":0.0,"timestamp":1607791222,"path_taken":["M","?","?","?","?","R","M","R","T","R","?","M","R","?","R","BOSS","M","?","?","M","M","R","M","R","T","?","M","R","?","M","R","BOSS","M","?","$","M","M","R","M","$","T","?","?","?","R","?","R","BOSS"],"items_purchased_type":["Card","Card","Potion","Card","Card","Card"],"build_version":"2020-11-30","purchased_purges":0,"victory":false,"max_hp_per_floor":[71,71,71,71,71,71,71,71,71,71,71,71,71,71,71,71,71,71,71,71,71,71,71,71,71,71,71,71,71,71,71,71,71,71,71,71,71,71,71,71,71,71,71,71,58,58,58,58,58,58,58],"card_choices":[{"not_picked":["Impatience","Madness"],"picked":"Good Instincts","floor":0.0},{"not_picked":["Tempest","Ball Lightning"],"picked":"Cold Snap","floor":1.0},{"not_picked":["FTL","Cold Snap"],"picked":"Barrage","floor":2.0},{"not_picked":["Steam","Static Discharge"],"picked":"Stack","floor":7.0},{"not_picked":["Go for the Eyes","Hyperbeam"],"picked":"Cold Snap","floor":12.0},{"not_picked":["Steam","Conserve Battery"],"picked":"Stack","floor":14.0},{"not_picked":["Meteor Strike","Reboot"],"picked":"Echo Form","floor":16.0},{"not_picked":["Conserve Battery","Steam"],"picked":"Cold Snap","floor":18.0},{"not_picked":["Doom and Gloom","Fusion","Conserve Battery"],"picked":"SKIP","floor":21.0},{"not_picked":["Ball Lightning","Steam"],"picked":"Compile Driver","floor":22.0},{"not_picked":["Conserve Battery","Chaos"],"picked":"Chill","floor":24.0},{"not_picked":["Lockon","Compile Driver+1"],"picked":"Hologram+1","floor":28.0},{"not_picked":["Redo","Doom and Gloom"],"picked":"Cold Snap","floor":30.0},{"not_picked":["Turbo","Biased Cognition","Leap"],"picked":"SKIP","floor":31.0},{"not_picked":[],"picked":"Sweeping Beam","floor":35.0},{"not_picked":[],"picked":"Conserve Battery+1","floor":38.0},{"not_picked":["Scrape"],"picked":"SKIP","floor":39},{"not_picked":["Streamline"],"picked":"SKIP","floor":41},{"not_picked":["Steam Power"],"picked":"SKIP","floor":48}],"player_experience":228656,"relics_obtained":[{"floor":9.0,"key":"Letter Opener"},{"floor":26.0,"key":"Matryoshka"},{"floor":43,"key":"Mercury Hourglass"},{"floor":43,"key":"PreservedInsect"}],"event_choices":[{"damage_healed":0.0,"max_hp_gain":0.0,"max_hp_loss":0.0,"gold_gain":75.0,"event_name":"World of Goop","player_choice":"Gather Gold","floor":3.0,"gold_loss":0.0,"damage_taken":11.0},{"damage_healed":0.0,"max_hp_gain":0.0,"max_hp_loss":0.0,"gold_gain":0.0,"event_name":"Golden Idol","player_choice":"Take Wound","floor":4.0,"gold_loss":0.0,"damage_taken":0.0,"relics_obtained":["Golden Idol"],"cards_obtained":["Injury"]},{"damage_healed":0.0,"max_hp_gain":0.0,"max_hp_loss":0.0,"gold_gain":0.0,"event_name":"Scrap Ooze","player_choice":"Success","floor":11.0,"gold_loss":0.0,"damage_taken":18.0,"relics_obtained":["Orichalcum"]},{"damage_healed":0.0,"max_hp_gain":0.0,"max_hp_loss":0.0,"gold_gain":0.0,"event_name":"Masked Bandits","player_choice":"Paid Fearfully","floor":19.0,"gold_loss":86.0,"damage_taken":0.0},{"damage_healed":0.0,"max_hp_gain":0.0,"max_hp_loss":0.0,"gold_gain":0.0,"event_name":"Ghosts","player_choice":"Ignored","floor":20.0,"gold_loss":0.0,"damage_taken":0.0},{"damage_healed":0.0,"max_hp_gain":0.0,"max_hp_loss":0.0,"gold_gain":0.0,"event_name":"Match and Keep!","player_choice":"0 cards matched","floor":27.0,"gold_loss":0.0,"damage_taken":0.0,"cards_obtained":[]},{"cards_removed":["Strike_B"],"damage_healed":0.0,"max_hp_gain":0.0,"max_hp_loss":0.0,"gold_gain":0.0,"event_name":"Designer","player_choice":"Single Remove","floor":36.0,"gold_loss":75.0,"damage_taken":0.0},{"damage_healed":58,"gold_gain":0,"player_choice":"Heal","damage_taken":0,"max_hp_gain":0,"max_hp_loss":13,"event_name":"The Moai Head","floor":45,"gold_loss":0},{"damage_healed":0,"gold_gain":0,"player_choice":"Memory 1","damage_taken":0,"max_hp_gain":0,"max_hp_loss":0,"event_name":"SensoryStone","floor":46,"gold_loss":0}],"is_beta":false,"boss_relics":[{"not_picked":["Snecko Eye","Coffee Dripper"],"picked":"Inserter"},{"not_picked":["Black Star","Runic Dome"],"picked":"Busted Crown"}],"items_purged_floors":[],"is_endless":false,"potions_floor_spawned":[7,12,14,22,28,33,38,48],"killed_by":"Awakened One","ascension_level":16}}