{"host":"gtqrdztqw7rfw3yh","time":1607769991,"event":{"mods":["Astrologer","BaseMod","BetterRewards","Downfall","Hermit","Hero for Fun","Hubris","Infinite Spire","Luminous","Minty Spire (QoL Compilation)","Replay The Spire","Robot Space Explorer","StSLib","The Construct","The Poker Player","The Runesmith","vexMod"],"gold_per_floor":[214,83,99,119,119,119,105,105,105,105,121,135,145,155,155,254,254,266,266,266,40,53,84,104,104,104,123,136,151,151,167,167,272,272,288,61,149,9,20,52,64,64,64],"floor_reached":41,"playtime":2054,"items_purged":[],"score":464,"play_id":"07f00735-55b9-4f03-8b93-ae698c3abc8f","local_time":"20201212114631","is_ascension_mode":false,"metric_token":1106,"campfire_choices":[{"floor":6.0,"key":"REST"},{"floor":8.0,"key":"REST"},{"data":"PokerPlayerMod:ClubShade","floor":15.0,"key":"SMITH"},{"floor":25.0,"key":"REST"},{"floor":30.0,"key":"REST"},{"floor":32.0,"key":"REST"}],"circlet_count":0,"master_deck":["PokerPlayerMod:Diamond1","PokerPlayerMod:Diamond2","PokerPlayerMod:Diamond3","PokerPlayerMod:Diamond4","PokerPlayerMod:Diamond5","PokerPlayerMod:Spade1","PokerPlayerMod:Spade2","PokerPlayerMod:Spade3","PokerPlayerMod:Spade4","PokerPlayerMod:Club1","PokerPlayerMod:Club3","PokerPlayerMod:Heart2","PokerPlayerMod:TrumpStrike","PokerPlayerMod:BadJoker","PokerPlayerMod:Mulligan","PokerPlayerMod:ClubShade+1","PokerPlayerMod:ClubShade","PokerPlayerMod:VarietyAttack","PokerPlayerMod:Overdeal","PokerPlayerMod:WildCard","PokerPlayerMod:DartThrow+1","PokerPlayerMod:Diamond10+","ReplayTheSpireMod:Restless Dread","PokerPlayerMod:Spade9","PokerPlayerMod:Raise+1","PokerPlayerMod:Club7","PokerPlayerMod:Club4","PokerPlayerMod:Promotion","PokerPlayerMod:Raise","PokerPlayerMod:WildCard","Apotheosis","Survey Options","Jack Of All Trades"],"relics":["PokerPlayerMod:DeckCase","Singing Bowl","Replay:Mystery Machine","Pen Nib","Black Star","ReplayTheSpireMod:TigerMarble","Membership Card","hubris:ToyBattleship","Omamori","infinitespire:FocusingShard","Painkiller Herb","Ice Cream","vexMod:TimeEaterHat","MealTicket","ReplayTheSpireMod:ShopPack","Happy Flower","MawBank","Bronze Scales"],"acts_visited":["TheBeyond"],"potions_floor_usage":[33,33,33,40],"damage_taken":[{"damage":0.0,"enemies":"Jaw Worm","floor":1.0,"turns":1.0},{"damage":5.0,"enemies":"Cultist","floor":3.0,"turns":4.0},{"damage":8.0,"enemies":"2 Louse","floor":4.0,"turns":2.0},{"damage":13.0,"enemies":"Exordium Thugs","floor":7.0,"turns":4.0},{"damage":0.0,"enemies":"3 Louse","floor":11.0,"turns":1.0},{"damage":7.0,"enemies":"2 Fungi Beasts","floor":12.0,"turns":4.0},{"damage":12.0,"enemies":"Large Slime","floor":13.0,"turns":4.0},{"damage":0.0,"enemies":"Blue Slaver","floor":14.0,"turns":3.0},{"damage":24.0,"enemies":"Hexaghost","floor":16.0,"turns":13.0},{"damage":26.0,"enemies":"2 Thieves","floor":18.0,"turns":3.0},{"damage":2.0,"enemies":"Chosen","floor":22.0,"turns":3.0},{"damage":32.0,"enemies":"Book of Stabbing","floor":23.0,"turns":5.0},{"damage":13.0,"enemies":"Snecko","floor":24.0,"turns":5.0},{"damage":6.0,"enemies":"Centurion and Healer","floor":27.0,"turns":5.0},{"damage":4.0,"enemies":"Sentry and Sphere","floor":28.0,"turns":4.0},{"damage":12.0,"enemies":"Shelled Parasite and Fungi","floor":29.0,"turns":5.0},{"damage":10.0,"enemies":"Cultist and Chosen","floor":31.0,"turns":3.0},{"damage":27,"enemies":"Collector","floor":33,"turns":7},{"damage":0,"enemies":"Orb Walker","floor":35,"turns":3},{"damage":5,"enemies":"3 Shapes","floor":39,"turns":2},{"damage":71,"enemies":"Nightmare","floor":40,"turns":7},{"damage":27,"enemies":"3 Darklings","floor":41,"turns":2}],"seed_played":"-9185714125846957727","potions_obtained":[{"floor":4.0,"key":"Explosive Potion"},{"floor":11.0,"key":"PowerPotion"},{"floor":16.0,"key":"AttackPotion"},{"floor":22.0,"key":"FairyPotion"},{"floor":24.0,"key":"DuplicationPotion"},{"floor":27.0,"key":"ColorlessPotion"},{"floor":39,"key":"BlessingOfTheForge"}],"is_trial":false,"path_per_floor":["M","?","M","M","?","R","M","R","T","?","M","M","M","M","R","B",null,"M","?","?","$","M","E","M","R","T","M","M","M","R","M","R","B",null,"?","T","?","T","?","NM","?"],"character_chosen":"THE_POKER_PLAYER","items_purchased":["Membership Card","PokerPlayerMod:Spade9","Ice Cream","vexMod:TimeEaterHat","ReplayTheSpireMod:ShopPack","Happy Flower"],"campfire_rested":5,"item_purchase_floors":[21,21,36,36,38,38],"current_hp_per_floor":[52,52,49,41,38,54,43,54,54,54,56,54,45,47,47,25,60,36,36,36,36,38,6,20,39,39,35,31,24,43,35,55,30,68,70,70,53,68,67,18,0,0,0],"gold":64,"neow_bonus":"HUNDRED_GOLD","is_daily":false,"chose_seed":false,"campfire_upgraded":1,"win_rate":0.0,"timestamp":1607769991,"path_taken":["M","?","M","?","?","R","M","R","T","?","M","M","?","M","R","BOSS","M","?","?","$","?","E","M","R","T","?","M","M","R","M","R","BOSS","?","T","?","T","?","NM","?"],"items_purchased_type":["Relic","Card","Relic","Relic","Relic","Relic"],"build_version":"2020-11-30","purchased_purges":0,"victory":false,"max_hp_per_floor":[52,52,54,54,54,54,54,54,54,54,56,58,58,60,60,60,60,60,60,60,60,62,62,64,64,64,64,64,66,66,68,68,68,68,70,70,70,70,72,74,74,74,74],"card_choices":[{"not_picked":["PokerPlayerMod:PoorCopy","PokerPlayerMod:CloakAndDiamond"],"picked":"PokerPlayerMod:ClubShade","floor":1.0},{"not_picked":["PokerPlayerMod:Manipulation","PokerPlayerMod:DartThrow","PokerPlayerMod:Raise"],"picked":"Singing Bowl","floor":3.0},{"not_picked":["PokerPlayerMod:HeartStrike","PokerPlayerMod:Fold"],"picked":"PokerPlayerMod:ClubShade","floor":4.0},{"not_picked":["PokerPlayerMod:MagicTrick","PokerPlayerMod:Heart3"],"picked":"PokerPlayerMod:VarietyAttack","floor":7.0},{"not_picked":["PokerPlayerMod:Heart1","PokerPlayerMod:Spade4","PokerPlayerMod:Diamond3"],"picked":"Singing Bowl","floor":11.0},{"not_picked":["PokerPlayerMod:Diamond1","PokerPlayerMod:Configure","PokerPlayerMod:Diamond2"],"picked":"Singing Bowl","floor":12.0},{"not_picked":["PokerPlayerMod:Diamond3","PokerPlayerMod:CardBurn"],"picked":"PokerPlayerMod:Overdeal","floor":13.0},{"not_picked":["PokerPlayerMod:Diamond4","PokerPlayerMod:JackOfSpades","PokerPlayerMod:HotShotCut"],"picked":"Singing Bowl","floor":14.0},{"not_picked":["PokerPlayerMod:Heart8","PokerPlayerMod:TheDieIsCast"],"picked":"PokerPlayerMod:WildCard","floor":16.0},{"not_picked":["PokerPlayerMod:Club5","PokerPlayerMod:Spade1"],"picked":"PokerPlayerMod:DartThrow+1","floor":18.0},{"not_picked":["PokerPlayerMod:Club1","PokerPlayerMod:MagicTrick","PokerPlayerMod:CloakAndDiamond"],"picked":"Singing Bowl","floor":22.0},{"not_picked":["PokerPlayerMod:Diamond9","PokerPlayerMod:ClubDance"],"picked":"PokerPlayerMod:Raise+1","floor":23.0},{"not_picked":["PokerPlayerMod:Spade4","PokerPlayerMod:Diamond3","PokerPlayerMod:DartThrow"],"picked":"Singing Bowl","floor":24.0},{"not_picked":["PokerPlayerMod:RiskyBet","PokerPlayerMod:Spade4"],"picked":"PokerPlayerMod:Club7","floor":27.0},{"not_picked":["PokerPlayerMod:DartThrow+1","PokerPlayerMod:Diamond3"],"picked":"PokerPlayerMod:Club4","floor":28.0},{"not_picked":["PokerPlayerMod:Diamond4","PokerPlayerMod:Spade4","PokerPlayerMod:CardBurn"],"picked":"Singing Bowl","floor":29.0},{"not_picked":["PokerPlayerMod:Diamond3","PokerPlayerMod:Spade1","PokerPlayerMod:Spade2"],"picked":"Singing Bowl","floor":31.0},{"not_picked":["PokerPlayerMod:Spade10+","PokerPlayerMod:RoyalStrike"],"picked":"PokerPlayerMod:Promotion","floor":33},{"not_picked":["PokerPlayerMod:Diamond2","PokerPlayerMod:Diamond1","PokerPlayerMod:DiamondStrike+1"],"picked":"Singing Bowl","floor":35},{"not_picked":["PokerPlayerMod:Heart2","PokerPlayerMod:Diamond3"],"picked":"PokerPlayerMod:Raise","floor":37},{"not_picked":["PokerPlayerMod:MagicTrick","PokerPlayerMod:Diamond2"],"picked":"PokerPlayerMod:WildCard","floor":37},{"not_picked":["The Bomb","Transmutation"],"picked":"Apotheosis","floor":38},{"not_picked":["Replay:SS_fish_2","expansioncontent:LastStand"],"picked":"Survey Options","floor":38},{"not_picked":["expansioncontent:BronzeBeam","expansioncontent:GuardianWhirl"],"picked":"Jack Of All Trades","floor":38},{"not_picked":["PokerPlayerMod:Diamond3","PokerPlayerMod:Diamond1","PokerPlayerMod:Diamond4"],"picked":"Singing Bowl","floor":39},{"not_picked":["PokerPlayerMod:Spade3","PokerPlayerMod:SecretDealer","PokerPlayerMod:Raise+1"],"picked":"Singing Bowl","floor":40}],"player_experience":241908,"relics_obtained":[{"floor":9.0,"key":"Pen Nib"},{"floor":23.0,"key":"hubris:ToyBattleship"},{"floor":23.0,"key":"Omamori"},{"floor":26.0,"key":"infinitespire:FocusingShard"},{"floor":37,"key":"MealTicket"},{"floor":40,"key":"MawBank"},{"floor":40,"key":"Bronze Scales"}],"event_choices":[{"damage_healed":0.0,"max_hp_gain":0.0,"max_hp_loss":0.0,"gold_gain":0.0,"event_name":"WeMeetAgain","player_choice":"Paid Gold","floor":2.0,"gold_loss":131.0,"damage_taken":0.0,"relics_obtained":["Singing Bowl"]},{"damage_healed":0.0,"max_hp_gain":0.0,"max_hp_loss":0.0,"gold_gain":0.0,"event_name":"Scrap Ooze","player_choice":"Success","floor":5.0,"gold_loss":0.0,"damage_taken":3.0,"relics_obtained":["Replay:Mystery Machine"]},{"damage_healed":0.0,"max_hp_gain":0.0,"max_hp_loss":0.0,"gold_gain":0.0,"event_name":"The Library","player_choice":"Read","floor":19.0,"gold_loss":0.0,"damage_taken":0.0,"cards_obtained":["PokerPlayerMod:Diamond10"]}],"is_beta":false,"boss_relics":[{"not_picked":["vexMod:MegatonBomb","Fusion Hammer"],"picked":"Black Star"},{"not_picked":["hubris:CrackedHourglass","Sozu"],"picked":"Painkiller Herb"}],"items_purged_floors":[],"is_endless":true,"potions_floor_spawned":[4,11,12,16,22,24,27,29,39],"killed_by":"3 Darklings","ascension_level":0}}