{"host":"3omna1v4kuj0u9pv","time":1607740765,"event":{"mods":["AchievementEnabler","Act Like it!","Aspiration","BaseMod","Better Altar","Better Match","Better Note","Better Sensory Stone","Better Skull","Better Third Choice","Better Vampires","BetterRewards","CCEM","CapriCore","Conspire","Curses Come First","Displayed Cursed Tome","Downfall","Halation","Hallownest","Hubris","Infinite Spire","Minty Spire (QoL Compilation)","Permanent Neow","Rare Cards Sparkle","Replay The Spire","Shop Mod","Spicy Shops","StSLib","The Animator","The Bug Knight","Transform Curses"],"gold_per_floor":[40,40,91,110,110,110,160,8,8,45,70,70,105,136,136,232,232,266,266,266,300,300],"floor_reached":21,"playtime":1714,"items_purged":["Strike_G"],"score":216,"play_id":"c3049b75-8e0d-400e-a074-b5f3accb572f","local_time":"20201212123925","is_ascension_mode":false,"campfire_choices":[{"data":"Neutralize","floor":6,"key":"SMITH"},{"floor":15,"key":"REST"}],"circlet_count":0,"master_deck":["Strike_G","Strike_G","Strike_G","Strike_G","Survivor","Neutralize+1","HandOfGreed","Flying Knee","Poisoned Stab","Flying Knee","Hallownest:curseDreamersLament","A Thousand Cuts","Infinite Blades","Dash","Flying Knee","Hallownest:skillLeafShield","Hallownest:skillLeafShield","Hallownest:skillLeafShield","Hallownest:skillLeafShield","Hallownest:skillLeafShield","Sucker Punch","Sucker Punch","Replay:Bag of Tricks","Blade Dance","conspire:Banana","Doubt","hubris:Lust","infinitespire:Collect"],"relics":["Ring of the Snake","halation:EternalFortune","Hallownest:TeacherSealRelic","Basket Of Snakes","Du-Vu Doll","CCEMRelics:PaperClip","Ring of Chaos"],"acts_visited":["Hallownest:Greenpath","Hallownest:CityofTears"],"potions_floor_usage":[7,16,16],"damage_taken":[{"damage":3,"enemies":"Hallownest:monsterHuskGuard","floor":1,"turns":4},{"damage":6,"enemies":"Hallownest:2_MossCreeps","floor":3,"turns":5},{"damage":0,"enemies":"Hallownest:monsterHuskWarrior","floor":4,"turns":3},{"damage":18,"enemies":"Hallownest:eliteCrystalGuardian","floor":7,"turns":4},{"damage":3,"enemies":"Hallownest:Guard_and_Warrior","floor":10,"turns":4},{"damage":3,"enemies":"Hallownest:eliteMossKnight","floor":11,"turns":7},{"damage":1,"enemies":"Hallownest:monsterMossCharger","floor":13,"turns":4},{"damage":1,"enemies":"Hallownest:monsterFoolEater","floor":14,"turns":3},{"damage":44,"enemies":"Hallownest:BossHornet","floor":16,"turns":10},{"damage":14,"enemies":"Hallownest:Guard_and_Sentry","floor":18,"turns":5},{"damage":20,"enemies":"Hallownest:3_Youths","floor":21,"turns":5}],"seed_played":"-1743856718950368650","potions_obtained":[{"floor":1,"key":"SteroidPotion"},{"floor":7,"key":"Poison Potion"},{"floor":11,"key":"DuplicationPotion"},{"floor":14,"key":"CunningPotion"},{"floor":18,"key":"Block Potion"},{"floor":21,"key":"Elixir"}],"is_trial":false,"path_per_floor":["M","?","M","M","?","R","E","$","T","M","E","?","M","M","R","B",null,"M","?","?","M"],"character_chosen":"THE_SILENT","items_purchased":["Infinite Blades"],"campfire_rested":1,"item_purchase_floors":[8],"current_hp_per_floor":[67,70,64,64,64,64,46,46,46,43,40,40,42,41,63,19,76,62,62,62,43,43],"gold":300,"neow_bonus":"RANDOM_COLORLESS_2","is_daily":false,"chose_seed":false,"campfire_upgraded":1,"win_rate":0.0,"timestamp":1607740765,"path_taken":["M","?","M","M","?","R","E","$","T","M","E","?","M","M","R","BOSS","M","?","?","?"],"items_purchased_type":["Card"],"build_version":"2020-11-30","purchased_purges":1,"victory":false,"max_hp_per_floor":[70,73,73,73,73,73,73,73,73,73,73,73,76,76,76,76,76,76,76,76,77,77],"card_choices":[{"not_picked":["Master of Strategy","Magnetism"],"picked":"HandOfGreed","floor":0},{"not_picked":["Eviscerate","hubris:Counter"],"picked":"Flying Knee","floor":1},{"not_picked":["Distraction","Deadly Poison"],"picked":"Poisoned Stab","floor":3},{"not_picked":["Fluid Movement","Outmaneuver"],"picked":"Flying Knee","floor":4},{"not_picked":["Masterful Stab","Prepared"],"picked":"A Thousand Cuts","floor":7},{"not_picked":["Acrobatics","Draining Mist"],"picked":"Dash","floor":10},{"not_picked":["Slice","Sneak Up"],"picked":"Flying Knee","floor":11},{"not_picked":["ReplayTheSpireMod:Exploit Weakness","Outmaneuver"],"picked":"Sucker Punch","floor":13},{"not_picked":["hubris:SlightOfHand","Deflect"],"picked":"Sucker Punch","floor":14},{"not_picked":["Atom Bomb","Glass Knife"],"picked":"Replay:Bag of Tricks","floor":16},{"not_picked":["Flying Knee","Toxin Wave"],"picked":"Blade Dance","floor":18},{"not_picked":["Replay:SS_forest_6","expansioncontent:YouAreMine"],"picked":"conspire:Banana","floor":19},{"not_picked":["infinitespire:Menacing","ReplayTheSpireMod:Echoes of Time"],"picked":"infinitespire:Collect","floor":20},{"not_picked":["Underhanded Strike","hubris:SlightOfHand","Dash+1"],"picked":"SKIP","floor":21}],"player_experience":136870,"relics_obtained":[{"floor":7,"key":"Basket Of Snakes"},{"floor":9,"key":"Du-Vu Doll"},{"floor":11,"key":"CCEMRelics:PaperClip"},{"floor":13,"key":"halation:EternalFortune"}],"event_choices":[{"damage_healed":0,"gold_gain":2,"player_choice":"1","damage_taken":0,"max_hp_gain":0,"max_hp_loss":0,"event_name":"betterStone:BetterStone","floor":19,"gold_loss":0}],"is_beta":false,"boss_relics":[{"not_picked":["aspiration:WatcherSkillbook","Snecko Scales"],"picked":"Ring of Chaos"}],"items_purged_floors":[8],"is_endless":false,"potions_floor_spawned":[1,7,11,14,18,21],"killed_by":"Hallownest:3_Youths","ascension_level":0}}