{"host":"yfjdi361m7pxsbqz","time":1607759108,"event":{"mods":["BaseMod","DeckTracker","Minty Spire (QoL Compilation)","Quick Restart","StSLib","SuperFastMode"],"gold_per_floor":[112,112,127,143,143,143,170,170,170,170,190,190,210,230,230,305,305,316,328,253,265,61,86,86,101,101,117,117,129,129,144,144,216,216,232,60,74,74,88,88,101,135,161,184,201,201,201,221,221,221,221,221],"floor_reached":51,"playtime":1516,"items_purged":[],"score":1356,"play_id":"3ce2bec3-435b-4eef-a22b-47ca8511c8dd","local_time":"20201212164508","is_ascension_mode":true,"campfire_choices":[{"data":"Perfected Strike","floor":6.0,"key":"SMITH"},{"floor":8.0,"key":"REST"},{"data":"Bash","floor":10.0,"key":"SMITH"},{"data":"Inflame","floor":12.0,"key":"SMITH"},{"data":"Evolve","floor":15.0,"key":"SMITH"},{"data":"Fiend Fire","floor":24.0,"key":"SMITH"},{"data":"Body Slam","floor":30.0,"key":"SMITH"},{"data":"Power Through","floor":32.0,"key":"SMITH"},{"floor":40.0,"key":"RECALL"},{"floor":49,"key":"REST"}],"circlet_count":0,"master_deck":["AscendersBane","Strike_R","Strike_R","Strike_R","Defend_R","Defend_R","Defend_R","Defend_R","Bash+1","Combust","Perfected Strike+1","Second Wind","Inflame+1","Evolve+1","Shrug It Off","Juggernaut","Pummel","Reckless Charge+1","Shockwave","Fiend Fire+1","Body Slam+1","Fire Breathing","Power Through+1","Barricade","Battle Trance","Wild Strike"],"relics":["Burning Blood","Pen Nib","Matryoshka","Oddly Smooth Stone","Bronze Scales","Happy Flower","Odd Mushroom","Runic Pyramid","TheAbacus","Bag of Marbles","Bottled Tornado","Eternal Feather","Fusion Hammer","Art of War","The Courier","Anchor"],"acts_visited":["Exordium","TheCity","TheBeyond"],"potions_floor_usage":[45,47,51],"damage_taken":[{"damage":14.0,"enemies":"Cultist","floor":1.0,"turns":6.0},{"damage":12.0,"enemies":"Jaw Worm","floor":3.0,"turns":3.0},{"damage":15.0,"enemies":"Small Slimes","floor":4.0,"turns":4.0},{"damage":23.0,"enemies":"Lagavulin","floor":7.0,"turns":5.0},{"damage":21.0,"enemies":"The Mushroom Lair","floor":11.0,"turns":4.0},{"damage":2.0,"enemies":"2 Fungi Beasts","floor":13.0,"turns":3.0},{"damage":18.0,"enemies":"Large Slime","floor":14.0,"turns":5.0},{"damage":2.0,"enemies":"Hexaghost","floor":16.0,"turns":7.0},{"damage":6.0,"enemies":"Chosen","floor":18.0,"turns":5.0},{"damage":3.0,"enemies":"2 Thieves","floor":19.0,"turns":4.0},{"damage":6.0,"enemies":"Snecko","floor":21.0,"turns":4.0},{"damage":47.0,"enemies":"Gremlin Leader","floor":23.0,"turns":5.0},{"damage":0.0,"enemies":"Snake Plant","floor":25.0,"turns":1.0},{"damage":3.0,"enemies":"Centurion and Healer","floor":27.0,"turns":5.0},{"damage":6.0,"enemies":"3 Cultists","floor":29.0,"turns":5.0},{"damage":6.0,"enemies":"Chosen and Byrds","floor":31.0,"turns":5.0},{"damage":14.0,"enemies":"Champ","floor":33.0,"turns":7.0},{"damage":18.0,"enemies":"3 Shapes","floor":35.0,"turns":5.0},{"damage":1.0,"enemies":"Orb Walker","floor":37.0,"turns":3.0},{"damage":16.0,"enemies":"4 Shapes","floor":39.0,"turns":4.0},{"damage":48.0,"enemies":"Transient","floor":41.0,"turns":6.0},{"damage":15.0,"enemies":"Nemesis","floor":42.0,"turns":5.0},{"damage":0,"enemies":"Jaw Worm Horde","floor":45,"turns":3},{"damage":1,"enemies":"3 Darklings","floor":47,"turns":4},{"damage":1,"enemies":"Sphere and 2 Shapes","floor":48,"turns":3},{"damage":50,"enemies":"Donu and Deca","floor":50,"turns":8},{"damage":28,"enemies":"Awakened One","floor":51,"turns":2}],"seed_played":"2597649290620238601","potions_obtained":[{"floor":1.0,"key":"Weak Potion"},{"floor":3.0,"key":"SkillPotion"},{"floor":13.0,"key":"HeartOfIron"},{"floor":16.0,"key":"Block Potion"},{"floor":19.0,"key":"ColorlessPotion"},{"floor":23.0,"key":"AttackPotion"},{"floor":25.0,"key":"GamblersBrew"},{"floor":27.0,"key":"AttackPotion"},{"floor":29.0,"key":"EntropicBrew"},{"floor":37.0,"key":"BlessingOfTheForge"},{"floor":45,"key":"SmokeBomb"},{"floor":48,"key":"Weak Potion"}],"is_trial":false,"path_per_floor":["M","?","M","M","?","R","E","R","T","R","?","R","M","M","R","B",null,"M","M","?","M","$","E","R","M","T","M","?","M","R","M","R","B",null,"M","$","M","?","M","R","M","E","T","T","M","?","M","M","R","B","B"],"character_chosen":"IRONCLAD","items_purchased":["TheAbacus","Shockwave","Art of War"],"campfire_rested":2,"item_purchase_floors":[22,22,36],"current_hp_per_floor":[60,42,36,27,27,27,10,32,32,32,17,17,21,9,9,13,60,60,63,63,63,63,22,22,28,28,31,31,31,43,43,55,47,68,56,56,61,61,51,66,24,15,15,15,21,21,26,31,68,24,0,0],"gold":221,"neow_bonus":"RANDOM_COMMON_RELIC","is_daily":false,"chose_seed":false,"campfire_upgraded":7,"win_rate":0.0,"timestamp":1607759108,"path_taken":["M","?","M","M","?","R","E","R","T","R","?","R","M","M","R","BOSS","M","M","?","M","$","E","R","M","T","M","?","M","R","M","R","BOSS","M","$","M","?","?","R","M","E","T","?","?","?","M","M","R","BOSS","BOSS"],"items_purchased_type":["Relic","Card","Relic"],"build_version":"2020-11-30","purchased_purges":0,"victory":false,"max_hp_per_floor":[75,75,75,75,75,75,75,75,75,75,75,75,75,75,75,75,75,75,75,75,75,75,75,75,75,75,75,75,75,75,75,75,75,75,75,75,75,75,75,75,75,75,75,75,75,75,75,75,75,75,75,75],"card_choices":[{"not_picked":["Shockwave","Thunderclap","Searing Blow"],"picked":"SKIP","floor":1.0},{"not_picked":["Rupture","Body Slam"],"picked":"Combust","floor":3.0},{"not_picked":["Havoc","Clash"],"picked":"Perfected Strike","floor":4.0},{"not_picked":["Bloodletting","Disarm"],"picked":"Second Wind","floor":7.0},{"not_picked":["Warcry","Clash"],"picked":"Inflame","floor":11.0},{"not_picked":["Clash","Uppercut"],"picked":"Evolve","floor":13.0},{"not_picked":["Fiend Fire","Cleave"],"picked":"Shrug It Off","floor":14.0},{"not_picked":["Berserk","Brutality"],"picked":"Juggernaut","floor":16.0},{"not_picked":["Pommel Strike","Thunderclap"],"picked":"Pummel","floor":18.0},{"not_picked":["Flame Barrier+1","Ghostly Armor"],"picked":"Reckless Charge+1","floor":19.0},{"not_picked":["True Grit","Iron Wave","Armaments"],"picked":"SKIP","floor":21.0},{"not_picked":["Clothesline","Sword Boomerang"],"picked":"Fiend Fire","floor":23.0},{"not_picked":["Armaments","Clash","Thunderclap+1"],"picked":"SKIP","floor":25.0},{"not_picked":["True Grit","Sword Boomerang"],"picked":"Body Slam","floor":27.0},{"not_picked":["Headbutt","Twin Strike"],"picked":"Fire Breathing","floor":29.0},{"not_picked":["Body Slam+1","Warcry"],"picked":"Power Through","floor":31.0},{"not_picked":["Juggernaut","Bludgeon"],"picked":"Barricade","floor":33.0},{"not_picked":["Carnage","Sword Boomerang","Cleave"],"picked":"SKIP","floor":35.0},{"not_picked":["Metallicize","Clothesline+1"],"picked":"Battle Trance","floor":37.0},{"not_picked":["Sword Boomerang+1","Clash+1"],"picked":"Wild Strike","floor":39.0},{"not_picked":["Anger","Pommel Strike","True Grit"],"picked":"SKIP","floor":41.0},{"not_picked":["Headbutt","Immolate","Armaments+1"],"picked":"SKIP","floor":42.0},{"not_picked":["Wild Strike","Perfected Strike","True Grit"],"picked":"SKIP","floor":45},{"not_picked":["Heavy Blade","Havoc","Cleave"],"picked":"SKIP","floor":48}],"player_experience":1122057,"relics_obtained":[{"floor":7.0,"key":"Oddly Smooth Stone"},{"floor":9.0,"key":"Bronze Scales"},{"floor":9.0,"key":"Happy Flower"},{"floor":11.0,"key":"Odd Mushroom"},{"floor":23.0,"key":"Bag of Marbles"},{"floor":26.0,"key":"Bottled Tornado"},{"floor":26.0,"key":"Eternal Feather"},{"floor":42.0,"key":"The Courier"},{"floor":44,"key":"Anchor"}],"event_choices":[{"damage_healed":0.0,"max_hp_gain":0.0,"max_hp_loss":0.0,"gold_gain":0.0,"event_name":"Scrap Ooze","player_choice":"Success","floor":2.0,"gold_loss":0.0,"damage_taken":18.0,"relics_obtained":["Matryoshka"]},{"damage_healed":0.0,"max_hp_gain":0.0,"max_hp_loss":0.0,"gold_gain":0.0,"event_name":"Liars Game","player_choice":"Ignored","floor":5.0,"gold_loss":0.0,"damage_taken":0.0},{"damage_healed":0.0,"max_hp_gain":0.0,"max_hp_loss":0.0,"gold_gain":0.0,"event_name":"Mushrooms","player_choice":"Fought Mushrooms","floor":11.0,"gold_loss":0.0,"damage_taken":0.0},{"cards_removed":["Strike_R"],"damage_healed":0.0,"max_hp_gain":0.0,"max_hp_loss":0.0,"gold_gain":0.0,"event_name":"Beggar","player_choice":"Gave Gold","floor":20.0,"gold_loss":75.0,"damage_taken":0.0},{"damage_healed":0.0,"max_hp_gain":0.0,"max_hp_loss":0.0,"gold_gain":0.0,"event_name":"The Mausoleum","player_choice":"Ignored","floor":28.0,"gold_loss":0.0,"damage_taken":0.0},{"cards_removed":["Strike_R"],"damage_healed":0.0,"max_hp_gain":0.0,"max_hp_loss":0.0,"gold_gain":0.0,"event_name":"Wheel of Change","player_choice":"Card Removal","floor":38.0,"gold_loss":0.0,"damage_taken":0.0},{"damage_healed":0,"gold_gain":0,"player_choice":"Ignored","damage_taken":0,"max_hp_gain":0,"max_hp_loss":0,"event_name":"Mysterious Sphere","floor":46,"gold_loss":0}],"is_beta":false,"boss_relics":[{"not_picked":["Empty Cage","Cursed Key"],"picked":"Runic Pyramid"},{"not_picked":["Astrolabe","Tiny House"],"picked":"Fusion Hammer"}],"items_purged_floors":[],"is_endless":false,"potions_floor_spawned":[1,3,13,16,19,23,25,27,29,37,39,45,48],"killed_by":"Awakened One","ascension_level":20}}