{"host":"uceopoba4zvqsgiy","time":1607790329,"event":{"mods":["Act Like it!","BaseMod","Better Skull","Better Third Choice","Elementarium","GifTheSpireLib","Hermit","Humility","Infinite Spire","Jorbs\u0027s Wanderer Trilogy","Marked Mod","Minty Spire (QoL Compilation)","Potionbrewer","Replay The Spire","Robot Space Explorer","Shade Mod","Spicy Shops","StSLib","Stuff the Spire","The Blue Laboratory","The Cursed","The Dragon Tamer","The Hierophant","The Judge","The Jungle","Wandering Minibosses"],"gold_per_floor":[112,126,136,136,91,91,12,41,65,240,240,240,240],"floor_reached":12,"playtime":505,"items_purged":[],"score":87,"play_id":"ae387516-3fc1-412d-a184-dbf5f5133068","local_time":"20201213025529","is_ascension_mode":true,"campfire_choices":[{"data":"Caltrops","floor":6,"key":"SMITH"},{"floor":11,"key":"REST"}],"circlet_count":0,"master_deck":["Strike_G","Strike_G","Strike_G","Strike_G","Strike_G+1","Defend_G+1","Defend_G","Defend_G","Defend_G+1","Defend_G","Survivor","Neutralize","Caltrops+1","Catalyst","Footwork","Deadly Poison","ReplayTheSpireMod:Scrap Shanks","Cloak And Dagger","Doubt"],"relics":["Ring of the Snake","NeowsBlessing","Gremlin Food","Blue Candle","Simple Rune"],"acts_visited":["Exordium"],"potions_floor_usage":[8],"damage_taken":[{"damage":0,"enemies":"Jaw Worm","floor":1,"turns":1},{"damage":0,"enemies":"Cultist","floor":2,"turns":1},{"damage":0,"enemies":"2 Louse","floor":3,"turns":1},{"damage":68,"enemies":"3 Sentries","floor":8,"turns":12},{"damage":27,"enemies":"Replay:BlueRogue","floor":12,"turns":4}],"seed_played":"5376303748109367044","potions_obtained":[{"floor":1,"key":"blueLaboratory:BottledHope"},{"floor":2,"key":"blueLaboratory:HorrorPotion"}],"is_trial":false,"path_per_floor":["M","M","M","?","$","R","$","E","T","?","R","E"],"character_chosen":"THE_SILENT","items_purchased":["Deadly Poison","ReplayTheSpireMod:Scrap Shanks"],"campfire_rested":1,"item_purchase_floors":[5,7],"current_hp_per_floor":[70,70,70,70,70,70,70,2,2,2,23,0,0],"gold":240,"neow_bonus":"THREE_ENEMY_KILL","is_daily":false,"chose_seed":false,"campfire_upgraded":1,"win_rate":0.0,"timestamp":1607790329,"path_taken":["M","M","M","?","$","R","?","E","T","?","R","E"],"items_purchased_type":["Card","Card"],"build_version":"2020-11-30","purchased_purges":0,"victory":false,"max_hp_per_floor":[70,70,70,70,70,70,70,70,70,70,70,70,70],"card_choices":[{"not_picked":["Dodge and Roll","PiercingWail"],"picked":"Caltrops","floor":1},{"not_picked":["Outmaneuver","Predator"],"picked":"Catalyst","floor":2},{"not_picked":["Hidden Blade","Fluid Movement"],"picked":"Footwork","floor":3},{"not_picked":["Dodge and Roll","Backstab"],"picked":"Cloak And Dagger","floor":8}],"player_experience":1485228,"relics_obtained":[{"floor":8,"key":"Blue Candle"},{"floor":9,"key":"Simple Rune"}],"event_choices":[{"damage_healed":0,"gold_gain":0,"player_choice":"Gave Potion","damage_taken":0,"relics_obtained":["Gremlin Food"],"max_hp_gain":0,"max_hp_loss":0,"event_name":"WeMeetAgain","floor":4,"gold_loss":0},{"damage_healed":0,"gold_gain":175,"player_choice":"AGREE","damage_taken":65,"max_hp_gain":0,"max_hp_loss":0,"event_name":"betterThird:BetterSerpent","floor":10,"gold_loss":0}],"is_beta":false,"boss_relics":[],"items_purged_floors":[],"is_endless":false,"potions_floor_spawned":[1,2],"killed_by":"Replay:BlueRogue","ascension_level":3}}