{"host":"40ttcv3g5w633xb3","time":1607796734,"event":{"mods":["AchievementEnabler","Act Like it!","Ascension Reborn","Aspiration","BaseMod","Beaked The Cultist","BetterRewards","Challenge The Spire","Clawfect","Colored Map","Colored Powertips","Conspire","Custom Start","Downfall","Elementarium","Emptier Cage","Energized Spire","Gensokyo","GifTheSpireLib","GungeonMod","Halation","Hallownest","Hermit","Highlight Path","Hubris","HumanHunterMod(????mod)","Humility","Infinite Spire","Jedi Mod","KomeijiMod","Marisa????????","Marked Mod","Minty Spire (QoL Compilation)","MostiFishMod","Pale of the Ancients","Permanent Neow","Quarter Circle Forward PUNCH!","Quick Restart","Random Character Button","Rare Cards Sparkle","Relic Stats","Replay The Spire","Shade Mod","Spicy Shops","Spikes Relics","StSLib","Stuff the Spire","The Hierophant","The Jungle","The Necromancer","The Problem Sleuth","TheArtist","Trackpad","Wandering Minibosses","vexMod","yUi"],"gold_per_floor":[113,113,113,130,130,171,171,188,188,188,188,225,239,259,259,377,377,396,396,396,408,427,465,465,487,487,487,529,33,33,56,56,175,-1225,-1206,-1146,-1146,-1115,-1093,-1058,-1058,-457,-457,-457,-457,-402,-402,-386,-362,-362,-362,-362,-362],"floor_reached":52,"playtime":2593,"items_purged":["Strike_G+1","Strike_G+1","Strike_G+1"],"score":125,"play_id":"22c25b28-2f95-4d71-a460-c8cf6d105005","local_time":"20201212181214","is_ascension_mode":true,"campfire_choices":[{"data":"Phantasmal Killer","floor":7,"key":"SMITH"},{"floor":11,"key":"RECALL"},{"floor":15,"key":"DIG"},{"data":"Adrenaline","floor":24,"key":"SMITH"},{"data":"StuffTheSpire:Python","floor":30,"key":"SMITH"},{"floor":43,"key":"DIG"},{"floor":47,"key":"DIG"},{"floor":51,"key":"DIG"}],"circlet_count":0,"master_deck":["Strike_G+1","Strike_G+1","Defend_G+1","Defend_G+1","Defend_G+1","Defend_G+1","Defend_G+1","Survivor+1","Neutralize+1","Dagger Spray+1","Flechettes+1","Phantasmal Killer+1","Choke+1","Bane+1","MostiFishMod:PreservedThorns","StuffTheSpire:ClusterCrunch+1","Adrenaline+1","Atom Bomb+1","StuffTheSpire:BumpUp+1","RitualDagger+1","Decay","PiercingWail","Bane+1","Bullet Time","StuffTheSpire:BrimstoneBlast+1","StuffTheSpire:Python+1","Poisoned Stab+1","Glass Knife+1","Finisher+1","Riddle With Holes+1","Flechettes+1","infinitespire:SealOfDarkness+"],"relics":["Ring of the Snake","DaveBox","Transparent","DianPoetry","aspiration:Nostalgia","m_SlimeRing","Question Card","Ring of the Serpent","Ring of the Serpent","Ring of the Serpent","Ring of the Serpent","Ring of the Serpent","FeatherPendant","FeatherPendant","FeatherPendant","FeatherPendant","FeatherPendant","hubris:Towel","StuffTheSpire:ForceGauntlet","infinitespire:Satchel","Molten Egg 2","ReplayTheSpireMod:Ninjato","DemoMod:MonsterBlood","conspire:GiftBox","ImportantClient","HaiYi:Twilight","StuffTheSpire:GrapeVine","DemoMod:GlassGuonStoneRelic","Basket Of Snakes","Tiny Chest","xbg","Ancient Tea Set","Ornamental Fan","Strange Spoon","ArrowTower","Medical Kit","Shovel","SynthV:MejaisSoulstealer","TungstenRod","Pen Nib","Blue Doll","wanderingMiniBosses:LockLocket","Replay:Baseball","halation:StarCompass","DemoMod:AgedBell","DemoMod:SerJunkan","DemoMod:Junk","ReplayFunnel","SpikesRelics:DaevaFist","ExusiaiGun","Orrery"],"acts_visited":["Exordium","TheCity","TheBeyond"],"potions_floor_usage":[],"damage_taken":[{"damage":7,"enemies":"Small Slimes","floor":1,"turns":1},{"damage":7,"enemies":"2 Louse","floor":4,"turns":1},{"damage":7,"enemies":"Gremlin Nob","floor":6,"turns":1},{"damage":7,"enemies":"Jaw Worm","floor":8,"turns":1},{"damage":14,"enemies":"Lagavulin","floor":12,"turns":2},{"damage":7,"enemies":"Looter","floor":13,"turns":1},{"damage":7,"enemies":"Exordium Wildlife","floor":14,"turns":1},{"damage":16,"enemies":"Fading Forest","floor":16,"turns":2},{"damage":9,"enemies":"Chosen","floor":18,"turns":1},{"damage":24,"enemies":"Shell Parasite","floor":21,"turns":2},{"damage":8,"enemies":"Centurion and Healer","floor":22,"turns":1},{"damage":16,"enemies":"Book of Stabbing","floor":23,"turns":1},{"damage":8,"enemies":"3 Cultists","floor":25,"turns":1},{"damage":8,"enemies":"Gremlin Leader","floor":28,"turns":1},{"damage":8,"enemies":"Snake Plant","floor":31,"turns":1},{"damage":8,"enemies":"Collector","floor":33,"turns":1},{"damage":8,"enemies":"3 Darklings","floor":35,"turns":1},{"damage":14,"enemies":"Mind Bloom Boss Battle","floor":36,"turns":1},{"damage":8,"enemies":"Mind Bloom Boss Battle","floor":36,"turns":1},{"damage":7,"enemies":"Orb Walker","floor":39,"turns":1},{"damage":11,"enemies":"Nemesis","floor":40,"turns":1},{"damage":66,"enemies":"Nightmare_Alpha","floor":42,"turns":3},{"damage":7,"enemies":"Nightmare","floor":48,"turns":1},{"damage":7,"enemies":"Sphere and 2 Shapes","floor":49,"turns":1},{"damage":135,"enemies":"Donu and Deca","floor":52,"turns":1}],"seed_played":"-6383704765772882719","potions_obtained":[{"floor":4,"key":"infinitespire:BlackPotion"},{"floor":6,"key":"LiquidMemories"},{"floor":8,"key":"Strength Potion"}],"is_trial":false,"path_per_floor":["M","?","?","M","?","E","R","M","T","?","R","E","M","M","R_BF","B",null,"M","?","?","M","M","E","R","M","T","AVR","E","$","R","M","R_BF","B",null,"M","?","?","T","M","E","M","M","R","?","T","T","R","M","M","AVR","R","B"],"character_chosen":"THE_SILENT","items_purchased":["Strange Spoon","ArrowTower","Medical Kit","StuffTheSpire:BrimstoneBlast+1","StuffTheSpire:Python"],"campfire_rested":0,"item_purchase_floors":[29,29,29,29,29],"current_hp_per_floor":[74,74,74,74,74,74,74,74,74,74,74,74,74,74,81,85,85,85,79,79,85,85,85,85,85,85,85,85,85,85,85,85,89,89,89,89,89,89,89,89,82,89,89,89,89,89,89,89,89,89,89,0,0],"gold":-362,"neow_bonus":"NOSTALGIA","is_daily":false,"chose_seed":false,"campfire_upgraded":3,"win_rate":0.0,"timestamp":1607796734,"path_taken":["M","?","?","M","?","E","R","?","T","?","R","E","M","M","R_BF","BOSS","M","?","?","?","M","E","R","M","T","AVR","E","?","R","M","R_BF","BOSS","M","?","?","?","M","E","R","?","T","?","R","?","M","AVR","R","BOSS"],"items_purchased_type":["Relic","Relic","Relic","Card","Card"],"build_version":"2020-11-30","purchased_purges":3,"victory":false,"max_hp_per_floor":[74,74,74,74,74,74,74,74,74,74,74,74,74,74,81,85,85,85,85,85,85,85,85,85,85,85,85,85,85,85,85,85,89,89,89,89,89,89,89,89,89,89,89,89,89,89,89,89,89,89,89,89,89],"relic_stats":{"Strange Spoon":[3],"Shovel":4,"counters":[26,31],"Ornamental Fan":[224],"Tiny Chest":1,"Pen Nib":[12],"Question Card":87,"Medical Kit":[0],"obtain_stats":[{"ReplayFunnel":46,"DemoMod:AgedBell":45,"DaveBox":0,"DianPoetry":0,"Blue Doll":40,"DemoMod:GlassGuonStoneRelic":6,"StuffTheSpire:GrapeVine":23,"ExusiaiGun":50,"Ancient Tea Set":27,"halation:StarCompass":44,"m_SlimeRing":0,"Shovel":33,"DemoMod:MonsterBlood":15,"Tiny Chest":26,"wanderingMiniBosses:LockLocket":42,"Ring of the Snake":0,"ImportantClient":16,"DemoMod:Junk":46,"ReplayTheSpireMod:Ninjato":12,"SynthV:MejaisSoulstealer":34,"aspiration:Nostalgia":0,"StuffTheSpire:ForceGauntlet":6,"Basket Of Snakes":26,"Pen Nib":38,"hubris:Towel":2,"Question Card":1,"Medical Kit":29,"Strange Spoon":29,"conspire:GiftBox":16,"Replay:Baseball":43,"Transparent":0,"HaiYi:Twilight":17,"FeatherPendant":2,"Ornamental Fan":28,"infinitespire:Satchel":9,"Orrery":50,"Molten Egg 2":9,"DemoMod:SerJunkan":45,"SpikesRelics:DaevaFist":49,"xbg":27,"ArrowTower":29,"Ring of the Serpent":2,"TungstenRod":36},{"ReplayFunnel":23,"DemoMod:AgedBell":23,"DaveBox":0,"DianPoetry":0,"Blue Doll":21,"DemoMod:GlassGuonStoneRelic":3,"StuffTheSpire:GrapeVine":12,"ExusiaiGun":25,"Ancient Tea Set":13,"halation:StarCompass":23,"m_SlimeRing":0,"Shovel":16,"DemoMod:MonsterBlood":7,"Tiny Chest":13,"wanderingMiniBosses:LockLocket":23,"Ring of the Snake":0,"ImportantClient":8,"DemoMod:Junk":23,"ReplayTheSpireMod:Ninjato":5,"SynthV:MejaisSoulstealer":16,"aspiration:Nostalgia":0,"StuffTheSpire:ForceGauntlet":3,"Basket Of Snakes":13,"Pen Nib":19,"hubris:Towel":1,"Question Card":1,"Medical Kit":14,"Strange Spoon":14,"conspire:GiftBox":8,"Replay:Baseball":23,"Transparent":0,"HaiYi:Twilight":8,"FeatherPendant":1,"Ornamental Fan":14,"infinitespire:Satchel":4,"Orrery":25,"Molten Egg 2":4,"DemoMod:SerJunkan":23,"SpikesRelics:DaevaFist":25,"xbg":13,"ArrowTower":14,"Ring of the Serpent":1,"TungstenRod":19},{"ReplayFunnel":28,"DemoMod:AgedBell":28,"DaveBox":0,"DianPoetry":0,"Blue Doll":24,"DemoMod:GlassGuonStoneRelic":3,"StuffTheSpire:GrapeVine":15,"ExusiaiGun":30,"Ancient Tea Set":16,"halation:StarCompass":28,"m_SlimeRing":0,"Shovel":19,"DemoMod:MonsterBlood":8,"Tiny Chest":16,"wanderingMiniBosses:LockLocket":28,"Ring of the Snake":0,"ImportantClient":10,"DemoMod:Junk":28,"ReplayTheSpireMod:Ninjato":6,"SynthV:MejaisSoulstealer":19,"aspiration:Nostalgia":0,"StuffTheSpire:ForceGauntlet":3,"Basket Of Snakes":16,"Pen Nib":22,"hubris:Towel":1,"Question Card":1,"Medical Kit":17,"Strange Spoon":17,"conspire:GiftBox":10,"Replay:Baseball":28,"Transparent":0,"HaiYi:Twilight":10,"FeatherPendant":1,"Ornamental Fan":17,"infinitespire:Satchel":4,"Orrery":30,"Molten Egg 2":4,"DemoMod:SerJunkan":28,"SpikesRelics:DaevaFist":30,"xbg":16,"ArrowTower":17,"Ring of the Serpent":1,"TungstenRod":22}],"TungstenRod":14,"Ring of the Snake":[52]},"card_choices":[{"not_picked":["MostiFishMod:PreservedThorns","Flechettes","PiercingWail+1"],"picked":"SKIP","floor":1},{"not_picked":["Bane+1","Quick Slash+1","StuffTheSpire:Python+1"],"picked":"Dagger Spray","floor":4},{"not_picked":["Distraction","MostiFishMod:HiddenBlade","Blade Dance"],"picked":"Flechettes+1","floor":6},{"not_picked":["ReplayTheSpireMod:Shiv Toss+1","Flechettes+1","StuffTheSpire:Injection"],"picked":"Phantasmal Killer","floor":6},{"not_picked":["Backstab","Blade Dance","PiercingWail"],"picked":"jedi:collectorvenom","floor":8},{"not_picked":["StuffTheSpire:Injection+1","MostiFishMod:PoisonShield","Night Terror"],"picked":"Choke+1","floor":12},{"not_picked":["StuffTheSpire:BumpUp+1","Tools of the Trade","Sucker Punch+1"],"picked":"Bane+1","floor":12},{"not_picked":["Replay:Poison Smokescreen","ShadowRift+1","hubris:SlightOfHand"],"picked":"MostiFishMod:PreservedThorns","floor":13},{"not_picked":["Reflex+1","StuffTheSpire:Repulse","Quick Slash+1"],"picked":"StuffTheSpire:ClusterCrunch+1","floor":14},{"not_picked":["MostiFishMod:ShivMaster","Phantasmal Killer","StuffTheSpire:FinalStruggle+1"],"picked":"Adrenaline","floor":16},{"not_picked":["StuffTheSpire:FinalStruggle+1","MostiFishMod:Dislodge","MostiFishMod:VineMother"],"picked":"Atom Bomb+1","floor":16},{"not_picked":["StuffTheSpire:MirrorStance+1","Sucker Punch+1","Cloak And Dagger+1"],"picked":"StuffTheSpire:BumpUp+1","floor":18},{"not_picked":["StuffTheSpire:MirrorStance","StuffTheSpire:Shiver","MostiFishMod:PreservedThorns"],"picked":"PiercingWail","floor":21},{"not_picked":["Hidden Blade+1","StuffTheSpire:Python","PiercingWail+1"],"picked":"Bane+1","floor":22},{"not_picked":["Deadly Poison","Cloak And Dagger","Setup+1"],"picked":"Bullet Time","floor":23},{"not_picked":["Prepared","conspire:DoublingDagger","MostiFishMod:PerfectParry+1","Bane+1"],"picked":"SKIP","floor":25},{"not_picked":["Sucker Punch+1","Escape Plan+1","Flying Knee+1","StuffTheSpire:ReptileScales"],"picked":"SKIP","floor":28},{"not_picked":["Well Laid Plans","Accuracy","Backflip"],"picked":"Poisoned Stab+1","floor":31},{"not_picked":["Replay:Bag of Tricks","Corpse Explosion","MostiFishMod:Dislodge"],"picked":"Glass Knife+1","floor":33},{"not_picked":["ReplayTheSpireMod:Tripwire+1","StuffTheSpire:Python+1","infinitespire:Neurotoxin","hubris:SlightOfHand"],"picked":"SKIP","floor":35},{"not_picked":["StuffTheSpire:Injection+1","Bane+1","Deadly Poison+1"],"picked":"Finisher+1","floor":39},{"not_picked":["Grand Finale+1","hubris:SlightOfHand+1","Dagger Spray+1"],"picked":"Riddle With Holes+1","floor":40},{"not_picked":["Quick Slash+1","Outmaneuver+1","StuffTheSpire:Injection+1","Prepared+1"],"picked":"SKIP","floor":42},{"not_picked":["StuffTheSpire:BumpUp+1","Slice+1","Endless Agony+1"],"picked":"Flechettes+1","floor":48},{"not_picked":["ReplayTheSpireMod:Tripwire+1","Hidden Blade","Footwork+1","Backstab+1"],"picked":"SKIP","floor":49}],"player_experience":294579,"relics_obtained":[{"floor":1,"key":"Question Card"},{"floor":6,"key":"StuffTheSpire:ForceGauntlet"},{"floor":9,"key":"infinitespire:Satchel"},{"floor":9,"key":"Molten Egg 2"},{"floor":12,"key":"ReplayTheSpireMod:Ninjato"},{"floor":15,"key":"DemoMod:MonsterBlood"},{"floor":16,"key":"conspire:GiftBox"},{"floor":16,"key":"ImportantClient"},{"floor":23,"key":"StuffTheSpire:GrapeVine"},{"floor":26,"key":"Basket Of Snakes"},{"floor":26,"key":"Tiny Chest"},{"floor":28,"key":"Ornamental Fan"},{"floor":33,"key":"Shovel"},{"floor":36,"key":"TungstenRod"},{"floor":38,"key":"Pen Nib"},{"floor":40,"key":"Blue Doll"},{"floor":42,"key":"wanderingMiniBosses:LockLocket"},{"floor":43,"key":"Replay:Baseball"},{"floor":45,"key":"DemoMod:AgedBell"},{"floor":45,"key":"DemoMod:SerJunkan"},{"floor":46,"key":"DemoMod:Junk"},{"floor":46,"key":"ReplayFunnel"},{"floor":47,"key":"DemoMod:Junk"},{"floor":49,"key":"SpikesRelics:DaevaFist"},{"floor":51,"key":"DemoMod:Junk"}],"event_choices":[{"damage_healed":0,"gold_gain":0,"player_choice":"Ignored","damage_taken":0,"max_hp_gain":0,"max_hp_loss":0,"event_name":"Shining Light","floor":3,"gold_loss":0},{"damage_healed":0,"gold_gain":0,"player_choice":"Joined the Cult","damage_taken":6,"max_hp_gain":0,"max_hp_loss":0,"event_name":"Nest","floor":19,"gold_loss":0,"cards_obtained":["RitualDagger"]},{"damage_healed":0,"gold_gain":0,"player_choice":"Cursed","damage_taken":0,"max_hp_gain":0,"max_hp_loss":0,"event_name":"Wheel of Change","floor":20,"gold_loss":0,"cards_obtained":["Decay"]},{"damage_healed":0,"gold_gain":0,"player_choice":"Fight","damage_taken":0,"max_hp_gain":0,"max_hp_loss":0,"event_name":"MindBloom","floor":36,"gold_loss":0},{"damage_healed":0,"gold_gain":0,"player_choice":"Ignored","damage_taken":0,"max_hp_gain":0,"max_hp_loss":0,"event_name":"NoteForYourself","floor":37,"gold_loss":0}],"is_beta":false,"boss_relics":[{"not_picked":["aspiration:SecretTechniqueScroll","ChewingGum"],"picked":"HaiYi:Twilight"},{"not_picked":["aspiration:PoetsPen_weak","halation:Risk"],"picked":"SynthV:MejaisSoulstealer"}],"items_purged_floors":[27,29,50],"is_endless":true,"potions_floor_spawned":[8,13,14,25,28,31,36,39,48],"killed_by":"Donu and Deca","ascension_level":-20}}