{"host":"woah5shdh5xsovm3","time":1607742684,"event":{"mods":["BaseMod","BetterRewards","Downfall","Hermit","Hubris","Infinite Spire","Koishi","Marisa????????","Minty Spire (QoL Compilation)","Remilia??????","Replay The Spire","Shop Mod","StSLib","SuperFastMode","The Animator","The Bug Knight","The Construct","The Cursed","The Disciple","The Hierophant","The Necromancer","The Poker Player","The Runesmith","The Servant 0.9.4"],"gold_per_floor":[111,111,128,146,221,221,247,257,281,281,299,299,331,331,331,331,331],"floor_reached":16,"playtime":496,"items_purged":[],"score":135,"play_id":"5aa62b5a-5b60-4add-88eb-c7b60a500b9a","local_time":"20201211211124","is_ascension_mode":false,"campfire_choices":[{"data":"hermit:Showdown","floor":6,"key":"SMITH"},{"data":"hermit:HighNoon","floor":12,"key":"SMITH"},{"floor":15,"key":"REST"}],"circlet_count":0,"master_deck":["hermit:Strike_Hermit","hermit:Strike_Hermit","hermit:Strike_Hermit","hermit:Strike_Hermit","hermit:Defend_Hermit","hermit:Defend_Hermit","hermit:Defend_Hermit","hermit:Snapshot","hermit:Covet","hermit:Showdown+1","hermit:HighNoon+1","hermit:Snipe+1","Regret","hermit:HighCaliber+1"],"relics":["hermit:Momento","NeowsBlessing","Ancient Tea Set","Replay:Mystery Machine","HollowMod:PaleOreRelic","Gremlin Food"],"acts_visited":["Exordium"],"potions_floor_usage":[8,16],"damage_taken":[{"damage":0,"enemies":"Small Slimes","floor":1,"turns":1},{"damage":0,"enemies":"Cultist","floor":3,"turns":1},{"damage":0,"enemies":"Jaw Worm","floor":4,"turns":1},{"damage":0,"enemies":"HollowMod:MossKnight","floor":7,"turns":4},{"damage":0,"enemies":"2 Fungi Beasts","floor":8,"turns":2},{"damage":10,"enemies":"Looter","floor":11,"turns":3},{"damage":25,"enemies":"3 Sentries","floor":13,"turns":7},{"damage":53,"enemies":"The Guardian","floor":16,"turns":8}],"seed_played":"-5357732317867358762","potions_obtained":[{"floor":3,"key":"DuplicationPotion"},{"floor":7,"key":"Explosive Potion"},{"floor":8,"key":"hermit:Eclipse"}],"is_trial":false,"path_per_floor":["M","?","M","M","?","R","E","M","T","?","M","R","E","?","R","B"],"character_chosen":"HERMIT","items_purchased":[],"campfire_rested":1,"item_purchase_floors":[],"current_hp_per_floor":[75,75,75,75,64,64,64,64,64,64,54,54,29,29,51,0,0],"gold":331,"neow_bonus":"THREE_ENEMY_KILL","is_daily":false,"chose_seed":false,"campfire_upgraded":2,"win_rate":0.0,"timestamp":1607742684,"path_taken":["M","?","M","?","?","R","E","M","T","?","M","R","E","?","R","BOSS"],"items_purchased_type":[],"build_version":"2020-11-30","purchased_purges":0,"victory":false,"max_hp_per_floor":[75,75,75,75,75,75,75,75,75,75,75,75,75,75,75,75,75],"card_choices":[{"not_picked":["hermit:Desperado","hermit:SprayPray"],"picked":"hermit:Showdown","floor":1},{"not_picked":["hermit:Midnight","hermit:Feint","hermit:SprayPray"],"picked":"SKIP","floor":3},{"not_picked":["hermit:Snipe","hermit:Desperado"],"picked":"hermit:HighNoon","floor":4},{"not_picked":["hermit:Determination","hermit:Snipe","hermit:Roulette"],"picked":"SKIP","floor":7},{"not_picked":["hermit:Determination","hermit:Roulette"],"picked":"hermit:Snipe","floor":7},{"not_picked":["hermit:Virtue","hermit:Grudge","hermit:Quickdraw"],"picked":"SKIP","floor":8},{"not_picked":["hermit:DeadOrAlive","hermit:Dive","hermit:HoleUp"],"picked":"SKIP","floor":11},{"not_picked":["hermit:Gestalt","hermit:RoundhouseKick"],"picked":"hermit:HighCaliber","floor":13}],"player_experience":389669,"relics_obtained":[{"floor":7,"key":"Ancient Tea Set"},{"floor":9,"key":"Replay:Mystery Machine"},{"floor":13,"key":"Gremlin Food"}],"event_choices":[{"cards_removed":["hermit:Defend_Hermit"],"damage_healed":0,"gold_gain":0,"player_choice":"Purged","damage_taken":0,"max_hp_gain":0,"max_hp_loss":0,"event_name":"Purifier","floor":2,"gold_loss":0},{"damage_healed":0,"gold_gain":75,"player_choice":"Gather Gold","damage_taken":11,"max_hp_gain":0,"max_hp_loss":0,"event_name":"World of Goop","floor":5,"gold_loss":0},{"damage_healed":0,"gold_gain":0,"player_choice":"Box","damage_taken":0,"relics_obtained":["HollowMod:PaleOreRelic"],"max_hp_gain":0,"max_hp_loss":0,"event_name":"Big Fish","floor":10,"gold_loss":0,"cards_obtained":["Regret"]}],"is_beta":false,"boss_relics":[],"items_purged_floors":[],"is_endless":false,"potions_floor_spawned":[3,7,8],"killed_by":"The Guardian","ascension_level":0}}