{"host":"0oumjlzv5vsa909w","time":1607759132,"event":{"mods":["AchievementEnabler","BaseMod","Colored Map","Colored Powertips","DeckTracker","Minty Spire (QoL Compilation)","Quick Restart","StSLib","SuperFastMode"],"gold_per_floor":[119,137,137,152,152,179,195,195,245,277,277,277,287,302,302,302,302],"floor_reached":16,"playtime":248,"items_purged":[],"score":162,"play_id":"1643950a-690c-4ef9-ba8b-34ff953fa668","local_time":"20201212164532","is_ascension_mode":true,"campfire_choices":[{"data":"Armaments","floor":8,"key":"SMITH"},{"data":"Flex","floor":11,"key":"SMITH"},{"data":"Pommel Strike","floor":15,"key":"SMITH"}],"circlet_count":0,"master_deck":["Strike_R","Strike_R","Strike_R","Strike_R","Defend_R","Defend_R","Defend_R","Defend_R","Bash","Whirlwind+1","Sword Boomerang","Shrug It Off","Armaments+1","Flex+1","Pommel Strike+1"],"relics":["Burning Blood","NeowsBlessing","Gremlin Horn","Art of War","Smiling Mask","Strawberry"],"acts_visited":["Exordium"],"potions_floor_usage":[6,10,16,16],"damage_taken":[{"damage":0,"enemies":"2 Louse","floor":1,"turns":1},{"damage":0,"enemies":"Cultist","floor":2,"turns":1},{"damage":0,"enemies":"Small Slimes","floor":4,"turns":1},{"damage":15,"enemies":"3 Sentries","floor":6,"turns":3},{"damage":4,"enemies":"Looter","floor":7,"turns":4},{"damage":22,"enemies":"Lagavulin","floor":10,"turns":6},{"damage":23,"enemies":"Exordium Thugs","floor":13,"turns":3},{"damage":4,"enemies":"2 Fungi Beasts","floor":14,"turns":2},{"damage":46,"enemies":"Hexaghost","floor":16,"turns":7}],"seed_played":"2267696459304651306","potions_obtained":[{"floor":2,"key":"SkillPotion"},{"floor":7,"key":"Fire Potion"},{"floor":13,"key":"AttackPotion"},{"floor":14,"key":"BlessingOfTheForge"}],"is_trial":false,"path_per_floor":["M","M","?","M","?","E","M","R","T","E","R","?","M","M","R","B"],"character_chosen":"IRONCLAD","items_purchased":[],"campfire_rested":0,"item_purchase_floors":[],"current_hp_per_floor":[78,80,80,80,73,64,66,66,66,57,57,57,40,42,42,0,0],"gold":302,"neow_bonus":"THREE_ENEMY_KILL","is_daily":false,"chose_seed":false,"campfire_upgraded":3,"win_rate":0.0,"timestamp":1607759132,"path_taken":["M","M","?","?","?","E","M","R","T","E","R","?","M","M","R","BOSS"],"items_purchased_type":[],"build_version":"2020-11-30","purchased_purges":0,"victory":false,"max_hp_per_floor":[80,80,80,80,80,80,80,80,80,87,87,87,87,87,87,87,87],"card_choices":[{"not_picked":["Havoc","Body Slam"],"picked":"Whirlwind","floor":1},{"not_picked":["True Grit","Metallicize"],"picked":"Sword Boomerang","floor":2},{"not_picked":["Perfected Strike","Corruption"],"picked":"Shrug It Off","floor":4},{"not_picked":["Anger","Rage"],"picked":"Armaments","floor":6},{"not_picked":["Clothesline","Fire Breathing"],"picked":"Flex","floor":7},{"not_picked":["Whirlwind","Thunderclap"],"picked":"Pommel Strike","floor":10},{"not_picked":["Twin Strike","Reckless Charge","Clash"],"picked":"SKIP","floor":13},{"not_picked":["Clash","Wild Strike","Rupture"],"picked":"SKIP","floor":14}],"player_experience":456755,"relics_obtained":[{"floor":6,"key":"Art of War"},{"floor":9,"key":"Smiling Mask"},{"floor":10,"key":"Strawberry"}],"event_choices":[{"damage_healed":0,"gold_gain":0,"player_choice":"Upgraded","damage_taken":0,"max_hp_gain":0,"max_hp_loss":0,"event_name":"Upgrade Shrine","floor":3,"gold_loss":0,"cards_upgraded":["Whirlwind"]},{"damage_healed":0,"gold_gain":0,"player_choice":"Success","damage_taken":7,"relics_obtained":["Gremlin Horn"],"max_hp_gain":0,"max_hp_loss":0,"event_name":"Scrap Ooze","floor":5,"gold_loss":0},{"cards_removed":["Strike_R"],"damage_healed":0,"gold_gain":0,"player_choice":"Purged","damage_taken":0,"max_hp_gain":0,"max_hp_loss":0,"event_name":"Purifier","floor":12,"gold_loss":0}],"is_beta":false,"boss_relics":[],"items_purged_floors":[],"is_endless":false,"potions_floor_spawned":[2,7,13,14],"killed_by":"Hexaghost","ascension_level":9}}