{"host":"e8rlfedn69rz2s07","time":1607817493,"event":{"mods":["AchievementEnabler","BaseMod","Minty Spire (QoL Compilation)","Permanent Neow","Relic Stats"],"gold_per_floor":[116,116,135,135,135,135,60,86,86,111,146,165,165,201,201,326,326,340,375,375,375,375,375,418,418,418,431,450,484,484,497,497,621,621,636,636,656,243,267,267,291,13,40,40,73,92,92,105,105,105,105,105,8,49,49],"floor_reached":56,"playtime":2072,"items_purged":["Strike_R","Regret","Regret"],"score":1841,"play_id":"a17cb5bb-3820-4f82-9c9c-648f6c39ca2e","local_time":"20201213015813","is_ascension_mode":true,"campfire_choices":[{"data":"Rampage","floor":6.0,"key":"SMITH"},{"data":"Armaments","floor":13.0,"key":"SMITH"},{"data":"Spot Weakness","floor":15.0,"key":"SMITH"},{"data":"Offering","floor":23,"key":"SMITH"},{"data":"Burning Pact","floor":25,"key":"SMITH"},{"data":"Double Tap","floor":30,"key":"SMITH"},{"data":"Defend_R","floor":32,"key":"SMITH"},{"floor":40,"key":"RECALL"},{"floor":44,"key":"REST"},{"floor":49,"key":"REST"},{"floor":52,"key":"REST"}],"circlet_count":0,"master_deck":["AscendersBane","Strike_R","Strike_R","Defend_R+1","Defend_R","Defend_R","Defend_R","Bash+1","Headbutt","Rampage+1","Pommel Strike","Armaments+1","Spot Weakness+1","Offering+1","Sword Boomerang+1","Second Wind","Feed+1","Burning Pact+1","Double Tap+1","Feel No Pain+1","Reaper+1","Armaments+1","Shrug It Off","Fiend Fire+1","Feel No Pain","Uppercut+1","Spot Weakness+1","Heavy Blade+1","Shrug It Off+1","Disarm+1","Offering+1","Flame Barrier+1"],"relics":["Burning Blood","Golden Idol","Art of War","Thread and Needle","Blood Vial","StoneCalendar","Darkstone Periapt","Charon\u0027s Ashes","Cursed Key","Red Mask","Molten Egg 2","Bird Faced Urn","Lantern","Bronze Scales","Fusion Hammer","StrikeDummy","Membership Card","Potion Belt","Omamori","DollysMirror","Toxic Egg 2","Pen Nib","Red Skull"],"acts_visited":["Exordium","TheCity","TheBeyond","TheEnding"],"potions_floor_usage":[28,33,50,55,55,55,55,55,55,55],"damage_taken":[{"damage":0.0,"enemies":"Small Slimes","floor":1.0,"turns":3.0},{"damage":3.0,"enemies":"2 Louse","floor":3.0,"turns":4.0},{"damage":0.0,"enemies":"Jaw Worm","floor":10.0,"turns":4.0},{"damage":28.0,"enemies":"Lagavulin","floor":11.0,"turns":5.0},{"damage":0.0,"enemies":"Blue Slaver","floor":12.0,"turns":4.0},{"damage":25.0,"enemies":"Gremlin Nob","floor":14.0,"turns":4.0},{"damage":27.0,"enemies":"Hexaghost","floor":16.0,"turns":7.0},{"damage":14.0,"enemies":"2 Thieves","floor":18.0,"turns":3.0},{"damage":12,"enemies":"Masked Bandits","floor":19,"turns":3},{"damage":15,"enemies":"Slavers","floor":24,"turns":5},{"damage":6,"enemies":"Spheric Guardian","floor":27,"turns":3},{"damage":15,"enemies":"Cultist and Chosen","floor":28,"turns":5},{"damage":16,"enemies":"Gremlin Leader","floor":29,"turns":7},{"damage":14,"enemies":"Centurion and Healer","floor":31,"turns":4},{"damage":31,"enemies":"Collector","floor":33,"turns":6},{"damage":23,"enemies":"3 Darklings","floor":35,"turns":4},{"damage":0,"enemies":"Orb Walker","floor":37,"turns":3},{"damage":37,"enemies":"Maw","floor":39,"turns":8},{"damage":43,"enemies":"Reptomancer","floor":45,"turns":5},{"damage":28,"enemies":"Sphere and 2 Shapes","floor":46,"turns":2},{"damage":25,"enemies":"Writhing Mass","floor":48,"turns":4},{"damage":84,"enemies":"Donu and Deca","floor":50,"turns":7},{"damage":42,"enemies":"Shield and Spear","floor":54,"turns":7},{"damage":79,"enemies":"The Heart","floor":55,"turns":7}],"seed_played":"-9141239169126802306","potions_obtained":[{"floor":3.0,"key":"SmokeBomb"},{"floor":11.0,"key":"Energy Potion"},{"floor":12.0,"key":"BlessingOfTheForge"},{"floor":24,"key":"AttackPotion"},{"floor":28,"key":"SkillPotion"},{"floor":35,"key":"Explosive Potion"},{"floor":37,"key":"Block Potion"},{"floor":46,"key":"PowerPotion"},{"floor":47,"key":"EntropicBrew"}],"is_trial":false,"path_per_floor":["M","?","M","?","T","R","$","T","T","M","E","M","R","E","R","B",null,"M","?","T","?","?","R","E","R","T","M","M","E","R","M","R","B",null,"M","?","M","$","M","R","T","$","T","R","E","M","?","M","R","B",null,"R","$","E","B",null],"character_chosen":"IRONCLAD","items_purchased":["Membership Card","Potion Belt","PowerPotion","Shrug It Off","Fiend Fire+1","Feel No Pain","DollysMirror","Heavy Blade+1","Toxic Egg 2","Offering+1","Strength Potion"],"campfire_rested":3,"item_purchase_floors":[38,38,38,38,38,38,42,42,42,53,53],"current_hp_per_floor":[78,74,74,71,71,71,71,71,71,74,52,60,60,43,43,24,62,56,52,58,58,58,58,55,55,61,63,60,52,52,50,50,29,81,99,99,102,102,82,82,88,88,88,108,79,81,81,66,99,25,90,112,112,78,15],"gold":49,"neow_bonus":"UPGRADE_CARD","is_daily":false,"chose_seed":false,"campfire_upgraded":7,"win_rate":0.0,"timestamp":1607817493,"path_taken":["M","?","M","?","?","R","$","?","T","M","E","M","R","E","R","BOSS","M","?","?","?","?","R","E","R","T","M","M","E","R","?","R","BOSS","M","?","M","?","M","R","?","$","T","R","E","?","?","?","R","BOSS","R","$","E","BOSS"],"items_purchased_type":["Relic","Relic","Potion","Card","Card","Card","Relic","Card","Relic","Card","Potion"],"build_version":"2020-11-30","purchased_purges":3,"victory":true,"max_hp_per_floor":[80,74,74,74,74,74,74,74,74,74,74,74,74,74,74,74,74,74,74,80,80,80,80,84,84,90,90,94,94,94,98,98,98,98,102,102,102,102,102,102,108,108,108,108,108,112,112,112,112,112,112,112,112,112,112],"relic_stats":{"Darkstone Periapt":18,"counters":[24,114],"Golden Idol":197,"StoneCalendar":[102],"Charon\u0027s Ashes":[363],"Pen Nib":[5],"Cursed Key":4,"Burning Blood":131,"Blood Vial":36,"Bird Faced Urn":[24],"Bronze Scales":[240],"Art of War":[6],"obtain_stats":[{"Darkstone Periapt":11,"Potion Belt":38,"Lantern":26,"Golden Idol":2,"Thread and Needle":5,"StoneCalendar":9,"Charon\u0027s Ashes":14,"Pen Nib":45,"Omamori":41,"Cursed Key":17,"Burning Blood":0,"Blood Vial":8,"DollysMirror":42,"Bird Faced Urn":24,"Bronze Scales":29,"Molten Egg 2":20,"Fusion Hammer":34,"Art of War":4,"Red Mask":19,"Membership Card":38,"Toxic Egg 2":42,"StrikeDummy":36,"Red Skull":54},{"Darkstone Periapt":4,"Potion Belt":17,"Lantern":10,"Golden Idol":1,"Thread and Needle":2,"StoneCalendar":2,"Charon\u0027s Ashes":6,"Pen Nib":19,"Omamori":18,"Cursed Key":7,"Burning Blood":0,"Blood Vial":2,"DollysMirror":18,"Bird Faced Urn":10,"Bronze Scales":13,"Molten Egg 2":9,"Fusion Hammer":15,"Art of War":2,"Red Mask":9,"Membership Card":17,"Toxic Egg 2":18,"StrikeDummy":16,"Red Skull":23},{"Darkstone Periapt":16,"Potion Belt":74,"Lantern":42,"Golden Idol":3,"Thread and Needle":7,"StoneCalendar":7,"Charon\u0027s Ashes":24,"Pen Nib":87,"Omamori":82,"Cursed Key":31,"Burning Blood":0,"Blood Vial":7,"DollysMirror":82,"Bird Faced Urn":42,"Bronze Scales":57,"Molten Egg 2":37,"Fusion Hammer":67,"Art of War":7,"Red Mask":37,"Membership Card":74,"Toxic Egg 2":82,"StrikeDummy":71,"Red Skull":107}]},"card_choices":[{"not_picked":["Perfected Strike","Ghostly Armor"],"picked":"Headbutt","floor":1.0},{"not_picked":["Warcry","Body Slam"],"picked":"Rampage","floor":3.0},{"not_picked":["Sever Soul","Sword Boomerang","Havoc"],"picked":"SKIP","floor":10.0},{"not_picked":["Bludgeon","Warcry"],"picked":"Pommel Strike","floor":11.0},{"not_picked":["Sentinel","Reckless Charge"],"picked":"Armaments","floor":12.0},{"not_picked":["Intimidate","Second Wind"],"picked":"Spot Weakness","floor":14.0},{"not_picked":["Double Tap","Berserk"],"picked":"Offering","floor":16.0},{"not_picked":["Bloodletting+1","Sever Soul","Twin Strike"],"picked":"SKIP","floor":18.0},{"not_picked":["Warcry","Thunderclap"],"picked":"Sword Boomerang+1","floor":19},{"not_picked":["Anger+1","Wild Strike+1"],"picked":"Burning Pact","floor":24},{"not_picked":["Iron Wave+1","Heavy Blade+1"],"picked":"Double Tap","floor":27},{"not_picked":["Armaments+1","Evolve","Body Slam+1"],"picked":"SKIP","floor":28},{"not_picked":["Warcry","Twin Strike+1","Perfected Strike+1"],"picked":"SKIP","floor":29},{"not_picked":["Sever Soul+1","Perfected Strike+1"],"picked":"Feel No Pain+1","floor":31},{"not_picked":["Impervious","Brutality"],"picked":"Reaper+1","floor":33},{"not_picked":["Blood for Blood+1","Wild Strike+1"],"picked":"Armaments+1","floor":35},{"not_picked":["Pommel Strike+1","Hemokinesis+1","Entrench+1"],"picked":"SKIP","floor":37},{"not_picked":["Sword Boomerang+1","Intimidate+1"],"picked":"Uppercut+1","floor":39},{"not_picked":["Infernal Blade+1","Armaments+1"],"picked":"Shrug It Off+1","floor":45},{"not_picked":["Havoc+1","Clothesline+1","Thunderclap+1"],"picked":"SKIP","floor":46},{"not_picked":["Sever Soul+1","Iron Wave+1"],"picked":"Disarm+1","floor":48},{"not_picked":["Iron Wave+1","Intimidate+1"],"picked":"Flame Barrier+1","floor":54}],"player_experience":698720,"relics_obtained":[{"floor":5.0,"key":"Thread and Needle"},{"floor":8.0,"key":"Blood Vial"},{"floor":9.0,"key":"StoneCalendar"},{"floor":11.0,"key":"Darkstone Periapt"},{"floor":14.0,"key":"Charon\u0027s Ashes"},{"floor":19,"key":"Red Mask"},{"floor":20,"key":"Molten Egg 2"},{"floor":24,"key":"Bird Faced Urn"},{"floor":26,"key":"Lantern"},{"floor":29,"key":"Bronze Scales"},{"floor":41,"key":"Omamori"},{"floor":45,"key":"Pen Nib"},{"floor":54,"key":"Red Skull"}],"event_choices":[{"damage_healed":0.0,"max_hp_gain":0.0,"max_hp_loss":6.0,"gold_gain":0.0,"event_name":"Golden Idol","player_choice":"Lose Max HP","floor":2.0,"gold_loss":0.0,"damage_taken":0.0,"relics_obtained":["Golden Idol"]},{"damage_healed":0.0,"max_hp_gain":0.0,"max_hp_loss":0.0,"gold_gain":0.0,"event_name":"Scrap Ooze","player_choice":"Success","floor":4.0,"gold_loss":0.0,"damage_taken":3.0,"relics_obtained":["Art of War"]},{"damage_healed":0,"gold_gain":0,"player_choice":"Fought Bandits","damage_taken":0,"max_hp_gain":0,"max_hp_loss":0,"event_name":"Masked Bandits","floor":19,"gold_loss":0},{"damage_healed":0,"gold_gain":0,"cards_transformed":["Strike_R","Strike_R"],"player_choice":"Became Test Subject","damage_taken":0,"max_hp_gain":0,"max_hp_loss":0,"event_name":"Drug Dealer","floor":21,"gold_loss":0,"cards_obtained":["Second Wind","Feed"]},{"cards_removed":["Regret"],"damage_healed":0,"gold_gain":0,"player_choice":"Purged","damage_taken":0,"max_hp_gain":0,"max_hp_loss":0,"event_name":"Purifier","floor":22,"gold_loss":0},{"damage_healed":0,"gold_gain":0,"player_choice":"Gave Potion","damage_taken":0,"relics_obtained":["StrikeDummy"],"max_hp_gain":0,"max_hp_loss":0,"event_name":"WeMeetAgain","floor":36,"gold_loss":0},{"damage_healed":0,"gold_gain":0,"player_choice":"Got Potions","damage_taken":0,"max_hp_gain":0,"max_hp_loss":0,"event_name":"Lab","floor":47,"gold_loss":0}],"is_beta":false,"boss_relics":[{"not_picked":["Astrolabe","Busted Crown"],"picked":"Cursed Key"},{"not_picked":["Velvet Choker","SlaversCollar"],"picked":"Fusion Hammer"}],"items_purged_floors":[7,38,42],"is_endless":false,"potions_floor_spawned":[3,11,12,24,27,28,29,35,37,46,48],"ascension_level":11}}