{"host":"n529wyrjhujcvty3","time":1607770754,"event":{"mods":["Act Like it!","BaseMod","Better Third Choice","Marisa¡]Ãú«B¡@Å]²z¨F¡^","Minty Spire (QoL Compilation)","Shop Mod","StSLib","The Runesmith"],"gold_per_floor":[117,127,143,93,93,93,114,114,141,12,45,45,45,70,70,231,231,286,73,73,98,144,175,187,26,26,77,77,133,133,183,183,342,342,363,288,288,288],"floor_reached":37,"playtime":3173,"items_purged":["DarkSpark"],"score":431,"play_id":"8d74a4eb-6c37-466f-8011-aadbd7d3648c","local_time":"20201212185914","is_ascension_mode":false,"campfire_choices":[{"data":"BlazeAway","floor":6.0,"key":"SMITH"},{"data":"PulseMagic","floor":8.0,"key":"SMITH"},{"data":"WitchOfGreed","floor":15.0,"key":"SMITH"},{"floor":24.0,"key":"REST"},{"data":"Apotheosis","floor":28.0,"key":"SMITH"},{"data":"RitualDagger","floor":32.0,"key":"SMITH"}],"circlet_count":0,"master_deck":["MasterSpark","UpSweep","ChargeUpSpray","BlazeAway+1","PulseMagic+1","SporeBomb","DeepEcoloBomb","Acceleration","WitchOfGreed+1","ChargeUpSpray","Orbital","TreasureHunter","PowerUp+1","EarthLightRay","EventHorizon","Apotheosis+1","MachineGunSpark+1","RitualDagger+1","EnergyFlow+1","UltimateShortwave","OrrerysSun","PowerUp","UltimateShortwave","OortCloud","UnstableBomb"],"relics":["MiniHakkero","NeowsBlessing","Golden Idol","Ancient Tea Set","SacredBark","Medical Kit","MawBank","Lantern","White Beast Statue","Pandora\u0027s Box"],"acts_visited":["Exordium","TheCity","TheBeyond"],"potions_floor_usage":[33,33,33],"damage_taken":[{"damage":0.0,"enemies":"Cultist","floor":1.0,"turns":1.0},{"damage":0.0,"enemies":"2 Louse","floor":2.0,"turns":1.0},{"damage":0.0,"enemies":"Jaw Worm","floor":3.0,"turns":1.0},{"damage":6.0,"enemies":"Large Slime","floor":7.0,"turns":6.0},{"damage":16.0,"enemies":"Red Slaver","floor":11.0,"turns":4.0},{"damage":7.0,"enemies":"Blue Slaver","floor":14.0,"turns":3.0},{"damage":0.0,"enemies":"Hexaghost","floor":16.0,"turns":5.0},{"damage":19.0,"enemies":"Spheric Guardian","floor":18.0,"turns":4.0},{"damage":0.0,"enemies":"Chosen","floor":21.0,"turns":2.0},{"damage":31.0,"enemies":"Sentry and Sphere","floor":22.0,"turns":5.0},{"damage":59.0,"enemies":"Gremlin Leader","floor":23.0,"turns":6.0},{"damage":9.0,"enemies":"Centurion and Healer","floor":27.0,"turns":5.0},{"damage":0.0,"enemies":"Snake Plant","floor":29.0,"turns":3.0},{"damage":10.0,"enemies":"Snecko","floor":31.0,"turns":5.0},{"damage":40,"enemies":"Champ","floor":33,"turns":6},{"damage":50,"enemies":"3 Darklings","floor":35,"turns":4},{"damage":29,"enemies":"Orb Walker","floor":37,"turns":3}],"seed_played":"1178054365395147905","potions_obtained":[{"floor":1.0,"key":"Weak Potion"},{"floor":2.0,"key":"PowerPotion"},{"floor":11.0,"key":"EssenceOfSteel"},{"floor":14.0,"key":"SmokeBomb"},{"floor":16.0,"key":"ColorlessPotion"},{"floor":18.0,"key":"GamblersBrew"},{"floor":21.0,"key":"Regen Potion"},{"floor":22.0,"key":"AttackPotion"},{"floor":23.0,"key":"Regen Potion"},{"floor":27.0,"key":"DistilledChaos"},{"floor":27.0,"key":"Weak Potion"},{"floor":29.0,"key":"EssenceOfSteel"},{"floor":29.0,"key":"ColorlessPotion"},{"floor":31.0,"key":"SkillPotion"},{"floor":31.0,"key":"PowerPotion"},{"floor":33,"key":"ShroomBrew"},{"floor":33,"key":"GamblersBrew"},{"floor":35,"key":"Dexterity Potion"}],"is_trial":false,"path_per_floor":["M","M","M","?","?","R","M","R","T","$","M","?","$","M","R","B",null,"M","$","?","M","M","E","R","$","T","M","R","M","?","M","R","B",null,"M","$","M"],"character_chosen":"MARISA","items_purchased":["DeepEcoloBomb","Acceleration","WitchOfGreed","Medical Kit","EarthLightRay","Apotheosis"],"campfire_rested":1,"item_purchase_floors":[10,10,10,19,19,25],"current_hp_per_floor":[75,75,75,75,57,57,51,51,51,51,35,35,35,28,28,28,75,56,56,56,56,56,1,23,23,23,52,52,58,52,46,46,12,75,25,25,0,0],"gold":288,"neow_bonus":"THREE_ENEMY_KILL","is_daily":false,"chose_seed":false,"campfire_upgraded":5,"win_rate":0.0,"timestamp":1607770754,"path_taken":["M","M","M","?","?","R","M","R","T","$","M","?","$","M","R","BOSS","M","$","?","M","M","E","R","$","T","M","R","M","?","M","R","BOSS","M","$","M"],"items_purchased_type":["Card","Card","Card","Relic","Card","Card"],"build_version":"2020-11-30","purchased_purges":1,"victory":false,"max_hp_per_floor":[75,75,75,75,75,75,75,75,75,75,75,75,75,75,75,75,75,75,75,75,75,75,75,75,75,75,75,75,75,75,75,75,75,75,75,75,75,75],"card_choices":[{"not_picked":["GravityBeat","EnergyRecoil"],"picked":"ChargeUpSpray","floor":1.0},{"not_picked":["Occultation","6A"],"picked":"BlazeAway","floor":2.0},{"not_picked":["NonDirectionalLaser","ChargeUpSpray"],"picked":"PulseMagic","floor":3.0},{"not_picked":["UnstableBomb","6A"],"picked":"SporeBomb","floor":7.0},{"not_picked":["EnergyRecoil","GrandCross","OrrerysSun"],"picked":"SKIP","floor":11.0},{"not_picked":["MysteriousBeam","DoubleSpark"],"picked":"Orbital","floor":14.0},{"not_picked":["ManaRampage","EscapeVelocity"],"picked":"TreasureHunter","floor":16.0},{"not_picked":["WitchLeyline","GalacticHalo"],"picked":"PowerUp+1","floor":18.0},{"not_picked":["IllusionStar","6A","DC"],"picked":"SKIP","floor":21.0},{"not_picked":["ShootingEcho","GalacticHalo","UnstableBomb"],"picked":"SKIP","floor":22.0},{"not_picked":["SuperPerseids","Orbital"],"picked":"EventHorizon","floor":23.0},{"not_picked":["NonDirectionalLaser+1","EnergyRecoil+1"],"picked":"MachineGunSpark+1","floor":27.0},{"not_picked":["DeepEcoloBomb","MeteoricShower","WitchLeyline+1"],"picked":"SKIP","floor":29.0},{"not_picked":["MagicChant","ShootingEcho"],"picked":"EnergyFlow+1","floor":31.0},{"not_picked":["BigCrunch","ManaRampage"],"picked":"UltimateShortwave","floor":33},{"not_picked":["DoubleSpark+1","GrandCross+1","OortCloud+1"],"picked":"SKIP","floor":35}],"player_experience":311337,"relics_obtained":[{"floor":9.0,"key":"Ancient Tea Set"},{"floor":23.0,"key":"MawBank"},{"floor":23.0,"key":"Lantern"},{"floor":26.0,"key":"White Beast Statue"}],"event_choices":[{"cards_removed":["Strike_MRS"],"damage_healed":0.0,"max_hp_gain":0.0,"max_hp_loss":0.0,"gold_gain":0.0,"event_name":"The Cleric","player_choice":"Card Removal","floor":4.0,"gold_loss":50.0,"damage_taken":0.0},{"damage_healed":0.0,"max_hp_gain":0.0,"max_hp_loss":0.0,"gold_gain":0.0,"event_name":"Golden Idol","player_choice":"Take Damage","floor":5.0,"gold_loss":0.0,"damage_taken":18.0,"relics_obtained":["Golden Idol"]},{"damage_healed":0.0,"max_hp_gain":0.0,"max_hp_loss":0.0,"gold_gain":0.0,"cards_transformed":["Strike_MRS"],"event_name":"Transmorgrifier","player_choice":"Transformed","floor":12.0,"gold_loss":0.0,"damage_taken":0.0,"cards_obtained":["ChargeUpSpray"]},{"damage_healed":0.0,"max_hp_gain":0.0,"max_hp_loss":0.0,"gold_gain":0.0,"event_name":"Ghosts","player_choice":"Ignored","floor":20.0,"gold_loss":0.0,"damage_taken":0.0},{"damage_healed":0.0,"max_hp_gain":0.0,"max_hp_loss":0.0,"gold_gain":0.0,"event_name":"betterThird:BetterNest","player_choice":"Dagger","floor":30.0,"gold_loss":0.0,"damage_taken":6.0,"cards_obtained":["RitualDagger"]}],"is_beta":false,"boss_relics":[{"not_picked":["Tiny House","Cursed Key"],"picked":"SacredBark"},{"not_picked":["Busted Crown","Coffee Dripper"],"picked":"Pandora\u0027s Box"}],"items_purged_floors":[36],"is_endless":false,"potions_floor_spawned":[1,2,14,21,23,27,29,31,33,35],"killed_by":"Orb Walker","ascension_level":0}}