{"host":"1tl36azeqm6yhdgj","time":1607774504,"event":{"mods":["AchievementEnabler","BaseMod","Minty Spire (QoL Compilation)","StSLib","The IronCluck","everything is the same but u backflip on backflip"],"gold_per_floor":[117,117,137,137,148,175,175,202,228,246,256,531,26,40,40,144,144,156,171,171,131,149,180,180,29,29,56,66,66,66,80,80,183,183,197,197,208,208,208,243,18,18,18],"floor_reached":42,"playtime":2025,"items_purged":["Regret"],"score":763,"play_id":"02a53b84-aff5-48b9-a54d-69a6a9148247","local_time":"20201212070144","is_ascension_mode":true,"campfire_choices":[{"data":"Twin Strike","floor":7.0,"key":"SMITH"},{"data":"Shrug It Off","floor":15.0,"key":"SMITH"},{"floor":24.0,"key":"RECALL"},{"floor":29.0,"key":"REST"},{"floor":32.0,"key":"REST"}],"circlet_count":0,"master_deck":["AscendersBane","Defend_R","Defend_R","Defend_R","Bash+1","Anger+1","Shrug It Off+1","Twin Strike+1","Demon Form","Spot Weakness","Battle Trance","Burning Pact","Dark Shackles","Reaper","Inflame","Limit Break","Ghostly Armor+1","Rampage","Flex","Thunderclap","Clash","Barricade","Double Tap","Searing Blow+1","Metallicize+1","Reaper+1","Armaments+1","Madness","Madness","Entrench+1","Dark Shackles","Cleave","Fire Breathing","Panacea"],"relics":["Burning Blood","NeowsBlessing","CultistMask","Centennial Puzzle","PreservedInsect","Whetstone","Juzu Bracelet","Empty Cage","MutagenicStrength","Mango","Lee\u0027s Waffle","Bronze Scales","Astrolabe","Calipers","Membership Card"],"acts_visited":["Exordium","TheCity","TheBeyond"],"potions_floor_usage":[42],"damage_taken":[{"damage":0.0,"enemies":"Jaw Worm","floor":1.0,"turns":1.0},{"damage":0.0,"enemies":"Cultist","floor":3.0,"turns":1.0},{"damage":0.0,"enemies":"Small Slimes","floor":5.0,"turns":1.0},{"damage":17.0,"enemies":"3 Sentries","floor":6.0,"turns":10.0},{"damage":17.0,"enemies":"Lagavulin","floor":8.0,"turns":6.0},{"damage":8.0,"enemies":"Blue Slaver","floor":10.0,"turns":3.0},{"damage":17.0,"enemies":"Lots of Slimes","floor":11.0,"turns":4.0},{"damage":1.0,"enemies":"Exordium Thugs","floor":14.0,"turns":3.0},{"damage":21.0,"enemies":"Hexaghost","floor":16.0,"turns":8.0},{"damage":30.0,"enemies":"Spheric Guardian","floor":18.0,"turns":5.0},{"damage":24.0,"enemies":"2 Thieves","floor":19.0,"turns":5.0},{"damage":44.0,"enemies":"Cultist and Chosen","floor":22.0,"turns":6.0},{"damage":53.0,"enemies":"Gremlin Leader","floor":23.0,"turns":7.0},{"damage":36.0,"enemies":"Book of Stabbing","floor":27.0,"turns":4.0},{"damage":43.0,"enemies":"Shelled Parasite and Fungi","floor":28.0,"turns":6.0},{"damage":32.0,"enemies":"Snake Plant","floor":31.0,"turns":4.0},{"damage":111,"enemies":"Automaton","floor":33,"turns":11},{"damage":28,"enemies":"3 Shapes","floor":35,"turns":11},{"damage":49,"enemies":"3 Darklings","floor":37,"turns":4},{"damage":63,"enemies":"Nemesis","floor":40,"turns":14},{"damage":66,"enemies":"Sphere and 2 Shapes","floor":42,"turns":11}],"seed_played":"5885780780410485630","potions_obtained":[{"floor":1.0,"key":"HeartOfIron"},{"floor":6.0,"key":"GamblersBrew"},{"floor":14.0,"key":"SmokeBomb"},{"floor":21.0,"key":"CultistPotion"},{"floor":21.0,"key":"SneckoOil"},{"floor":23.0,"key":"FearPotion"},{"floor":31.0,"key":"BloodPotion"},{"floor":33,"key":"Regen Potion"},{"floor":40,"key":"SpeedPotion"}],"is_trial":false,"path_per_floor":["M","?","M","?","M","E","R","E","T","M","M","?","$","M","R","B",null,"M","M","?","?","M","E","R","$","T","E","M","R","?","M","R","B",null,"M","?","M","?","?","E","$","M"],"character_chosen":"IRONCLAD","items_purchased":["Juzu Bracelet","Dark Shackles","Reaper","AttackPotion","Lee\u0027s Waffle","Membership Card","Fire Breathing","Panacea"],"campfire_rested":2,"item_purchase_floors":[13,13,13,13,25,41,41,41],"current_hp_per_floor":[78,83,85,85,85,74,74,63,63,61,50,50,50,55,55,40,74,50,40,40,40,44,32,32,106,106,76,39,70,70,65,96,7,81,98,85,76,76,76,50,50,0,0],"gold":18,"neow_bonus":"THREE_ENEMY_KILL","is_daily":false,"chose_seed":false,"campfire_upgraded":2,"win_rate":0.0,"timestamp":1607774504,"path_taken":["M","?","M","?","?","E","R","E","T","M","M","?","$","M","R","BOSS","M","M","?","?","M","E","R","$","T","E","M","R","?","M","R","BOSS","M","?","M","?","?","E","?","M"],"items_purchased_type":["Relic","Card","Card","Potion","Relic","Relic","Card","Card"],"build_version":"2020-11-30","purchased_purges":1,"victory":false,"max_hp_per_floor":[80,85,85,85,85,85,85,85,85,85,85,85,85,85,85,85,85,85,85,85,85,85,99,99,106,106,106,106,106,106,106,106,106,106,106,106,106,106,106,106,106,106,106],"card_choices":[{"not_picked":["Dark Embrace","Combust"],"picked":"Anger","floor":1.0},{"not_picked":["Havoc","Infernal Blade"],"picked":"Shrug It Off","floor":3.0},{"not_picked":["Clothesline","Armaments"],"picked":"Twin Strike","floor":5.0},{"not_picked":["Metallicize","Anger"],"picked":"Demon Form","floor":6.0},{"not_picked":["Seeing Red","Headbutt"],"picked":"Spot Weakness","floor":8.0},{"not_picked":["Pommel Strike","Bloodletting"],"picked":"Battle Trance","floor":10.0},{"not_picked":["Havoc","Armaments","Burning Pact"],"picked":"SKIP","floor":11.0},{"not_picked":["Havoc","Armaments"],"picked":"Burning Pact","floor":11.0},{"not_picked":["Ghostly Armor","Armaments"],"picked":"Inflame","floor":14.0},{"not_picked":["Demon Form","Juggernaut"],"picked":"Limit Break","floor":16.0},{"not_picked":["Dual Wield","Anger"],"picked":"Ghostly Armor+1","floor":18.0},{"not_picked":["Havoc+1","Combust"],"picked":"Rampage","floor":19.0},{"not_picked":["Armaments","Iron Wave","Thunderclap"],"picked":"SKIP","floor":22.0},{"not_picked":["Sword Boomerang","Hemokinesis+1"],"picked":"Flex","floor":23.0},{"not_picked":["Ghostly Armor","Twin Strike"],"picked":"Thunderclap","floor":27.0},{"not_picked":["Burning Pact+1","Pommel Strike"],"picked":"Clash","floor":28.0},{"not_picked":["Iron Wave","Second Wind","Rampage"],"picked":"SKIP","floor":31.0},{"not_picked":["Demon Form","Bludgeon"],"picked":"Double Tap","floor":33},{"not_picked":["Perfected Strike+1","Shrug It Off+1"],"picked":"Armaments+1","floor":35},{"not_picked":["Pommel Strike","Spot Weakness"],"picked":"Entrench+1","floor":37},{"not_picked":["Juggernaut","Anger"],"picked":"Cleave","floor":40}],"player_experience":1912662,"relics_obtained":[{"floor":6.0,"key":"Centennial Puzzle"},{"floor":8.0,"key":"PreservedInsect"},{"floor":9.0,"key":"Whetstone"},{"floor":23.0,"key":"Mango"},{"floor":27.0,"key":"Bronze Scales"},{"floor":40,"key":"Calipers"}],"event_choices":[{"damage_healed":0.0,"max_hp_gain":5.0,"max_hp_loss":0.0,"gold_gain":0.0,"event_name":"Big Fish","player_choice":"Donut","floor":2.0,"gold_loss":0.0,"damage_taken":0.0},{"damage_healed":0.0,"max_hp_gain":0.0,"max_hp_loss":0.0,"gold_gain":0.0,"event_name":"FaceTrader","player_choice":"Trade","floor":4.0,"gold_loss":0.0,"damage_taken":0.0,"relics_obtained":["CultistMask"]},{"damage_healed":0.0,"max_hp_gain":0.0,"max_hp_loss":0.0,"gold_gain":275.0,"event_name":"Golden Shrine","player_choice":"Desecrate","floor":12.0,"gold_loss":0.0,"damage_taken":0.0,"cards_obtained":["Regret"]},{"damage_healed":0.0,"max_hp_gain":0.0,"max_hp_loss":0.0,"gold_gain":0.0,"event_name":"Drug Dealer","player_choice":"Inject Mutagens","floor":20.0,"gold_loss":0.0,"damage_taken":0.0,"relics_obtained":["MutagenicStrength"]},{"damage_healed":0.0,"max_hp_gain":0.0,"max_hp_loss":0.0,"gold_gain":0.0,"event_name":"The Woman in Blue","player_choice":"Bought 3 Potions","floor":21.0,"gold_loss":0.0,"damage_taken":0.0},{"damage_healed":0.0,"max_hp_gain":0.0,"max_hp_loss":0.0,"gold_gain":0.0,"event_name":"The Library","player_choice":"Read","floor":30.0,"gold_loss":0.0,"damage_taken":0.0,"cards_obtained":["Barricade"]},{"damage_healed":0,"gold_gain":0,"player_choice":"Embrace Madness","damage_taken":13,"max_hp_gain":0,"max_hp_loss":0,"event_name":"Winding Halls","floor":36,"gold_loss":0,"cards_obtained":["Madness","Madness"]},{"cards_removed":["Strike_R"],"damage_healed":0,"gold_gain":0,"player_choice":"Purged","damage_taken":0,"max_hp_gain":0,"max_hp_loss":0,"event_name":"Purifier","floor":38,"gold_loss":0},{"damage_healed":0,"gold_gain":0,"player_choice":"Copied","damage_taken":0,"max_hp_gain":0,"max_hp_loss":0,"event_name":"Duplicator","floor":39,"gold_loss":0,"cards_obtained":["Dark Shackles"]}],"is_beta":false,"boss_relics":[{"not_picked":["Coffee Dripper","Black Blood"],"picked":"Empty Cage"},{"not_picked":["Busted Crown","SacredBark"],"picked":"Astrolabe"}],"items_purged_floors":[13],"is_endless":false,"potions_floor_spawned":[1,6,14,23,31,33,40],"killed_by":"Sphere and 2 Shapes","ascension_level":11}}