{"host":"g1wmg2w41xhsnw8g","time":1607751488,"event":{"mods":["2.2 Compatiblity","Act Like it!","BaseMod","Better Altar","Better Match","Better Note","Better Sensory Stone","Better Skull","Better Third Choice","BetterRewards","Booster Modes","CapriCore","ChefMod","Colored Map","Colored Powertips","Curses Come First","Defuse TimeMaze Blight","Displayed Cursed Tome","Friendly Minions","GifTheSpireLib","Googly Eyes","Infinite Spire","Minty Spire (QoL Compilation)","Red Circlet Mod","Relic Sorter","SCP261 Mod","Shop Mod","Spicy Shops","StSLib","The Construct","The Sage","Transform Curses","Wandering Minibosses","????"],"gold_per_floor":[109,103,117,117,189,220,220,248,301,332,50,69,89,124,124,221,221,234,249,59,59,69,69,835,264,264,264,264],"floor_reached":27,"playtime":2071,"items_purged":["Shame","Burn","construct:GoldenBullet","Injury","construct:ChargeShot"],"score":326,"play_id":"cd4a7352-874f-41c7-b907-02f14304e090","local_time":"20201212003808","daily_mods":["SealedDeck","Specialized","Heirloom","Elite Swarm"],"is_ascension_mode":true,"campfire_choices":[{"data":"construct:Bunker","floor":15,"key":"SMITH"},{"data":"construct:Enhance","floor":23,"key":"SMITH"}],"circlet_count":0,"master_deck":["construct:ChargeShot","construct:ChargeShot","construct:ChargeShot","construct:ChargeShot","construct:Impenetrable","construct:Reinforce","construct:Reinforce","construct:SuppressiveFire","construct:SyphonStrike","construct:Autoturret","construct:CreateCores","construct:FlakBarrage","construct:ForceCore","construct:Chainstrike","construct:Boost","construct:ClusterMines","construct:MemoryTap","construct:Bunker+1","construct:FocusedBeam","construct:GatlingGun","construct:HammerDown","construct:Synchronize+1","construct:Enhance+1","construct:CripplingShot+1","construct:SweepLaser+1"],"relics":["construct:Cogwheel","Darkstone Periapt","Bottled Tornado","Smiling Mask","Happy Flower","construct:FoamFinger","Membership Card","infinitespire:FocusingShard","Odd Mushroom","Centennial Puzzle","SlaversCollar","construct:MasterCore","MerchantsRug","Molten Egg 2","Red Mask","wanderingMiniBosses:MasterThiefsPresence","Singing Bowl","Matryoshka","Shuriken","ClockworkSouvenir","infinitespire:Eraser","Bottled Flame"],"acts_visited":["Exordium","TheCity"],"potions_floor_usage":[6,8,10,14,19,24,27],"damage_taken":[{"damage":0,"enemies":"Small Slimes","floor":1,"turns":3},{"damage":11,"enemies":"Jaw Worm","floor":2,"turns":6},{"damage":3,"enemies":"2 Louse","floor":3,"turns":3},{"damage":14,"enemies":"Gremlin Nob","floor":6,"turns":3},{"damage":9,"enemies":"Lagavulin","floor":8,"turns":5},{"damage":34,"enemies":"3 Sentries","floor":10,"turns":5},{"damage":21,"enemies":"The Mushroom Lair","floor":12,"turns":3},{"damage":4,"enemies":"Looter","floor":13,"turns":2},{"damage":3,"enemies":"Gremlin Nob","floor":14,"turns":4},{"damage":3,"enemies":"The Guardian","floor":16,"turns":9},{"damage":30,"enemies":"2 Thieves","floor":18,"turns":4},{"damage":31,"enemies":"3 Byrds","floor":19,"turns":5},{"damage":20,"enemies":"Centurion and Healer","floor":22,"turns":7},{"damage":38,"enemies":"Masked Bandits","floor":24,"turns":6},{"damage":28,"enemies":"Gremlin Leader","floor":27,"turns":2}],"seed_played":"6206521728004096545","potions_obtained":[{"floor":1,"key":"construct:MegaPotion"},{"floor":3,"key":"SCP261:GirlTearsPotion"},{"floor":6,"key":"BlessingOfTheForge"},{"floor":13,"key":"PowerPotion"},{"floor":14,"key":"FairyPotion"},{"floor":18,"key":"DuplicationPotion"},{"floor":22,"key":"Explosive Potion"},{"floor":24,"key":"LiquidBronze"}],"is_trial":true,"path_per_floor":["M","M","M","?","T","E","?","E","T","E","$","?","M","E","R","B",null,"M","M","$","?","M","R","?","R","T","E"],"character_chosen":"THE_CONSTRUCT_MOD","items_purchased":["Membership Card","infinitespire:FocusingShard","construct:MasterCore","MerchantsRug","Molten Egg 2","Singing Bowl","Matryoshka","Shuriken","ClockworkSouvenir","construct:SweepLaser+1"],"campfire_rested":0,"item_purchase_floors":[11,11,20,20,20,25,25,25,25,25],"current_hp_per_floor":[99,88,85,85,85,71,71,69,69,35,41,20,16,13,13,10,105,75,44,50,50,30,30,26,26,26,0,0],"gold":264,"neow_bonus":"","is_daily":false,"chose_seed":false,"campfire_upgraded":2,"win_rate":0.0,"timestamp":1607751488,"path_taken":["M","M","M","?","?","E","?","E","T","E","$","?","M","E","R","BOSS","M","M","$","?","?","R","?","R","T","E"],"items_purchased_type":["Relic","Relic","Relic","Relic","Relic","Relic","Relic","Relic","Relic","Card"],"build_version":"2020-11-30","purchased_purges":5,"victory":false,"max_hp_per_floor":[99,99,99,99,99,99,99,99,99,99,105,105,105,105,105,105,105,105,105,111,111,111,111,111,111,111,111,111],"card_choices":[{"not_picked":["construct:Overcharge","construct:SweepLaser","construct:SuppressiveFire"],"picked":"SKIP","floor":1},{"not_picked":["construct:Missile","construct:SuppressiveFire"],"picked":"construct:Boost","floor":2},{"not_picked":["construct:Accumulate","construct:BatteryCore"],"picked":"construct:ClusterMines","floor":3},{"not_picked":["construct:LongRangeLance","construct:SpinDrive"],"picked":"construct:MemoryTap","floor":6},{"not_picked":["construct:Meltdown","construct:HyperBeam"],"picked":"construct:GoldenBullet","floor":8},{"not_picked":["construct:GatlingGun","construct:Supernova"],"picked":"construct:Bunker","floor":10},{"not_picked":["construct:Autoturret","construct:ClusterMines"],"picked":"construct:FocusedBeam","floor":12},{"not_picked":["construct:ScrapCannon","construct:OilSpill","construct:SaveState"],"picked":"SKIP","floor":13},{"not_picked":["construct:ClockworkEgg","construct:ShieldGenerator"],"picked":"construct:GatlingGun","floor":14},{"not_picked":["construct:GatlingGun","construct:Bunker"],"picked":"construct:HammerDown","floor":16},{"not_picked":["construct:CreateCores","construct:ChargeShot","construct:FierceBash"],"picked":"SKIP","floor":18},{"not_picked":["construct:MetalShell","construct:FocusedBeam"],"picked":"construct:Synchronize+1","floor":19},{"not_picked":["construct:VentSteam","construct:Stasis"],"picked":"construct:Enhance","floor":22},{"not_picked":["construct:Missile+1","construct:Analyze"],"picked":"construct:CripplingShot+1","floor":24}],"player_experience":837856,"relics_obtained":[{"floor":5,"key":"Darkstone Periapt"},{"floor":6,"key":"Bottled Tornado"},{"floor":8,"key":"Smiling Mask"},{"floor":9,"key":"Happy Flower"},{"floor":10,"key":"construct:FoamFinger"},{"floor":12,"key":"Odd Mushroom"},{"floor":14,"key":"Centennial Puzzle"},{"floor":24,"key":"Red Mask"},{"floor":24,"key":"wanderingMiniBosses:MasterThiefsPresence"},{"floor":26,"key":"infinitespire:Eraser"},{"floor":26,"key":"Bottled Flame"}],"event_choices":[{"damage_healed":85,"gold_gain":0,"player_choice":"Embrace Burn","damage_taken":0,"max_hp_gain":0,"max_hp_loss":99,"event_name":"betterThird:BetterShining","floor":4,"gold_loss":0},{"damage_healed":0,"gold_gain":0,"player_choice":"Fought Mushrooms","damage_taken":0,"max_hp_gain":0,"max_hp_loss":0,"event_name":"Mushrooms","floor":12,"gold_loss":0},{"cards_removed":["construct:ClusterMines"],"damage_healed":0,"gold_gain":0,"player_choice":"Give","damage_taken":0,"max_hp_gain":0,"max_hp_loss":0,"event_name":"betterNote:BetterNote","floor":21,"gold_loss":0,"cards_obtained":["None"]},{"damage_healed":0,"gold_gain":0,"player_choice":"Fought Bandits","damage_taken":0,"max_hp_gain":0,"max_hp_loss":0,"event_name":"Masked Bandits","floor":24,"gold_loss":0}],"is_beta":false,"boss_relics":[{"not_picked":["Velvet Choker","Cursed Key"],"picked":"SlaversCollar"}],"items_purged_floors":[11,11,20,25,25],"is_endless":false,"potions_floor_spawned":[1,3,6,13,14,18,22,24],"killed_by":"Gremlin Leader","ascension_level":1}}