{"host":"hc8xbdd8p6sd75vx","time":1607794444,"event":{"mods":["AchievementEnabler","AlwaysNeverKeys","BaseMod","Better Altar","Better Match","Better Sensory Stone","Better Skull","Better Third Choice","Colored Map","Hermit","Minty Spire (QoL Compilation)","Quick Restart","Shade Mod","Shop Mod","Spicy Shops","StSLib","The Servant 0.9.4"],"gold_per_floor":[109,128,0,0,20,45,57,57,80,110,123,123,142,142,142,244,244,259,270,490,502,502,519,519,533,533,533,15,27,27,61,61,61,61],"floor_reached":33,"playtime":1426,"items_purged":[],"score":304,"play_id":"6137be57-f2e1-4969-98cd-0821a47e960d","local_time":"20201212093404","is_ascension_mode":false,"campfire_choices":[{"data":"Blade Dance","floor":8.0,"key":"SMITH"},{"floor":15.0,"key":"REST"},{"floor":24,"key":"REST"},{"floor":27,"key":"REST"},{"floor":30,"key":"REST"},{"floor":32,"key":"REST"}],"circlet_count":0,"master_deck":["Strike_G","Strike_G","Strike_G","Strike_G","Strike_G","Defend_G","Defend_G","Defend_G","Defend_G","Defend_G","Survivor","Neutralize","Backstab","Dagger Spray","Blade Dance+1","Footwork","Chrysalis","Accuracy","Dash","Poisoned Stab","Cloak And Dagger","Envenom","Cloak And Dagger","Accuracy+1","Dodge and Roll","Poisoned Stab","Dodge and Roll","Blade Dance+1","Noxious Fumes","Catalyst+1","Writhe","Finisher","Crippling Poison+1","Dodge and Roll+1","Deadly Poison+1"],"relics":["Ring of the Snake","NeowsBlessing","Bag of Preparation","Boot","Pen Nib","Akabeko","Turnip","Toxic Egg 2","MerchantsRug","Bag of Marbles","Dream Catcher"],"acts_visited":["Exordium","TheCity"],"potions_floor_usage":[21,29,33],"damage_taken":[{"damage":0.0,"enemies":"Cultist","floor":1.0,"turns":1.0},{"damage":0.0,"enemies":"2 Louse","floor":2.0,"turns":1.0},{"damage":0.0,"enemies":"Jaw Worm","floor":5.0,"turns":1.0},{"damage":17.0,"enemies":"Lagavulin","floor":6.0,"turns":6.0},{"damage":0.0,"enemies":"2 Fungi Beasts","floor":7.0,"turns":1.0},{"damage":10.0,"enemies":"Gremlin Nob","floor":10.0,"turns":4.0},{"damage":6.0,"enemies":"Exordium Thugs","floor":11.0,"turns":4.0},{"damage":0.0,"enemies":"Gremlin Gang","floor":13.0,"turns":3.0},{"damage":46.0,"enemies":"Hexaghost","floor":16.0,"turns":10.0},{"damage":20.0,"enemies":"Spheric Guardian","floor":18.0,"turns":4.0},{"damage":2.0,"enemies":"2 Thieves","floor":19.0,"turns":3.0},{"damage":16,"enemies":"Cultist and Chosen","floor":21,"turns":5},{"damage":8,"enemies":"Centurion and Healer","floor":23,"turns":7},{"damage":4,"enemies":"3 Cultists","floor":25,"turns":5},{"damage":12,"enemies":"Snecko","floor":29,"turns":5},{"damage":21,"enemies":"Gremlin Leader","floor":31,"turns":5},{"damage":68,"enemies":"Champ","floor":33,"turns":12}],"seed_played":"-2455947784963642865","potions_obtained":[{"floor":1.0,"key":"Fire Potion"},{"floor":2.0,"key":"Energy Potion"},{"floor":5.0,"key":"SpeedPotion"},{"floor":11.0,"key":"Explosive Potion"},{"floor":18.0,"key":"LiquidMemories"},{"floor":19.0,"key":"SkillPotion"},{"floor":25,"key":"ColorlessPotion"},{"floor":31,"key":"FearPotion"}],"is_trial":false,"path_per_floor":["M","M","$","?","M","E","M","R","T","E","M","T","M","?","R","B",null,"M","M","?","M","?","M","R","M","T","R","$","M","R","E","R","B"],"character_chosen":"THE_SILENT","items_purchased":["Blade Dance","Footwork","Blade Dance+1","Noxious Fumes","MerchantsRug","Catalyst+1","Bag of Marbles","Finisher"],"campfire_rested":5,"item_purchase_floors":[3,3,28,28,28,28,28,28],"current_hp_per_floor":[70,70,70,70,70,53,53,53,53,43,37,47,47,47,71,30,80,60,63,27,16,16,8,32,28,28,52,52,40,64,43,67,0,0],"gold":61,"neow_bonus":"THREE_ENEMY_KILL","is_daily":false,"chose_seed":false,"campfire_upgraded":1,"win_rate":0.0,"timestamp":1607794444,"path_taken":["M","?","$","?","?","E","M","R","T","E","M","?","M","?","R","BOSS","M","M","?","?","?","M","R","M","T","R","$","M","R","E","R","BOSS"],"items_purchased_type":["Card","Card","Card","Card","Relic","Card","Relic","Card"],"build_version":"2020-11-30","purchased_purges":0,"victory":false,"max_hp_per_floor":[70,70,70,70,70,70,70,70,70,70,70,80,80,80,80,80,80,80,80,80,80,80,80,80,80,80,80,80,80,80,80,80,80,80],"card_choices":[{"not_picked":["Bane","Finisher"],"picked":"Backstab","floor":1.0},{"not_picked":["Tactician","Deadly Poison"],"picked":"Dagger Spray","floor":2.0},{"not_picked":["Bandage Up","Violence"],"picked":"Chrysalis","floor":4.0},{"not_picked":["Dagger Spray","Bane"],"picked":"Accuracy","floor":5.0},{"not_picked":["Outmaneuver","Backflip","Escape Plan"],"picked":"SKIP","floor":6.0},{"not_picked":["Outmaneuver","Glass Knife"],"picked":"Dash","floor":7.0},{"not_picked":["Leg Sweep","Dodge and Roll"],"picked":"Poisoned Stab","floor":10.0},{"not_picked":["Blur","Sucker Punch"],"picked":"Deflect","floor":11.0},{"not_picked":["Distraction","Expertise"],"picked":"Cloak And Dagger","floor":13.0},{"not_picked":["Bullet Time","Burst"],"picked":"Envenom","floor":16.0},{"not_picked":["Setup","Sucker Punch"],"picked":"Cloak And Dagger","floor":18.0},{"not_picked":["Dagger Spray","Skewer"],"picked":"Accuracy+1","floor":19.0},{"not_picked":["Acrobatics","Outmaneuver"],"picked":"Dodge and Roll","floor":21},{"not_picked":["Setup+1","Dodge and Roll"],"picked":"Poisoned Stab","floor":23},{"not_picked":["Deadly Poison","Quick Slash"],"picked":"Dodge and Roll","floor":25},{"not_picked":["Backflip+1","Dodge and Roll+1"],"picked":"Crippling Poison+1","floor":29},{"not_picked":["Calculated Gamble+1","Accuracy"],"picked":"Dodge and Roll+1","floor":31},{"not_picked":["Masterful Stab","Glass Knife"],"picked":"Deadly Poison+1","floor":32}],"player_experience":213623,"relics_obtained":[{"floor":6.0,"key":"Bag of Preparation"},{"floor":9.0,"key":"Boot"},{"floor":10.0,"key":"Pen Nib"},{"floor":12.0,"key":"Pear"},{"floor":26,"key":"Toxic Egg 2"},{"floor":31,"key":"Dream Catcher"}],"event_choices":[{"damage_healed":0.0,"max_hp_gain":0.0,"max_hp_loss":0.0,"gold_gain":1.0,"event_name":"betterStone:BetterStone","player_choice":"1","floor":4.0,"gold_loss":0.0,"damage_taken":0.0},{"cards_removed":["Deflect"],"damage_healed":0.0,"max_hp_gain":0.0,"max_hp_loss":0.0,"gold_gain":0.0,"event_name":"WeMeetAgain","player_choice":"Gave Card","floor":14.0,"gold_loss":0.0,"damage_taken":0.0,"relics_obtained":["Toy Ornithopter"]},{"damage_healed":0.0,"max_hp_gain":0.0,"max_hp_loss":0.0,"gold_gain":220.0,"event_name":"betterSkull:BetterSkull","player_choice":"GO RE GO ","floor":20.0,"gold_loss":0.0,"damage_taken":40.0,"cards_upgraded":[],"relics_obtained":["Akabeko"]},{"damage_healed":0,"gold_gain":0,"player_choice":"Opened","damage_taken":0,"relics_obtained":["Turnip"],"max_hp_gain":0,"max_hp_loss":0,"event_name":"The Mausoleum","floor":22,"gold_loss":0}],"is_beta":false,"boss_relics":[{"not_picked":["Pandora\u0027s Box","Empty Cage","Coffee Dripper"]}],"items_purged_floors":[],"is_endless":false,"potions_floor_spawned":[1,2,5,11,18,19,25,31],"killed_by":"Champ","ascension_level":0}}