{"host":"b0dcklafnoly879c","time":1607801540,"event":{"mods":["BaseMod","Hermit","Minty Spire (QoL Compilation)","StSLib","The Jungle"],"gold_per_floor":[109,109,109,128,146,174,174,209,209,384,334,334,364,384,384,384,384],"floor_reached":16,"playtime":480,"items_purged":[],"score":130,"play_id":"fdf6150a-c671-46c2-b555-209e68edd95f","local_time":"20201213043220","is_ascension_mode":true,"campfire_choices":[{"data":"hermit:Headshot","floor":7.0,"key":"SMITH"},{"floor":12.0,"key":"REST"},{"data":"hermit:TakeAim","floor":15.0,"key":"SMITH"}],"circlet_count":0,"master_deck":["hermit:Strike_Hermit","hermit:Strike_Hermit","hermit:Strike_Hermit","hermit:Strike_Hermit+1","hermit:Defend_Hermit","hermit:Defend_Hermit","hermit:Defend_Hermit","hermit:Defend_Hermit","hermit:Snapshot+1","hermit:Covet","hermit:Headshot+1","hermit:TrackingShot","hermit:TakeAim+1","hermit:Enervate","hermit:Deadeye","hermit:Determination"],"relics":["hermit:Momento","NeowsBlessing","Regal Pillow","Matryoshka","Mummified Hand","Bottled Flame","Ornamental Fan"],"acts_visited":["Exordium"],"potions_floor_usage":[16],"damage_taken":[{"damage":0.0,"enemies":"2 Louse","floor":1.0,"turns":1.0},{"damage":0.0,"enemies":"Small Slimes","floor":4.0,"turns":1.0},{"damage":0.0,"enemies":"Cultist","floor":5.0,"turns":1.0},{"damage":21.0,"enemies":"Lagavulin","floor":6.0,"turns":5.0},{"damage":35.0,"enemies":"3 Sentries","floor":8.0,"turns":8.0},{"damage":21.0,"enemies":"Lagavulin","floor":13.0,"turns":5.0},{"damage":3.0,"enemies":"Blue Slaver","floor":14.0,"turns":2.0},{"damage":18,"enemies":"The Guardian","floor":16,"turns":5}],"seed_played":"1777729160224843597","potions_obtained":[{"floor":5.0,"key":"BlessingOfTheForge"},{"floor":14.0,"key":"FearPotion"}],"is_trial":false,"path_per_floor":["M","?","$","M","M","E","R","E","T","?","?","R","E","M","R","B"],"character_chosen":"HERMIT","items_purchased":[],"campfire_rested":1,"item_purchase_floors":[],"current_hp_per_floor":[75,60,60,60,60,39,39,4,4,4,4,41,20,17,17,0,0],"gold":384,"neow_bonus":"THREE_ENEMY_KILL","is_daily":false,"chose_seed":false,"campfire_upgraded":2,"win_rate":0.0,"timestamp":1607801540,"path_taken":["M","?","$","M","M","E","R","E","T","?","?","R","E","M","R","BOSS"],"items_purchased_type":[],"build_version":"2020-11-30","purchased_purges":0,"victory":false,"max_hp_per_floor":[75,75,75,75,75,75,75,75,75,75,75,75,75,75,75,75,75],"card_choices":[{"not_picked":["hermit:ItchyTrigger","hermit:Misfire"],"picked":"hermit:Headshot","floor":1.0},{"not_picked":["hermit:Virtue","hermit:Horror"],"picked":"hermit:TrackingShot","floor":4.0},{"not_picked":["hermit:Cheat","hermit:WideOpen"],"picked":"hermit:TakeAim","floor":5.0},{"not_picked":["hermit:Gambit","hermit:Ricochet"],"picked":"hermit:Enervate","floor":6.0},{"not_picked":["hermit:NoHoldsBarred","hermit:Misfire","hermit:Manifest"],"picked":"SKIP","floor":8.0},{"not_picked":["hermit:ItchyTrigger","hermit:Determination"],"picked":"hermit:Deadeye","floor":13.0},{"not_picked":["hermit:Scavenge","hermit:Feint"],"picked":"hermit:Determination","floor":14.0}],"player_experience":292970,"relics_obtained":[{"floor":6.0,"key":"Regal Pillow"},{"floor":8.0,"key":"Matryoshka"},{"floor":9.0,"key":"Mummified Hand"},{"floor":9.0,"key":"Bottled Flame"},{"floor":13.0,"key":"Ornamental Fan"}],"event_choices":[{"damage_healed":0.0,"max_hp_gain":0.0,"max_hp_loss":0.0,"gold_gain":0.0,"event_name":"Shining Light","player_choice":"Entered Light","floor":2.0,"gold_loss":0.0,"damage_taken":15.0,"cards_upgraded":["hermit:Snapshot","hermit:Strike_Hermit"]},{"damage_healed":0.0,"max_hp_gain":0.0,"max_hp_loss":0.0,"gold_gain":175.0,"event_name":"Liars Game","player_choice":"AGREE","floor":10.0,"gold_loss":0.0,"damage_taken":0.0,"cards_obtained":["Doubt"]},{"cards_removed":["Doubt"],"damage_healed":0.0,"max_hp_gain":0.0,"max_hp_loss":0.0,"gold_gain":0.0,"event_name":"The Cleric","player_choice":"Card Removal","floor":11.0,"gold_loss":50.0,"damage_taken":0.0}],"is_beta":false,"boss_relics":[],"items_purged_floors":[],"is_endless":false,"potions_floor_spawned":[5,14],"killed_by":"The Guardian","ascension_level":2}}