{"host":"rylkjufw9dlhr07b","time":1607799765,"event":{"mods":["AchievementEnabler","BaseMod","Better Note","BetterRewards","Hubris","Minty Spire (QoL Compilation)","Quick Restart","Replay The Spire","StSLib"],"gold_per_floor":[113,113,113,66,82,111,111,127,151,167,178,178,188,204,204,281,281,293,293,104,104,115,115,132,132,209,209,222,0,15,15,15,89,89,105,105,123,123,140,159,0,0,27,53,53,53,53,53],"floor_reached":47,"playtime":4653,"items_purged":["Clumsy","Pain"],"score":1174,"play_id":"b1b6d539-8e1a-4e6b-b5d8-a1f2970d3cb6","local_time":"20201212200245","is_ascension_mode":true,"campfire_choices":[{"data":"True Grit","floor":7.0,"key":"SMITH"},{"data":"Armaments","floor":15.0,"key":"SMITH"},{"floor":23.0,"key":"REST"},{"floor":25.0,"key":"REST"},{"data":"True Grit","floor":27.0,"key":"SMITH"},{"floor":32.0,"key":"REST"},{"data":"ReplayTheSpireMod:LeadingStrike","floor":42.0,"key":"SMITH"}],"circlet_count":0,"master_deck":["AscendersBane","Strike_R","Strike_R","Strike_R","Strike_R","Defend_R","Defend_R","Defend_R","Defend_R","Bash","Power Through+1","Metallicize+1","Thunderclap+1","Body Slam","Iron Wave+1","True Grit+1","Spot Weakness","True Grit+1","Armaments+1","Shrug It Off","Wild Strike","Feed+1","Replay:Undeath\u0027s Touch+1","ReplayTheSpireMod:Private Reserves+1","Pummel+1","ReplayTheSpireMod:Stacked+1","Thunderclap","Chrysalis+1","Fire Breathing+1","hubris:StunningStrike+1","Shrug It Off","Run Through","ReplayTheSpireMod:LeadingStrike+1","Disarm","Finesse"],"relics":["Burning Blood","Golden Egg","Strawberry","Calipers","Lee\u0027s Waffle","White Beast Statue","ReplayTheSpireMod:TigerMarble","hubris:ChampionShield","Ancient Tea Set","Ring of Chaos","ReplayTheSpireMod:CursedCoin","WarpedTongs","The Courier","Self Forming Clay","hubris:Backtick","Durian","hubris:Towel","hubris:Icosahedron","Red Mask","Lantern","Replay:Arrowhead"],"acts_visited":["Exordium","TheCity","TheBeyond"],"potions_floor_usage":[47,47],"damage_taken":[{"damage":8.0,"enemies":"Small Slimes","floor":1.0,"turns":4.0},{"damage":0.0,"enemies":"Jaw Worm","floor":5.0,"turns":2.0},{"damage":0.0,"enemies":"3 Sentries","floor":6.0,"turns":5.0},{"damage":0.0,"enemies":"Cultist","floor":8.0,"turns":3.0},{"damage":9.0,"enemies":"Blue Slaver","floor":10.0,"turns":2.0},{"damage":7.0,"enemies":"3 Louse","floor":11.0,"turns":4.0},{"damage":0.0,"enemies":"Exordium Thugs","floor":13.0,"turns":3.0},{"damage":0.0,"enemies":"Looter","floor":14.0,"turns":4.0},{"damage":54.0,"enemies":"Fading Forest","floor":16.0,"turns":11.0},{"damage":38.0,"enemies":"3 Byrds","floor":18.0,"turns":8.0},{"damage":23.0,"enemies":"Spheric Guardian","floor":22.0,"turns":6.0},{"damage":26.0,"enemies":"Snake Plant","floor":24.0,"turns":5.0},{"damage":23.0,"enemies":"Centurion and Healer","floor":28.0,"turns":7.0},{"damage":17.0,"enemies":"Snecko","floor":30.0,"turns":9.0},{"damage":67.0,"enemies":"hubris:MusketHawk","floor":33.0,"turns":7.0},{"damage":0.0,"enemies":"3 Shapes","floor":35.0,"turns":5.0},{"damage":6.0,"enemies":"Orb Walker","floor":37.0,"turns":2.0},{"damage":10.0,"enemies":"4 Shapes","floor":39.0,"turns":5.0},{"damage":18.0,"enemies":"Maw","floor":40.0,"turns":9.0},{"damage":98.0,"enemies":"Reptomancer","floor":44.0,"turns":14.0},{"damage":29,"enemies":"Transient","floor":47,"turns":4}],"seed_played":"667171275359451649","potions_obtained":[{"floor":1.0,"key":"Explosive Potion"},{"floor":3.0,"key":"BloodPotion"},{"floor":3.0,"key":"AttackPotion"},{"floor":6.0,"key":"BlessingOfTheForge"},{"floor":8.0,"key":"SpeedPotion"},{"floor":10.0,"key":"ColorlessPotion"},{"floor":11.0,"key":"Swift Potion"},{"floor":13.0,"key":"Reflective Coating"},{"floor":14.0,"key":"Explosive Potion"},{"floor":16.0,"key":"Elixir"},{"floor":18.0,"key":"Venom Potion"},{"floor":22.0,"key":"Adrenaline Potion"},{"floor":24.0,"key":"Adrenaline Potion"},{"floor":28.0,"key":"Swift Potion"},{"floor":30.0,"key":"Death Potion"},{"floor":33.0,"key":"Toxic Potion"},{"floor":35.0,"key":"Weak Potion"},{"floor":37.0,"key":"BloodPotion"},{"floor":39.0,"key":"Fire Potion"},{"floor":40.0,"key":"Elixir"},{"floor":44.0,"key":"SpeedPotion"}],"is_trial":false,"path_per_floor":["M","?","?","$","M","E","R","M","T","M","M","?","M","M","R","B",null,"M","?","$","?","M","R","M","R","T","R","M","$","M","?","R","B",null,"M","?","M","?","M","M","?","R","T","E","?","?","M"],"character_chosen":"IRONCLAD","items_purchased":["Golden Egg","Power Through","Metallicize","Strawberry","Lee\u0027s Waffle","White Beast Statue","Thunderclap","Flex","Iron Wave","ReplayTheSpireMod:CursedCoin","Fruit Juice","ReplayTheSpireMod:Private Reserves","Pummel","Chrysalis"],"campfire_rested":3,"item_purchase_floors":[0,0,0,0,0,0,0,0,4,20,20,20,20,29],"current_hp_per_floor":[87,62,79,79,85,89,89,89,89,86,85,85,89,89,89,54,80,52,52,57,57,40,69,49,78,78,78,65,65,54,54,84,23,87,97,97,101,101,111,107,107,107,107,15,15,15,0,0],"gold":53,"neow_bonus":"","is_daily":false,"chose_seed":false,"campfire_upgraded":4,"win_rate":0.0,"timestamp":1607799765,"path_taken":["M","?","?","$","?","E","R","M","T","M","M","?","M","M","R","BOSS","M","?","?","?","M","R","M","R","T","R","?","$","?","?","R","BOSS","M","?","M","?","M","M","?","R","T","E","?","?","M"],"items_purchased_type":["Relic","Card","Card","Relic","Relic","Relic","Card","Card","Card","Relic","Potion","Card","Card","Card"],"build_version":"2020-11-30","purchased_purges":2,"victory":false,"max_hp_per_floor":[89,89,89,89,89,89,89,89,89,89,89,89,89,89,89,89,89,93,93,98,98,98,98,98,98,98,98,102,102,102,102,102,102,107,111,111,115,115,115,115,115,115,115,115,115,115,115,115],"card_choices":[{"not_picked":["ReplayTheSpireMod:Corrosion Curse","Blood for Blood"],"picked":"Body Slam","floor":1.0},{"not_picked":["Headbutt","Sword Boomerang"],"picked":"True Grit","floor":5.0},{"not_picked":["Perfected Strike","Blood for Blood"],"picked":"Spot Weakness","floor":6.0},{"not_picked":["Thunderclap","ReplayTheSpireMod:Stacked"],"picked":"True Grit","floor":8.0},{"not_picked":["Power Through","hubris:ReadiedAction"],"picked":"Armaments","floor":10.0},{"not_picked":["Pummel","Spot Weakness"],"picked":"Shrug It Off","floor":11.0},{"not_picked":["Eclipse","Cleave"],"picked":"Clothesline","floor":13.0},{"not_picked":["Sentinel","Rampage"],"picked":"Wild Strike","floor":14.0},{"not_picked":["Impervious","Eclipse"],"picked":"Feed","floor":16.0},{"not_picked":["Havoc","Ghostly Armor"],"picked":"Replay:Undeath\u0027s Touch+1","floor":18.0},{"not_picked":["Entrench","Havoc","hubris:SharpeningStone"],"picked":"SKIP","floor":22.0},{"not_picked":["Flex","Pommel Strike+1"],"picked":"ReplayTheSpireMod:Stacked+1","floor":24.0},{"not_picked":["Clash","Sword Boomerang"],"picked":"Thunderclap","floor":28.0},{"not_picked":["Pummel","Dark Embrace"],"picked":"Fire Breathing+1","floor":30.0},{"not_picked":["Double Tap","Corruption"],"picked":"hubris:StunningStrike","floor":33.0},{"not_picked":["Headbutt","Heavy Blade+1"],"picked":"Shrug It Off","floor":35.0},{"not_picked":["Impervious","Shrug It Off"],"picked":"Run Through","floor":37.0},{"not_picked":["Anger","Run Through","Wild Strike"],"picked":"SKIP","floor":39.0},{"not_picked":["Clothesline","Perfected Strike+1"],"picked":"ReplayTheSpireMod:LeadingStrike","floor":40.0},{"not_picked":["Twin Strike","Sever Soul+1"],"picked":"Disarm","floor":44.0},{"not_picked":["Swift Strike","Survey Options"],"picked":"Finesse","floor":45.0}],"player_experience":471350,"relics_obtained":[{"floor":6.0,"key":"hubris:ChampionShield"},{"floor":9.0,"key":"Ancient Tea Set"},{"floor":26.0,"key":"The Courier"},{"floor":43.0,"key":"Lantern"},{"floor":44.0,"key":"Replay:Arrowhead"}],"event_choices":[{"damage_healed":0.0,"max_hp_gain":0.0,"max_hp_loss":0.0,"gold_gain":0.0,"event_name":"Scrap Ooze","player_choice":"Success","floor":2.0,"gold_loss":0.0,"damage_taken":25.0,"relics_obtained":["ReplayTheSpireMod:TigerMarble"]},{"damage_healed":0.0,"max_hp_gain":0.0,"max_hp_loss":0.0,"gold_gain":0.0,"event_name":"Lab","player_choice":"Got Potions","floor":3.0,"gold_loss":0.0,"damage_taken":0.0},{"damage_healed":0.0,"max_hp_gain":0.0,"max_hp_loss":0.0,"gold_gain":0.0,"event_name":"Golden Wing","player_choice":"Ignored","floor":12.0,"gold_loss":0.0,"damage_taken":0.0},{"cards_removed":["Strike_R"],"damage_healed":0.0,"max_hp_gain":0.0,"max_hp_loss":0.0,"gold_gain":0.0,"event_name":"Purifier","player_choice":"Purged","floor":19.0,"gold_loss":0.0,"damage_taken":0.0},{"damage_healed":0.0,"max_hp_gain":0.0,"max_hp_loss":0.0,"gold_gain":0.0,"event_name":"Accursed Blacksmith","player_choice":"Rummage","floor":21.0,"gold_loss":0.0,"damage_taken":0.0,"relics_obtained":["WarpedTongs"],"cards_obtained":["Pain"]},{"cards_removed":["Clothesline"],"damage_healed":0.0,"max_hp_gain":0.0,"max_hp_loss":0.0,"gold_gain":0.0,"event_name":"WeMeetAgain","player_choice":"Gave Card","floor":31.0,"gold_loss":0.0,"damage_taken":0.0,"relics_obtained":["Self Forming Clay"]},{"damage_healed":0.0,"max_hp_gain":0.0,"max_hp_loss":0.0,"gold_gain":0.0,"event_name":"Tomb of Lord Red Mask","player_choice":"Paid","floor":41.0,"gold_loss":159.0,"damage_taken":0.0,"relics_obtained":["Red Mask"]},{"damage_healed":0.0,"max_hp_gain":0.0,"max_hp_loss":0.0,"gold_gain":0.0,"event_name":"SensoryStone","player_choice":"Memory 1","floor":45.0,"gold_loss":0.0,"damage_taken":0.0},{"cards_removed":["Flex"],"damage_healed":0.0,"max_hp_gain":0.0,"max_hp_loss":0.0,"gold_gain":0.0,"event_name":"Falling","player_choice":"Removed Skill","floor":46.0,"gold_loss":0.0,"damage_taken":0.0}],"is_beta":false,"boss_relics":[{"not_picked":["Pandora\u0027s Box","Tiny House"],"picked":"Ring of Chaos"},{"not_picked":["Coffee Dripper","hubris:TerracottaHorce"],"picked":"hubris:Backtick"}],"items_purged_floors":[20,29],"is_endless":false,"potions_floor_spawned":[1,5,6,8,10,11,13,14,16,18,22,24,28,30,33,35,37,39,40,44],"killed_by":"Transient","ascension_level":14}}