{"host":"3c27c697js19kaoo","time":1607773213,"event":{"mods":["BaseMod","Dota2Spire","Minty Spire (QoL Compilation)","Quick Restart","Remilia£®¿Ÿ√◊¿Ú—«£©","StSLib","The Cursed","The Gatherer","The Servant 0.9.4","°æ“≈ŒÔø®≈∆°øREMEMod"],"gold_per_floor":[119,119,139,200,275,275,308,308,387,405,405,420,435,145,145,248,248,260,310,360,72,122,122,140,169,193,170,213,0,12,12,12],"floor_reached":30,"playtime":4555,"items_purged":[],"score":289,"play_id":"3d23347f-893a-44bc-bd74-b427e532635f","local_time":"20201212194013","is_ascension_mode":false,"metric_token":661,"campfire_choices":[{"data":"TricksterDevil","floor":6,"key":"SMITH"},{"data":"Gatherer:Centralize","floor":8,"key":"SMITH"},{"data":"Gatherer:ColorfulGarden","floor":11,"key":"SMITH"},{"data":"Gatherer:BomberForm","floor":15,"key":"SMITH"},{"floor":23,"key":"REST"}],"circlet_count":0,"master_deck":["Gatherer:Strike_Gatherer","Gatherer:Strike_Gatherer","Gatherer:Strike_Gatherer","Gatherer:Strike_Gatherer","Gatherer:Strike_Gatherer","Gatherer:Defend_Gatherer","Gatherer:Defend_Gatherer","Gatherer:Defend_Gatherer","Gatherer:Defend_Gatherer","Gatherer:Defend_Gatherer","Gatherer:Centralize+1","Gatherer:FlowerWhip","TricksterDevil+1","Gatherer:FruitForce","Gatherer:FlowerShield","Gatherer:WitheringStrike","Gatherer:ColorfulGarden+1","Gatherer:Snatch","Gatherer:BomberForm+1","Gatherer:BlackTea","Gatherer:BambuSword","Pride","Writhe","Gatherer:BambuSword+1","Gatherer:GrowBook"],"relics":["Gatherer:MiracleBag","REME_ComplimentaryCards","NeowsBlessing","SsserpentHead","Dota2Spire:ArcaneBoots","HornCleat","Dota2Spire:LinkenSphere","Dota2Spire:EchoSabre","GreatHeart","Regal Pillow","Strawberry","Gambling Chip","Ginger","MawBank","Happy Flower","Dota2Spire:DrumOfEndurance"],"acts_visited":["Exordium","TheCity"],"potions_floor_usage":[18,25],"damage_taken":[{"damage":0,"enemies":"2 Louse","floor":1,"turns":1},{"damage":0,"enemies":"Cultist","floor":3,"turns":1},{"damage":0,"enemies":"Jaw Worm","floor":4,"turns":1},{"damage":17,"enemies":"3 Sentries","floor":7,"turns":9},{"damage":13,"enemies":"Exordium Wildlife","floor":10,"turns":4},{"damage":3,"enemies":"Blue Slaver","floor":12,"turns":3},{"damage":34,"enemies":"The Guardian","floor":16,"turns":11},{"damage":20,"enemies":"Chosen","floor":18,"turns":5},{"damage":0,"enemies":"3 Byrds","floor":24,"turns":5},{"damage":32,"enemies":"REME_1_Revenger","floor":25,"turns":6},{"damage":54,"enemies":"Gremlin Leader","floor":28,"turns":6},{"damage":0,"enemies":"Snake Plant","floor":30,"turns":1}],"seed_played":"-6814160759335752571","potions_obtained":[{"floor":4,"key":"SpeedPotion"},{"floor":16,"key":"BottledMiracle"},{"floor":28,"key":"Dota2Spire:HealingSalve"}],"is_trial":false,"path_per_floor":["M","?","M","M","T","R","E","R","T","M","R","M","?","$","R","B",null,"M","?","?","$","?","R","M","E","T","?","E","?","M"],"character_chosen":"THE_GATHERER","items_purchased":["Gatherer:BomberForm","Dota2Spire:EchoSabre","Regal Pillow","Strawberry"],"campfire_rested":1,"item_purchase_floors":[14,14,21,21],"current_hp_per_floor":[76,76,76,76,76,76,59,59,59,46,46,43,62,62,62,28,76,56,42,42,49,49,88,88,56,56,56,2,2,2,2,2],"gold":12,"neow_bonus":"THREE_ENEMY_KILL","is_daily":false,"chose_seed":false,"campfire_upgraded":4,"win_rate":0.0,"timestamp":1607773213,"path_taken":["M","?","M","?","?","R","E","R","T","M","R","M","?","$","R","BOSS","M","?","?","$","?","R","M","E","T","?","E","?","M"],"items_purchased_type":["Card","Relic","Relic","Relic"],"build_version":"2020-11-30","purchased_purges":0,"victory":false,"max_hp_per_floor":[76,76,76,76,76,76,76,76,76,76,76,76,76,76,76,76,76,76,81,81,88,88,88,88,88,88,88,88,88,88,88,88],"card_choices":[{"not_picked":["Gatherer:UpgradeBag","Gatherer:Convert"],"picked":"Gatherer:FruitForce","floor":1},{"not_picked":["Gatherer:VenomBarrier","Gatherer:FruitForce"],"picked":"Gatherer:FlowerShield","floor":3},{"not_picked":["Gatherer:EnergyBasket","Gatherer:TreeGrowth"],"picked":"Gatherer:WitheringStrike","floor":4},{"not_picked":["Gatherer:Herbalism","Gatherer:FruitForce","Gatherer:Frenzy"],"picked":"SKIP","floor":7},{"not_picked":["Gatherer:ScherryThrow","Gatherer:Convert"],"picked":"Gatherer:ColorfulGarden","floor":10},{"not_picked":["Gatherer:TreeGrowth","Gatherer:FlowerShield"],"picked":"Gatherer:Snatch","floor":12},{"not_picked":["Gatherer:ColorfulGarden","Gatherer:GrowBook"],"picked":"Gatherer:BlackTea","floor":16},{"not_picked":["Gatherer:FlowerBeam","Gatherer:CarefulStrike"],"picked":"Gatherer:BambuSword","floor":18},{"not_picked":["Gatherer:WoolGloves+1","Gatherer:GatherMaterial+1","Gatherer:VenomBarrier+1"],"picked":"SKIP","floor":24},{"not_picked":["Gatherer:QuickSynthesis","Gatherer:FlamingBottle"],"picked":"Gatherer:BambuSword+1","floor":25},{"not_picked":["Gatherer:SaveValuables","Gatherer:CollectorsShot+1"],"picked":"Gatherer:GrowBook","floor":28}],"player_experience":103342,"relics_obtained":[{"floor":5,"key":"Dota2Spire:ArcaneBoots"},{"floor":7,"key":"HornCleat"},{"floor":9,"key":"Dota2Spire:LinkenSphere"},{"floor":25,"key":"Ginger"},{"floor":26,"key":"MawBank"},{"floor":28,"key":"Dota2Spire:DrumOfEndurance"}],"event_choices":[{"damage_healed":0,"gold_gain":0,"player_choice":"Trade","damage_taken":0,"relics_obtained":["SsserpentHead"],"max_hp_gain":0,"max_hp_loss":0,"event_name":"FaceTrader","floor":2,"gold_loss":0},{"damage_healed":19,"gold_gain":0,"player_choice":"Healed","damage_taken":0,"max_hp_gain":0,"max_hp_loss":0,"event_name":"The Cleric","floor":13,"gold_loss":35},{"damage_healed":0,"gold_gain":0,"player_choice":"Shed Blood","damage_taken":19,"max_hp_gain":5,"max_hp_loss":0,"event_name":"Forgotten Altar","floor":19,"gold_loss":0},{"damage_healed":0,"gold_gain":0,"player_choice":"Opened","damage_taken":0,"relics_obtained":["Gambling Chip"],"max_hp_gain":0,"max_hp_loss":0,"event_name":"The Mausoleum","floor":22,"gold_loss":0,"cards_obtained":["Writhe"]},{"damage_healed":0,"gold_gain":0,"player_choice":"Obtained Relic","damage_taken":0,"relics_obtained":["Happy Flower"],"max_hp_gain":0,"max_hp_loss":0,"event_name":"Addict","floor":27,"gold_loss":85},{"damage_healed":0,"gold_gain":0,"player_choice":"Paid Fearfully","damage_taken":0,"max_hp_gain":0,"max_hp_loss":0,"event_name":"Masked Bandits","floor":29,"gold_loss":275}],"is_beta":false,"boss_relics":[{"not_picked":["Philosopher\u0027s Stone","Velvet Choker"],"picked":"Gatherer:MiracleBag"}],"items_purged_floors":[],"is_endless":false,"potions_floor_spawned":[4,16,28],"killed_by":"Snake Plant","ascension_level":0}}