{"host":"hszimsrtxxc2k25w","time":1607803936,"event":{"mods":["AchievementEnabler","BaseMod","Colored Map","DeckTracker","Minty Spire (QoL Compilation)","Rare Cards Sparkle","SuperFastMode"],"gold_per_floor":[119,134,147,166,166,166,183,183,229,245,245,258,274,294,294,371,371,382,382,399,324,324,324,356,375,400,244,244,244,244,254,254,332,332,351,251,270,145,145,173,173,173,244,244,262,277,287,137,137,137],"floor_reached":51,"playtime":2310,"items_purged":["Strike_G","Defend_G","Defend_G","Defend_G"],"score":1421,"play_id":"772735b6-138f-4842-ae9a-bde9165889cf","local_time":"20201213051216","is_ascension_mode":true,"campfire_choices":[{"data":"Prepared","floor":6.0,"key":"SMITH"},{"data":"Deadly Poison","floor":11.0,"key":"SMITH"},{"data":"All Out Attack","floor":15.0,"key":"SMITH"},{"floor":23.0,"key":"REST"},{"floor":28.0,"key":"REST"},{"data":"Acrobatics","floor":30.0,"key":"SMITH"},{"floor":32.0,"key":"REST"},{"data":"Concentrate","floor":41.0,"key":"SMITH"},{"data":"Reflex","floor":44.0,"key":"SMITH"},{"data":"Reflex","floor":49.0,"key":"SMITH"}],"circlet_count":0,"master_deck":["AscendersBane","Survivor","Neutralize+1","Deadly Poison+1","Reflex+1","Backstab","Prepared+1","Die Die Die+1","Well Laid Plans","A Thousand Cuts+1","Acrobatics+1","Acrobatics","Eviscerate","Reflex+1","Concentrate+1","Backflip+1","Choke+1"],"relics":["Ring of the Snake","Lantern","HoveringKite","Bottled Lightning","Whetstone","Empty Cage","Oddly Smooth Stone","Kunai"],"acts_visited":["Exordium","TheCity","TheBeyond"],"potions_floor_usage":[50],"damage_taken":[{"damage":6.0,"enemies":"Small Slimes","floor":1.0,"turns":4.0},{"damage":2.0,"enemies":"Jaw Worm","floor":2.0,"turns":4.0},{"damage":0.0,"enemies":"Cultist","floor":3.0,"turns":3.0},{"damage":4.0,"enemies":"2 Fungi Beasts","floor":4.0,"turns":2.0},{"damage":21.0,"enemies":"Large Slime","floor":7.0,"turns":6.0},{"damage":4.0,"enemies":"Lots of Slimes","floor":10.0,"turns":2.0},{"damage":0.0,"enemies":"3 Louse","floor":12.0,"turns":1.0},{"damage":4.0,"enemies":"Exordium Thugs","floor":13.0,"turns":2.0},{"damage":1.0,"enemies":"Lots of Slimes","floor":14.0,"turns":3.0},{"damage":19.0,"enemies":"Hexaghost","floor":16.0,"turns":10.0},{"damage":23.0,"enemies":"3 Byrds","floor":18.0,"turns":4.0},{"damage":23.0,"enemies":"Chosen","floor":20.0,"turns":5.0},{"damage":16.0,"enemies":"Gremlin Leader","floor":24.0,"turns":5.0},{"damage":0.0,"enemies":"Centurion and Healer","floor":25.0,"turns":6.0},{"damage":14.0,"enemies":"Snecko","floor":31.0,"turns":4.0},{"damage":30.0,"enemies":"Champ","floor":33.0,"turns":8.0},{"damage":13.0,"enemies":"3 Darklings","floor":35.0,"turns":3.0},{"damage":0.0,"enemies":"3 Shapes","floor":37.0,"turns":4.0},{"damage":0.0,"enemies":"Reptomancer","floor":40.0,"turns":2.0},{"damage":0.0,"enemies":"Transient","floor":45.0,"turns":6.0},{"damage":0.0,"enemies":"4 Shapes","floor":46.0,"turns":2.0},{"damage":0.0,"enemies":"Maw","floor":47.0,"turns":2.0},{"damage":0,"enemies":"Awakened One","floor":50,"turns":2}],"seed_played":"6316282497858472015","potions_obtained":[{"floor":2.0,"key":"Fire Potion"},{"floor":4.0,"key":"SpeedPotion"},{"floor":7.0,"key":"Fire Potion"},{"floor":14.0,"key":"PowerPotion"},{"floor":18.0,"key":"SteroidPotion"},{"floor":25.0,"key":"PowerPotion"},{"floor":35.0,"key":"Strength Potion"},{"floor":40.0,"key":"AttackPotion"}],"is_trial":false,"path_per_floor":["M","M","M","M","?","R","M","?","T","M","R","M","M","M","R","B",null,"M","?","M","?","?","R","E","M","T","$","R","?","R","M","R","B",null,"M","$","M","$","?","E","R","?","T","R","M","M","M","$","R","B",null],"character_chosen":"THE_SILENT","items_purchased":["Eviscerate"],"campfire_rested":3,"item_purchase_floors":[27],"current_hp_per_floor":[53,51,51,47,66,66,45,38,38,34,34,34,30,29,29,10,52,29,29,6,6,6,25,9,9,9,9,28,28,28,14,33,3,50,37,37,37,37,37,37,37,37,37,37,37,37,37,37,37,37],"gold":137,"neow_bonus":"THREE_CARDS","is_daily":false,"chose_seed":false,"campfire_upgraded":7,"win_rate":0.0,"timestamp":1607803936,"path_taken":["M","M","M","M","?","R","M","?","T","M","R","M","M","M","R","BOSS","M","?","?","?","?","R","E","M","T","$","R","?","R","M","R","BOSS","M","$","M","?","?","E","R","?","T","R","M","M","M","$","R","BOSS"],"items_purchased_type":["Card"],"build_version":"2020-11-30","purchased_purges":4,"victory":true,"max_hp_per_floor":[66,66,66,66,66,66,66,66,66,66,66,66,66,66,66,66,66,66,66,66,66,66,66,66,66,66,66,66,66,66,66,66,66,66,66,66,66,66,63,63,63,63,63,63,63,63,63,63,63,63],"card_choices":[{"not_picked":["Backflip","Accuracy"],"picked":"Deadly Poison","floor":0.0},{"not_picked":["Blade Dance","Infinite Blades"],"picked":"Reflex","floor":1.0},{"not_picked":["Deadly Poison","Footwork"],"picked":"Backstab","floor":2.0},{"not_picked":["Poisoned Stab","Outmaneuver"],"picked":"All Out Attack","floor":3.0},{"not_picked":["Backflip","Quick Slash"],"picked":"Prepared","floor":4.0},{"not_picked":["Blade Dance","Riddle With Holes","Deflect"],"picked":"SKIP","floor":7.0},{"not_picked":["PiercingWail","Backflip"],"picked":"Die Die Die","floor":10.0},{"not_picked":["Poisoned Stab","Slice","Dodge and Roll"],"picked":"SKIP","floor":12.0},{"not_picked":["Bane","Heel Hook","Prepared"],"picked":"SKIP","floor":13.0},{"not_picked":["Bouncing Flask","Caltrops"],"picked":"Well Laid Plans","floor":14.0},{"not_picked":["Doppelganger","Tools of the Trade"],"picked":"A Thousand Cuts","floor":16.0},{"not_picked":["Masterful Stab","Well Laid Plans","Skewer"],"picked":"SKIP","floor":18.0},{"not_picked":["Bouncing Flask","Distraction"],"picked":"Acrobatics","floor":20.0},{"not_picked":["Bane","Heel Hook"],"picked":"Acrobatics","floor":24.0},{"not_picked":["Underhanded Strike","Bouncing Flask","Predator"],"picked":"SKIP","floor":25.0},{"not_picked":["Acrobatics+1","Quick Slash","Cloak And Dagger"],"picked":"SKIP","floor":31.0},{"not_picked":["Setup","Flechettes"],"picked":"Concentrate","floor":35.0},{"not_picked":["Outmaneuver","Footwork"],"picked":"Backflip+1","floor":37.0},{"not_picked":["Backstab+1","Setup+1","Backflip"],"picked":"SKIP","floor":40.0},{"not_picked":["Well Laid Plans","Reflex+1"],"picked":"Choke+1","floor":45.0},{"not_picked":["Well Laid Plans+1","Dodge and Roll","Deflect"],"picked":"SKIP","floor":46.0},{"not_picked":["Dagger Throw","Predator+1","PiercingWail"],"picked":"SKIP","floor":47.0}],"player_experience":578622,"relics_obtained":[{"floor":9.0,"key":"Lantern"},{"floor":24.0,"key":"Bottled Lightning"},{"floor":26.0,"key":"Whetstone"},{"floor":40.0,"key":"Oddly Smooth Stone"},{"floor":43.0,"key":"Kunai"}],"event_choices":[{"damage_healed":22.0,"max_hp_gain":0.0,"max_hp_loss":0.0,"gold_gain":0.0,"event_name":"Big Fish","player_choice":"Banana","floor":5.0,"gold_loss":0.0,"damage_taken":0.0},{"cards_removed":["Strike_G"],"damage_healed":0.0,"max_hp_gain":0.0,"max_hp_loss":0.0,"gold_gain":0.0,"event_name":"Golden Wing","player_choice":"Card Removal","floor":8.0,"gold_loss":0.0,"damage_taken":7.0},{"damage_healed":0.0,"max_hp_gain":0.0,"max_hp_loss":0.0,"gold_gain":0.0,"event_name":"Accursed Blacksmith","player_choice":"Forge","floor":19.0,"gold_loss":0.0,"damage_taken":0.0,"cards_upgraded":["A Thousand Cuts"]},{"cards_removed":["Strike_G"],"damage_healed":0.0,"max_hp_gain":0.0,"max_hp_loss":0.0,"gold_gain":0.0,"event_name":"Beggar","player_choice":"Gave Gold","floor":21.0,"gold_loss":75.0,"damage_taken":0.0},{"cards_removed":["Strike_G"],"damage_healed":0.0,"max_hp_gain":0.0,"max_hp_loss":0.0,"gold_gain":0.0,"event_name":"Back to Basics","player_choice":"Elegance","floor":22.0,"gold_loss":0.0,"damage_taken":0.0},{"damage_healed":0.0,"max_hp_gain":0.0,"max_hp_loss":0.0,"gold_gain":0.0,"cards_transformed":["Strike_G"],"event_name":"Transmorgrifier","player_choice":"Transformed","floor":29.0,"gold_loss":0.0,"damage_taken":0.0,"cards_obtained":["Reflex"]},{"damage_healed":0.0,"max_hp_gain":0.0,"max_hp_loss":3.0,"gold_gain":0.0,"event_name":"Winding Halls","player_choice":"Max HP","floor":39.0,"gold_loss":0.0,"damage_taken":0.0},{"cards_removed":["All Out Attack"],"damage_healed":0.0,"max_hp_gain":0.0,"max_hp_loss":0.0,"gold_gain":0.0,"event_name":"Falling","player_choice":"Removed Attack","floor":42.0,"gold_loss":0.0,"damage_taken":0.0}],"is_beta":false,"boss_relics":[{"not_picked":["Cursed Key","Tiny House"],"picked":"HoveringKite"},{"not_picked":["Philosopher\u0027s Stone","Astrolabe"],"picked":"Empty Cage"}],"items_purged_floors":[27,36,38,48],"is_endless":false,"potions_floor_spawned":[2,4,7,12,14,18,25,35,40,45,46],"ascension_level":17}}