{"host":"e87rn453naquue3h","time":1607795728,"event":{"mods":["AchievementEnabler","BaseMod","Minty Spire (QoL Compilation)","Relic Stats","StSLib"],"gold_per_floor":[119,99,113,131,144,179,179,194,194,194,228,228,240,18,18,113,113,127,146,146,146,160,160,178,178,251,286,286,50,50,63,63,160,160,173,173,173,173,219,219,233,233,256,287,287,315,326,4,4,4],"floor_reached":51,"playtime":2534,"items_purged":["Defend_P","Strike_P"],"score":1363,"play_id":"ba7aa2f1-5458-4fcf-84ca-676cb555c40e","local_time":"20201212125528","is_ascension_mode":true,"campfire_choices":[{"data":"Eruption","floor":7,"key":"SMITH"},{"floor":10,"key":"REST"},{"data":"BattleHymn","floor":12,"key":"SMITH"},{"data":"ConjureBlade","floor":15,"key":"SMITH"},{"floor":23,"key":"REST"},{"floor":25,"key":"REST"},{"data":"Blasphemy","floor":28,"key":"SMITH"},{"floor":32,"key":"REST"},{"floor":40,"key":"REST"},{"floor":42,"key":"REST"},{"floor":49,"key":"REST"}],"circlet_count":0,"master_deck":["AscendersBane","Strike_P","Strike_P","Strike_P","Defend_P","Defend_P","Defend_P","Eruption+1","Vigilance","ConjureBlade+1","Consecrate","CutThroughFate","Scrawl","BattleHymn+1","ClearTheMind","MentalFortress","DeusExMachina+1","MasterReality","Halt","Conclude","Blasphemy+1","Tantrum","Finesse+1","DevaForm","Crescendo+1","EmptyMind+1"],"relics":["PureWater","Potion Belt","Letter Opener","Centennial Puzzle","Philosopher\u0027s Stone","TeardropLocket","WingedGreaves","Fusion Hammer","Incense Burner","War Paint","Molten Egg 2","Smiling Mask","Chemical X"],"acts_visited":["Exordium","TheCity","TheBeyond"],"potions_floor_usage":[6,11,11,18,33,39,39,46,47,50,50,50,50],"damage_taken":[{"damage":1,"enemies":"2 Louse","floor":1,"turns":3},{"damage":2,"enemies":"Cultist","floor":3,"turns":4},{"damage":2,"enemies":"Jaw Worm","floor":4,"turns":3},{"damage":11,"enemies":"3 Louse","floor":5,"turns":3},{"damage":0,"enemies":"3 Sentries","floor":6,"turns":1},{"damage":0,"enemies":"Large Slime","floor":8,"turns":3},{"damage":0,"enemies":"Lagavulin","floor":11,"turns":4},{"damage":5,"enemies":"Blue Slaver","floor":13,"turns":2},{"damage":48,"enemies":"Hexaghost","floor":16,"turns":7},{"damage":1,"enemies":"Shell Parasite","floor":18,"turns":2},{"damage":9,"enemies":"Chosen","floor":19,"turns":2},{"damage":9,"enemies":"Centurion and Healer","floor":22,"turns":4},{"damage":23,"enemies":"Sentry and Sphere","floor":24,"turns":4},{"damage":0,"enemies":"Gremlin Leader","floor":27,"turns":3},{"damage":11,"enemies":"Snecko","floor":31,"turns":3},{"damage":19,"enemies":"Automaton","floor":33,"turns":3},{"damage":10,"enemies":"3 Shapes","floor":35,"turns":3},{"damage":56,"enemies":"2 Orb Walkers","floor":39,"turns":4},{"damage":11,"enemies":"Orb Walker","floor":41,"turns":3},{"damage":5,"enemies":"Reptomancer","floor":44,"turns":3},{"damage":6,"enemies":"Nemesis","floor":46,"turns":3},{"damage":24,"enemies":"4 Shapes","floor":47,"turns":3},{"damage":2,"enemies":"Awakened One","floor":50,"turns":3}],"seed_played":"1343356119083577938","potions_obtained":[{"floor":2,"key":"ColorlessPotion"},{"floor":4,"key":"SteroidPotion"},{"floor":5,"key":"EntropicBrew"},{"floor":8,"key":"SteroidPotion"},{"floor":13,"key":"FearPotion"},{"floor":22,"key":"SteroidPotion"},{"floor":39,"key":"ColorlessPotion"},{"floor":47,"key":"Explosive Potion"}],"is_trial":false,"path_per_floor":["M","?","M","M","M","E","R","M","T","R","E","R","M","$","R","B",null,"M","M","?","?","M","R","M","R","T","E","R","$","?","M","R","B",null,"M","?","?","$","?","R","M","R","T","E","?","E","M","$","R","B",null],"character_chosen":"WATCHER","items_purchased":["DeusExMachina","Tantrum","Finesse","Chemical X","DistilledChaos","SkillPotion","SkillPotion"],"campfire_rested":7,"item_purchase_floors":[14,29,29,48,48,48,48],"current_hp_per_floor":[64,64,62,60,49,49,49,49,49,70,70,70,65,65,65,17,58,57,48,35,35,26,49,26,49,49,49,49,49,49,38,61,42,68,58,58,58,58,2,25,14,37,37,32,32,26,2,2,25,23],"gold":4,"neow_bonus":"ONE_RANDOM_RARE_CARD","is_daily":false,"chose_seed":false,"campfire_upgraded":4,"win_rate":0.0,"timestamp":1607795728,"path_taken":["M","?","M","M","M","E","R","M","T","R","E","R","M","$","R","BOSS","M","M","?","?","M","R","M","R","T","E","R","$","?","M","R","BOSS","M","?","?","?","?","R","?","R","T","E","?","E","M","$","R","BOSS"],"items_purchased_type":["Card","Card","Card","Relic","Potion","Potion","Potion"],"build_version":"2020-11-30","purchased_purges":2,"victory":true,"max_hp_per_floor":[72,72,72,72,72,72,72,72,72,72,72,72,72,72,72,72,72,72,72,77,77,77,77,77,77,77,77,77,77,77,77,77,77,77,77,77,77,77,77,77,77,77,77,77,77,77,77,77,77,77],"relic_stats":{"Centennial Puzzle":[48],"counters":[23,73],"Letter Opener":[232],"Chemical X":[2],"War Paint":["DeusExMachina","Finesse"],"Smiling Mask":0,"obtain_stats":[{"Potion Belt":6,"Incense Burner":39,"Letter Opener":9,"TeardropLocket":26,"War Paint":43,"Smiling Mask":46,"Centennial Puzzle":11,"Philosopher\u0027s Stone":17,"Molten Egg 2":44,"WingedGreaves":27,"Fusion Hammer":34,"Chemical X":48,"PureWater":0},{"Potion Belt":5,"Incense Burner":18,"Letter Opener":6,"TeardropLocket":13,"War Paint":19,"Smiling Mask":21,"Centennial Puzzle":7,"Philosopher\u0027s Stone":9,"Molten Egg 2":20,"WingedGreaves":14,"Fusion Hammer":16,"Chemical X":22,"PureWater":0},{"Potion Belt":14,"Incense Burner":58,"Letter Opener":17,"TeardropLocket":42,"War Paint":61,"Smiling Mask":67,"Centennial Puzzle":21,"Philosopher\u0027s Stone":30,"Molten Egg 2":64,"WingedGreaves":45,"Fusion Hammer":51,"Chemical X":70,"PureWater":0}]},"card_choices":[{"not_picked":["FollowUp","Perseverance"],"picked":"Consecrate","floor":1},{"not_picked":["InnerPeace","Prostrate"],"picked":"CutThroughFate","floor":3},{"not_picked":["Worship","Consecrate"],"picked":"Tantrum","floor":4},{"not_picked":["PathToVictory","DeceiveReality","SashWhip"],"picked":"SKIP","floor":5},{"not_picked":["TalkToTheHand","Consecrate"],"picked":"Scrawl","floor":6},{"not_picked":["Protect","ThirdEye"],"picked":"BattleHymn","floor":8},{"not_picked":["Worship","ThirdEye"],"picked":"ClearTheMind","floor":11},{"not_picked":["EmptyFist","DeceiveReality"],"picked":"MentalFortress","floor":13},{"not_picked":["DeusExMachina","Alpha"],"picked":"MasterReality","floor":16},{"not_picked":["JustLucky","Tantrum"],"picked":"Halt","floor":18},{"not_picked":["FollowUp","Study","Protect"],"picked":"SKIP","floor":19},{"not_picked":["Pray+1","FlurryOfBlows","PathToVictory"],"picked":"SKIP","floor":22},{"not_picked":["JustLucky","SashWhip"],"picked":"Conclude","floor":24},{"not_picked":["FlyingSleeves","InnerPeace"],"picked":"Blasphemy","floor":27},{"not_picked":["Pray","FlyingSleeves","Evaluate+1"],"picked":"SKIP","floor":31},{"not_picked":["DeusExMachina","Brilliance"],"picked":"DevaForm","floor":33},{"not_picked":["Consecrate+1","ForeignInfluence"],"picked":"Crescendo+1","floor":35},{"not_picked":["Conclude","CutThroughFate+1"],"picked":"EmptyMind+1","floor":39},{"not_picked":["CarveReality","Study","DeceiveReality"],"picked":"SKIP","floor":41},{"not_picked":["ThirdEye","Evaluate","BowlingBash+1"],"picked":"SKIP","floor":44},{"not_picked":["Perseverance","SandsOfTime+1","Alpha"],"picked":"SKIP","floor":46},{"not_picked":["FollowUp+1","SashWhip+1","ClearTheMind"],"picked":"SKIP","floor":47}],"player_experience":2256960,"relics_obtained":[{"floor":6,"key":"Potion Belt"},{"floor":9,"key":"Letter Opener"},{"floor":11,"key":"Centennial Puzzle"},{"floor":26,"key":"TeardropLocket"},{"floor":27,"key":"WingedGreaves"},{"floor":39,"key":"Incense Burner"},{"floor":43,"key":"War Paint"},{"floor":44,"key":"Molten Egg 2"},{"floor":46,"key":"Smiling Mask"}],"event_choices":[{"damage_healed":0,"gold_gain":0,"player_choice":"Bought 1 Potion","damage_taken":0,"max_hp_gain":0,"max_hp_loss":0,"event_name":"The Woman in Blue","floor":2,"gold_loss":0},{"damage_healed":0,"gold_gain":0,"player_choice":"Shed Blood","damage_taken":18,"max_hp_gain":5,"max_hp_loss":0,"event_name":"Forgotten Altar","floor":20,"gold_loss":0},{"damage_healed":0,"gold_gain":0,"player_choice":"Ignored","damage_taken":0,"max_hp_gain":0,"max_hp_loss":0,"event_name":"Vampires","floor":21,"gold_loss":0},{"damage_healed":0,"gold_gain":0,"player_choice":"Memory 1","damage_taken":0,"max_hp_gain":0,"max_hp_loss":0,"event_name":"SensoryStone","floor":36,"gold_loss":0},{"cards_removed":["Tantrum"],"damage_healed":0,"gold_gain":0,"player_choice":"Removed Attack","damage_taken":0,"max_hp_gain":0,"max_hp_loss":0,"event_name":"Falling","floor":37,"gold_loss":0},{"damage_healed":0,"gold_gain":0,"player_choice":"Fight","damage_taken":0,"max_hp_gain":0,"max_hp_loss":0,"event_name":"Mysterious Sphere","floor":39,"gold_loss":0},{"damage_healed":0,"gold_gain":0,"player_choice":"Ignored","damage_taken":0,"max_hp_gain":0,"max_hp_loss":0,"event_name":"Tomb of Lord Red Mask","floor":45,"gold_loss":0}],"is_beta":false,"boss_relics":[{"not_picked":["Calling Bell","Coffee Dripper"],"picked":"Philosopher\u0027s Stone"},{"not_picked":["Black Star","Runic Pyramid"],"picked":"Fusion Hammer"}],"items_purged_floors":[14,29],"is_endless":false,"potions_floor_spawned":[4,5,8,11,13,22,24,39,47],"ascension_level":12}}