{"host":"g1wmg2w41xhsnw8g","time":1607748123,"event":{"mods":["2.2 Compatiblity","Act Like it!","BaseMod","Better Altar","Better Match","Better Note","Better Sensory Stone","Better Skull","Better Third Choice","BetterRewards","Booster Modes","CapriCore","ChefMod","Colored Map","Colored Powertips","Curses Come First","Defuse TimeMaze Blight","Displayed Cursed Tome","Friendly Minions","GifTheSpireLib","Googly Eyes","Infinite Spire","Minty Spire (QoL Compilation)","Red Circlet Mod","Relic Sorter","SCP261 Mod","Shop Mod","Spicy Shops","StSLib","The Construct","The Sage","Transform Curses","Wandering Minibosses","????"],"gold_per_floor":[109,119,119,119,132,150,150,150,150],"floor_reached":8,"playtime":407,"items_purged":[],"score":48,"play_id":"933031dd-80cc-4151-a970-1cfde0762044","local_time":"20201211234203","is_ascension_mode":false,"campfire_choices":[],"circlet_count":0,"master_deck":["construct:Strike_Gold","construct:Strike_Gold","construct:Strike_Gold","construct:Strike_Gold","construct:Strike_Gold","construct:Defend_Gold","construct:Defend_Gold","construct:Defend_Gold","construct:Defend_Gold","construct:Defend_Gold","construct:AttackMode","construct:DefenseMode","construct:Failsafe"],"relics":["construct:Cogwheel","Singing Bowl","Prayer Wheel"],"acts_visited":["Exordium"],"potions_floor_usage":[5,8],"damage_taken":[{"damage":1,"enemies":"Cultist","floor":1,"turns":4},{"damage":0,"enemies":"2 Louse","floor":2,"turns":3},{"damage":5,"enemies":"Jaw Worm","floor":5,"turns":4},{"damage":14,"enemies":"Red Slaver","floor":6,"turns":4},{"damage":72,"enemies":"Lagavulin","floor":8,"turns":7}],"seed_played":"1993996337944333056","potions_obtained":[{"floor":1,"key":"ColorlessPotion"},{"floor":6,"key":"AttackPotion"}],"is_trial":false,"path_per_floor":["M","M","$","?","M","M","T","E"],"character_chosen":"THE_CONSTRUCT_MOD","items_purchased":["Singing Bowl"],"campfire_rested":0,"item_purchase_floors":[0],"current_hp_per_floor":[84,86,86,79,76,64,64,0,0],"gold":150,"neow_bonus":"","is_daily":false,"chose_seed":false,"campfire_upgraded":0,"win_rate":0.0,"timestamp":1607748123,"path_taken":["M","M","?","?","M","M","?","E"],"items_purchased_type":["Relic"],"build_version":"2020-11-30","purchased_purges":0,"victory":false,"max_hp_per_floor":[85,87,87,87,89,91,91,91,91],"card_choices":[{"not_picked":["construct:Agitation","construct:Reinforce"],"picked":"construct:Failsafe","floor":1},{"not_picked":["construct:ScrapCannon","construct:Isolate","construct:SuppressiveFire"],"picked":"Singing Bowl","floor":2},{"not_picked":["construct:ScopeCore","construct:FlammableFog","construct:HeavyBolt"],"picked":"Singing Bowl","floor":5},{"not_picked":["construct:PhosphorStorm","construct:QuickAttack","construct:FlammableFog"],"picked":"Singing Bowl","floor":6}],"player_experience":836367,"relics_obtained":[{"floor":7,"key":"Prayer Wheel"}],"event_choices":[{"cards_removed":["Clumsy"],"damage_healed":0,"gold_gain":0,"player_choice":"Card Removal","damage_taken":7,"max_hp_gain":0,"max_hp_loss":0,"event_name":"Golden Wing","floor":4,"gold_loss":0}],"is_beta":false,"boss_relics":[],"items_purged_floors":[],"is_endless":false,"potions_floor_spawned":[1,6],"killed_by":"Lagavulin","ascension_level":0}}