{"host":"i344ixtilokuekwt","time":1607812320,"event":{"mods":["BaseMod","Card Forge","Colored Powertips","Minty Spire (QoL Compilation)","Quick Restart","Relic Stats","StSLib"],"gold_per_floor":[110,110,130,144,159,159,159],"floor_reached":6,"playtime":289,"items_purged":[],"score":76,"play_id":"eaadfa91-8c56-41f3-9074-e7ed30d5095f","local_time":"20201212173200","is_ascension_mode":true,"campfire_choices":[],"circlet_count":0,"master_deck":["AscendersBane","Strike_P","Strike_P","Strike_P","Strike_P","Defend_P","Defend_P","Defend_P","Defend_P","Eruption","Vigilance","TalkToTheHand","Tantrum","ClearTheMind","Consecrate"],"relics":["PureWater","Hammer of Thor","Seething Fire","Anvil of the Gods","Blood Vial"],"acts_visited":["Exordium"],"potions_floor_usage":[],"damage_taken":[{"damage":1,"enemies":"Small Slimes","floor":1,"turns":5},{"damage":0,"enemies":"Jaw Worm","floor":3,"turns":5},{"damage":0,"enemies":"2 Louse","floor":4,"turns":2},{"damage":27,"enemies":"Gremlin Gang","floor":5,"turns":5},{"damage":69,"enemies":"Gremlin Nob","floor":6,"turns":4}],"seed_played":"-5849893121084046188","potions_obtained":[{"floor":4,"key":"SteroidPotion"}],"is_trial":false,"path_per_floor":["M","?","M","M","M","E"],"character_chosen":"WATCHER","items_purchased":[],"campfire_rested":0,"item_purchase_floors":[],"current_hp_per_floor":[62,67,69,71,46,0,0],"gold":159,"neow_bonus":"RANDOM_COMMON_RELIC","is_daily":false,"chose_seed":false,"campfire_upgraded":0,"win_rate":0.0,"timestamp":1607812320,"path_taken":["M","?","M","M","M","E"],"items_purchased_type":[],"build_version":"2020-11-30","purchased_purges":0,"victory":false,"max_hp_per_floor":[68,73,73,73,73,73,73],"relic_stats":{"Blood Vial":10,"counters":[5,21],"obtain_stats":[{"Blood Vial":0,"Anvil of the Gods":0,"Hammer of Thor":0,"Seething Fire":0,"PureWater":0},{"Blood Vial":0,"Anvil of the Gods":0,"Hammer of Thor":0,"Seething Fire":0,"PureWater":0},{"Blood Vial":0,"Anvil of the Gods":0,"Hammer of Thor":0,"Seething Fire":0,"PureWater":0}]},"card_choices":[{"not_picked":["EmptyBody","EmptyFist"],"picked":"TalkToTheHand","floor":1},{"not_picked":["InnerPeace","CutThroughFate"],"picked":"Tantrum","floor":3},{"not_picked":["SandsOfTime","WindmillStrike"],"picked":"ClearTheMind","floor":4},{"not_picked":["Halt","PathToVictory"],"picked":"Consecrate","floor":5}],"player_experience":648312,"relics_obtained":[],"event_choices":[{"damage_healed":0,"gold_gain":0,"player_choice":"Donut","damage_taken":0,"max_hp_gain":5,"max_hp_loss":0,"event_name":"Big Fish","floor":2,"gold_loss":0}],"is_beta":false,"boss_relics":[],"items_purged_floors":[],"is_endless":false,"potions_floor_spawned":[4],"killed_by":"Gremlin Nob","ascension_level":20}}