{"host":"s3g5dmvfnpdztvul","time":1607787764,"event":{"mods":["AchievementEnabler","AlwaysNeverKeys","Aspiration","BaseMod","Better Altar","Better Match","Better Note","Better Sensory Stone","Better Vampires","BetterRewards","CatGirl Mod","Challenge The Spire","Colored Map","Colored Powertips","Colorless Booster Pack","Conspire","Curses Come First","DeckTracker","Displayed Cursed Tome","Downfall","Energized Spire","Fiend Mod","Friendly Minions","GifTheSpireLib","Hubris","Hyrulean Relics","Infinite Spire","Ironclad Rager","Jedi Mod","Marisa????????","Marked Mod","Mimic Mod","Minty Spire (QoL Compilation)","Permanent Neow","Quick Restart","Railgun Mod","Random Character Button","Rare Cards Sparkle","Replay The Spire","SCP261 Mod","Shade Mod","Small Relic Pack","Spicy Shops","Spikes Relics","StSLib","Stuff the Spire","The Alterego","The Blue Laboratory","The Clintock","The Cursed","The Factory","The Jungle","The Necromancer","TheSwordswoman","Trackpad","Unceasing Turn Reminder","Virulent Crown","Waifu the Spire","Wandering Minibosses","vexMod"],"gold_per_floor":[114,114,124,124,22,22,53,71,71,89,120,120,135,146,146,241,241,253,253,213,229,229,229,260,260,296,313,9,9,19,36,36,136,136,153,78,78,53,13,38,38,38,38],"floor_reached":42,"playtime":2854,"items_purged":[],"score":657,"play_id":"2c1fc6cc-ef2f-423a-a861-9cb5ef13b7bf","local_time":"20201212104244","is_ascension_mode":true,"campfire_choices":[{"data":"alterego_mod:1TonWallop","floor":6,"key":"SMITH"},{"floor":12,"key":"REST"},{"data":"alterego_mod:Venus","floor":15,"key":"SMITH"},{"floor":23,"key":"REST"},{"floor":25,"key":"REST"},{"floor":29,"key":"REST"},{"floor":32,"key":"REST"},{"floor":41,"key":"REST"}],"circlet_count":0,"master_deck":["alterego_mod:Strike","alterego_mod:Strike","alterego_mod:Strike","alterego_mod:Strike","alterego_mod:Defend","alterego_mod:Defend","alterego_mod:Defend","alterego_mod:Defend","alterego_mod:Impale","alterego_mod:BigMeatyClaws","alterego_mod:BrynhildrsRune","alterego_mod:Punishment","alterego_mod:Complex","alterego_mod:Jiggle","alterego_mod:Mirror","alterego_mod:GachaTicket","alterego_mod:Exercise","alterego_mod:BiFurious","alterego_mod:1TonWallop+1","alterego_mod:Venus+1","alterego_mod:SakuraFive","alterego_mod:Swimsuit","alterego_mod:BusterCard","alterego_mod:Skirt","alterego_mod:Venus","alterego_mod:ChallengeComplete+1","alterego_mod:BiFurious","alterego_mod:SakuraFive","alterego_mod:SakuraLabyrinth","alterego_mod:Jiggle","alterego_mod:Valkyrie","alterego_mod:1TonWallop","alterego_mod:Punishment","alterego_mod:Mirror","alterego_mod:Skirt+1","Pride","alterego_mod:Jiggle","alterego_mod:SideboobHour","alterego_mod:BiFurious+1","alterego_mod:ClassAdvantage","expansioncontent:BronzeBeam","alterego_mod:ChallengeComplete","Wraith","alterego_mod:Mirror"],"relics":["alterego_mod:MasochisticConstitution","aspiration:Nostalgia","Vampire_Amulet","conspire:BottledYoYo","RollingBoulder","Turnip","vexMod:BigBerry","relicPack:OneForAll","Pen Nib","trackpad:ByrdCharm","Simple Rune","conspire:SeveredTorchhead","hubris:Metronome"],"acts_visited":["Exordium","TheCity","TheBeyond"],"potions_floor_usage":[10,13,16,21,31,33,33,35,40,40],"damage_taken":[{"damage":13,"enemies":"Cultist","floor":1,"turns":5},{"damage":10,"enemies":"Small Slimes","floor":3,"turns":4},{"damage":30,"enemies":"3 Sentries","floor":7,"turns":6},{"damage":10,"enemies":"conspire:RoseBush","floor":8,"turns":1},{"damage":11,"enemies":"Looter","floor":10,"turns":3},{"damage":0,"enemies":"Gremlin Nob","floor":11,"turns":2},{"damage":3,"enemies":"Gremlin Gang","floor":13,"turns":3},{"damage":7,"enemies":"2 Fungi Beasts","floor":14,"turns":3},{"damage":7,"enemies":"Slime Boss","floor":16,"turns":3},{"damage":20,"enemies":"2 Thieves","floor":18,"turns":3},{"damage":38,"enemies":"Chosen","floor":21,"turns":6},{"damage":51,"enemies":"Nightmare","floor":24,"turns":8},{"damage":14,"enemies":"Shelled Parasite and Fungi","floor":26,"turns":5},{"damage":26,"enemies":"Shelled Parasite and Fungi","floor":27,"turns":6},{"damage":8,"enemies":"Sentry and Sphere","floor":30,"turns":4},{"damage":20,"enemies":"Centurion and Healer","floor":31,"turns":3},{"damage":89,"enemies":"conspire:MysteriousRune","floor":33,"turns":11},{"damage":7,"enemies":"Orb Walker","floor":35,"turns":4},{"damage":61,"enemies":"Nemesis","floor":40,"turns":7},{"damage":96,"enemies":"3 Darklings","floor":42,"turns":6}],"seed_played":"-5312315509304918992","potions_obtained":[{"floor":3,"key":"blueLaboratory:FruitPreserves"},{"floor":11,"key":"Fire Potion"},{"floor":14,"key":"SneckoOil"},{"floor":16,"key":"blueLaboratory:FruitPunch"},{"floor":27,"key":"blueLaboratory:PolymorphPotion"},{"floor":30,"key":"blueLaboratory:ExaltedPotion"},{"floor":31,"key":"blueLaboratory:BottledHope"},{"floor":33,"key":"jedi:StrikingPotion"},{"floor":39,"key":"ColorlessPotion"},{"floor":39,"key":"CultistPotion"},{"floor":39,"key":"LiquidBronze"}],"is_trial":false,"path_per_floor":["M","?","M","?","$","R","E","M","T","M","E","R","M","M","R","B",null,"M","?","?","M","?","R","NM","R","MIM","M","$","R","M","M","R","B",null,"M","?","?","?","?","E","R","M"],"character_chosen":"The_Alterego","items_purchased":["alterego_mod:1TonWallop","alterego_mod:Belle","Simple Rune","alterego_mod:1TonWallop","alterego_mod:Punishment","alterego_mod:Mirror"],"campfire_rested":6,"item_purchase_floors":[5,5,28,28,28,28],"current_hp_per_floor":[60,60,55,55,55,55,39,32,32,40,42,64,70,75,75,75,108,93,93,93,67,67,100,59,92,88,67,67,101,98,83,117,38,118,114,114,114,114,114,56,92,0,0],"gold":38,"neow_bonus":"NOSTALGIA","is_daily":false,"chose_seed":false,"campfire_upgraded":2,"win_rate":0.0,"timestamp":1607787764,"path_taken":["M","?","?","?","$","R","E","M","T","M","E","R","M","M","R","BOSS","M","?","?","?","?","R","NM","R","MIM","M","$","R","?","?","R","BOSS","M","?","?","?","?","E","R","M"],"items_purchased_type":["Card","Card","Relic","Card","Card","Card"],"build_version":"2020-11-30","purchased_purges":0,"victory":false,"max_hp_per_floor":[71,71,72,72,72,72,73,74,74,75,75,75,76,77,77,78,108,109,109,109,112,112,112,113,113,114,115,115,115,116,117,117,118,118,119,119,119,119,119,120,120,120,120],"card_choices":[{"not_picked":["alterego_mod:Cooking","alterego_mod:Mirror"],"picked":"alterego_mod:Punishment","floor":1},{"not_picked":["alterego_mod:PerceptionDisorder","alterego_mod:Schoolgirl"],"picked":"alterego_mod:Complex","floor":3},{"not_picked":["alterego_mod:Lingerie","alterego_mod:Cushion"],"picked":"alterego_mod:Venus","floor":7},{"not_picked":["alterego_mod:Jiggle","alterego_mod:Undulate"],"picked":"alterego_mod:Belle","floor":8},{"not_picked":["alterego_mod:BreastValley","alterego_mod:Crossover"],"picked":"alterego_mod:SakuraFive","floor":10},{"not_picked":["alterego_mod:PainIsPleasure","alterego_mod:Complex"],"picked":"alterego_mod:Swimsuit","floor":11},{"not_picked":["alterego_mod:PresenceConcealment","alterego_mod:Support"],"picked":"alterego_mod:BusterCard","floor":13},{"not_picked":["alterego_mod:Mirror","alterego_mod:Jiggle"],"picked":"alterego_mod:Skirt","floor":14},{"not_picked":["alterego_mod:Vow","alterego_mod:SideboobHour"],"picked":"alterego_mod:Venus","floor":16},{"not_picked":["alterego_mod:Nekomimi","alterego_mod:Cycle+1"],"picked":"alterego_mod:ChallengeComplete+1","floor":18},{"not_picked":["alterego_mod:Bounce","alterego_mod:Jiggle"],"picked":"alterego_mod:SakuraFive","floor":21},{"not_picked":["alterego_mod:DestructionOfProperty","alterego_mod:Clones+1"],"picked":"alterego_mod:SakuraLabyrinth","floor":24},{"not_picked":["alterego_mod:BustOut","alterego_mod:Crossover"],"picked":"alterego_mod:Jiggle","floor":26},{"not_picked":["alterego_mod:1TonWallop","alterego_mod:Punishment"],"picked":"alterego_mod:Valkyrie","floor":27},{"not_picked":["alterego_mod:DeftHands","alterego_mod:DustData"],"picked":"alterego_mod:Skirt+1","floor":30},{"not_picked":["alterego_mod:Bounce","alterego_mod:Cycle"],"picked":"alterego_mod:Jiggle","floor":31},{"not_picked":["alterego_mod:Lift","alterego_mod:IdEs"],"picked":"alterego_mod:SideboobHour","floor":33},{"not_picked":["alterego_mod:MaintainEyeContact","alterego_mod:Complex"],"picked":"alterego_mod:BiFurious+1","floor":35},{"not_picked":["alterego_mod:InsideBaseball","alterego_mod:VirginLaserPalladion"],"picked":"alterego_mod:ClassAdvantage","floor":36},{"not_picked":["Deep Breath","Specialist"],"picked":"expansioncontent:BronzeBeam","floor":36},{"not_picked":["alterego_mod:IndependentAction","alterego_mod:Exercise"],"picked":"alterego_mod:ChallengeComplete","floor":36},{"not_picked":["alterego_mod:Nekomimi","alterego_mod:AlterEgo"],"picked":"alterego_mod:Mirror","floor":40}],"player_experience":501440,"relics_obtained":[{"floor":7,"key":"conspire:BottledYoYo"},{"floor":9,"key":"RollingBoulder"},{"floor":11,"key":"Turnip"},{"floor":24,"key":"Pen Nib"},{"floor":26,"key":"trackpad:ByrdCharm"},{"floor":40,"key":"hubris:Metronome"}],"event_choices":[{"cards_removed":["alterego_mod:Strike"],"damage_healed":0,"gold_gain":0,"player_choice":"Offered Basic","damage_taken":0,"max_hp_gain":0,"max_hp_loss":0,"event_name":"Bonfire Elementals","floor":2,"gold_loss":0},{"damage_healed":0,"gold_gain":0,"player_choice":"Upgraded Two","damage_taken":0,"max_hp_gain":0,"max_hp_loss":0,"event_name":"Designer","floor":20,"gold_loss":40,"cards_upgraded":["alterego_mod:Defend","alterego_mod:Defend"]},{"damage_healed":0,"gold_gain":0,"player_choice":"1","damage_taken":0,"max_hp_gain":0,"max_hp_loss":0,"event_name":"betterMatch:BetterMatch","floor":36,"gold_loss":0,"cards_obtained":["betterMatch:RareCard","betterMatch:ColorlessUncommonCard","betterMatch:UncommonCard"]},{"damage_healed":0,"gold_gain":0,"player_choice":"Ignored","damage_taken":0,"max_hp_gain":0,"max_hp_loss":0,"event_name":"OrinTheCat","floor":37,"gold_loss":0},{"damage_healed":0,"gold_gain":0,"player_choice":"Bought 3 Potions","damage_taken":0,"max_hp_gain":0,"max_hp_loss":0,"event_name":"The Woman in Blue","floor":39,"gold_loss":0}],"is_beta":false,"boss_relics":[{"not_picked":["Runic Dome","jedi:paperlyon"],"picked":"vexMod:BigBerry"},{"not_picked":["Busted Crown","Replay:Drink Me"],"picked":"conspire:SeveredTorchhead"}],"items_purged_floors":[],"is_endless":true,"potions_floor_spawned":[3,11,14,16,27,30,31,33],"killed_by":"3 Darklings","ascension_level":2}}