{"host":"87qycazfqg3dn1g9","time":1607816951,"event":{"mods":["AchievementEnabler","BaseMod","BetterRewards","Minty Spire (QoL Compilation)","Shop Mod","StSLib"],"gold_per_floor":[113,132,12,12,28,28,47,73,100,114,129,129,129],"floor_reached":12,"playtime":373,"items_purged":[],"score":131,"play_id":"3c8c3343-1159-4468-bc46-e3d7f08955c4","local_time":"20201212184911","is_ascension_mode":true,"campfire_choices":[{"floor":6,"key":"REST"}],"circlet_count":0,"master_deck":["AscendersBane","Strike_B","Strike_B","Strike_B","Strike_B","Defend_B","Defend_B","Defend_B","Defend_B","Zap","Dualcast","Storm+1","Consume","Forethought","Reinforced Body","Electrodynamics","BootSequence","Defragment","Capacitor","Self Repair"],"relics":["Cracked Core","MerchantsRug","Tiny Chest","Smiling Mask"],"acts_visited":["Exordium"],"potions_floor_usage":[8,10,12],"damage_taken":[{"damage":11,"enemies":"Cultist","floor":1,"turns":4},{"damage":0,"enemies":"Small Slimes","floor":2,"turns":3},{"damage":14,"enemies":"Jaw Worm","floor":5,"turns":3},{"damage":8,"enemies":"Blue Slaver","floor":7,"turns":3},{"damage":10,"enemies":"3 Sentries","floor":8,"turns":3},{"damage":19,"enemies":"Lots of Slimes","floor":10,"turns":3},{"damage":6,"enemies":"2 Fungi Beasts","floor":11,"turns":3},{"damage":20,"enemies":"Lagavulin","floor":12,"turns":2}],"seed_played":"-6589116048677787531","potions_obtained":[{"floor":5,"key":"SkillPotion"},{"floor":7,"key":"Swift Potion"},{"floor":11,"key":"ColorlessPotion"}],"is_trial":false,"path_per_floor":["M","M","$","?","M","R","M","E","T","M","M","E"],"character_chosen":"DEFECT","items_purchased":["MerchantsRug","Storm","Consume","Centennial Puzzle","Electrodynamics"],"campfire_rested":1,"item_purchase_floors":[0,0,0,0,3],"current_hp_per_floor":[49,49,49,49,35,57,49,39,39,20,14,0,0],"gold":129,"neow_bonus":"","is_daily":false,"chose_seed":false,"campfire_upgraded":0,"win_rate":0.0,"timestamp":1607816951,"path_taken":["M","M","$","?","M","R","M","E","T","M","?","E"],"items_purchased_type":["Relic","Card","Card","Relic","Card"],"build_version":"2020-11-30","purchased_purges":0,"victory":false,"max_hp_per_floor":[75,75,75,75,75,75,75,75,75,75,75,75,75],"card_choices":[{"not_picked":["Go for the Eyes","Coolheaded","Barrage"],"picked":"SKIP","floor":1},{"not_picked":["Glacier","Compile Driver"],"picked":"Reinforced Body","floor":2},{"not_picked":["Coolheaded","Streamline"],"picked":"BootSequence","floor":5},{"not_picked":["Auto Shields","Skim"],"picked":"Defragment","floor":7},{"not_picked":["Turbo","Steam"],"picked":"Capacitor","floor":8},{"not_picked":["Chaos","Beam Cell","Cold Snap"],"picked":"SKIP","floor":10},{"not_picked":["Stack","Turbo"],"picked":"Self Repair","floor":11}],"player_experience":210085,"relics_obtained":[{"floor":8,"key":"Tiny Chest"},{"floor":9,"key":"Smiling Mask"}],"event_choices":[{"damage_healed":0,"gold_gain":0,"player_choice":"Forge","damage_taken":0,"max_hp_gain":0,"max_hp_loss":0,"event_name":"Accursed Blacksmith","floor":4,"gold_loss":0,"cards_upgraded":["Storm"]}],"is_beta":false,"boss_relics":[],"items_purged_floors":[],"is_endless":false,"potions_floor_spawned":[5,7,11],"killed_by":"Lagavulin","ascension_level":12}}