{"host":"s6j6wbnel3dcb97r","time":1607816998,"event":{"mods":["Act Like it!","Aspiration","BaseMod","Better Altar","Better Note","Better Skull","CapriCore","Chen","Colored Powertips","Conjunction","Conspire","Curses Come First","Elementarium","Energized Spire","Gensokyo","Hermit","Hubris","Infinite Spire","Koishi","Marisa????????","Marked Mod","Minty Spire (QoL Compilation)","Nova Terra(??·??)","Onozuka Komachi Mod","Puzzle Mod","Quick Restart","RNG Fix","Red Circlet Mod","Reimu??????","Remilia??????","Retaliation","Spicy Shops","StSLib","Td1madao Mod","The Administrix","The Animator","The Blue Laboratory","The Construct","The Disciple","The Immortal","The Jungle","The Necromancer","The Runesmith","The Servant 0.9.4","TheFirefly","Uncapped","Youmu??????","Yuyuko"],"gold_per_floor":[137,155,165,165,165,193,210,210,260,260,27,54,65,15,15,132,132,160,160,38,253,27,27,27,27,27,47,47,47,85,111,111,221,246,278,278,308,333,333,333],"floor_reached":39,"playtime":4937,"items_purged":[],"score":381,"play_id":"03665164-58bf-4218-8780-929b03e6d442","local_time":"20201212154958","is_ascension_mode":false,"campfire_choices":[{"floor":8.0,"key":"REST"},{"data":"animator:EmiyaShirou","floor":10.0,"key":"SMITH"},{"data":"animator:Add","floor":15.0,"key":"SMITH"},{"floor":23,"key":"RECALL"},{"data":"animator:Biyorigo","floor":25,"key":"SMITH"},{"floor":32,"key":"REST"}],"circlet_count":0,"master_deck":["animator:Strike_NoGameNoLife","animator:Defend_NoGameNoLife","animator:Strike","animator:Strike","animator:Strike","animator:Defend+1","animator:Defend","animator:Defend","animator:DolaSchwi","animator:DolaCouronne","animator:TukaLunaMarceau+1","animator:DolaRiku","animator:EmiyaShirou+1","animator:Jibril","animator:DolaSchwi","animator:Konayuki","animator:Magilou","animator:Shuna","animator:Add+1","conspire:SpireCoStock","animator:Biyorigo+1","animator:Souei","animator:Ara","animator:GazelDwargon","animator:Souei","infinitespire:FutureSight","infinitespire:SevenWalls","animator:Gilgamesh+1","animator:Konayuki","animator:Greed","hubris:Rewind","animator:Shuna","animator:WinryRockbell"],"relics":["animator:LivingPicture","animator:TheMissingPiece","animator:PurgingStone","hubris:Towel","Toy Ornithopter","TentaclePot:ReiMu","animator:EngravedStaff","Orichalcum","Lee\u0027s Waffle","HandDrill","Pantograph","construct:ClawGrip","Gambling Chip","aspiration:RitualStick","infinitespire:Cupcake"],"acts_visited":["Exordium","TheCity","TheBeyond"],"potions_floor_usage":[31,33,39,39],"damage_taken":[{"damage":0.0,"enemies":"Jaw Worm","floor":1.0,"turns":4.0},{"damage":0.0,"enemies":"conspire:RoseBush","floor":2.0,"turns":3.0},{"damage":8.0,"enemies":"infinitespire:Voidling","floor":3.0,"turns":3.0},{"damage":14.0,"enemies":"Lagavulin","floor":6.0,"turns":7.0},{"damage":7.0,"enemies":"Large Slime","floor":7.0,"turns":3.0},{"damage":1.0,"enemies":"3 Louse","floor":12.0,"turns":3.0},{"damage":0.0,"enemies":"conspire:2 RoseBushes","floor":13.0,"turns":4.0},{"damage":47.0,"enemies":"Hexaghost","floor":16.0,"turns":12.0},{"damage":19,"enemies":"conspire:FuzzyDice","floor":18,"turns":6},{"damage":23,"enemies":"3 Byrds","floor":27,"turns":5},{"damage":14,"enemies":"Snecko","floor":30,"turns":4},{"damage":3,"enemies":"Sentry and Sphere","floor":31,"turns":5},{"damage":42,"enemies":"Champ","floor":33,"turns":9},{"damage":22,"enemies":"3 Darklings","floor":35,"turns":6},{"damage":9,"enemies":"Orb Walker","floor":37,"turns":4},{"damage":8,"enemies":"4 Shapes","floor":38,"turns":7},{"damage":38,"enemies":"Spire Growth","floor":39,"turns":6}],"seed_played":"6275526410125809717","potions_obtained":[{"floor":3.0,"key":"blueLaboratory:BottleOfVodka"},{"floor":6.0,"key":"FearPotion"},{"floor":12.0,"key":"ColorlessPotion"},{"floor":16.0,"key":"Energy Potion"},{"floor":27,"key":"blueLaboratory:HorrorPotion"},{"floor":38,"key":"construct:ShiftPotion"}],"is_trial":false,"path_per_floor":["M","M","M","?","?","E","M","R","T","R","$","M","M","?","R","B",null,"M","T","$","?","$","R","?","R","T","M","AVR","?","M","M","R","B",null,"M","?","M","M","M"],"character_chosen":"THE_ANIMATOR","items_purchased":["TentaclePot:ReiMu","animator:Magilou","animator:Ara","Orichalcum","Lee\u0027s Waffle","HandDrill"],"campfire_rested":2,"item_purchase_floors":[11,11,20,20,22,22],"current_hp_per_floor":[66,66,59,59,46,32,25,45,45,45,45,44,44,44,44,7,67,49,49,49,37,75,75,75,75,75,52,52,37,23,25,47,35,75,53,34,25,17,0,0],"gold":333,"neow_bonus":"THREE_CARDS","is_daily":false,"chose_seed":false,"campfire_upgraded":3,"win_rate":0.0,"timestamp":1607816998,"path_taken":["M","M","M","?","?","E","M","R","T","R","?","M","M","?","R","BOSS","M","?","$","?","$","R","?","R","T","M","AVR","?","?","M","R","BOSS","M","?","M","?","M"],"items_purchased_type":["Relic","Card","Card","Relic","Relic","Relic"],"build_version":"2020-11-30","purchased_purges":0,"victory":false,"max_hp_per_floor":[66,66,67,67,67,67,67,67,67,67,67,67,67,67,67,67,67,68,68,68,68,75,75,75,75,75,75,75,75,75,75,75,75,75,75,75,75,75,75,75],"card_choices":[{"not_picked":["animator:Sloth","animator:Caster"],"picked":"animator:TukaLunaMarceau","floor":0.0},{"not_picked":["animator:TsurugaMeisai","animator:Illya"],"picked":"animator:DolaRiku","floor":1.0},{"not_picked":["animator:Alexander","animator:ShinjiMatou"],"picked":"animator:EmiyaShirou","floor":2.0},{"not_picked":["animator:CowGirl","animator:AcuraTooru"],"picked":"animator:Jibril","floor":3.0},{"not_picked":["animator:Emonzaemon","animator:Spearman"],"picked":"animator:DolaSchwi","floor":6.0},{"not_picked":["animator:RoyMustang","animator:MaesHughes"],"picked":"animator:Konayuki","floor":7.0},{"not_picked":["animator:Viivi","animator:Rider"],"picked":"animator:Shuna","floor":12.0},{"not_picked":["animator:UneriGinkaku","animator:ChaikaBohdan"],"picked":"animator:Add","floor":13.0},{"not_picked":["animator:GoblinSlayer","animator:ItamiYouji"],"picked":"animator:Biyorigo","floor":16.0},{"not_picked":["animator:Shichika","animator:Chung"],"picked":"animator:Souei","floor":18},{"not_picked":["animator:Tet","animator:LizardPriest"],"picked":"animator:Souei","floor":27},{"not_picked":["animator:Ara+1","animator:Chung"],"picked":"animator:Gilgamesh","floor":30},{"not_picked":["animator:Gluttony","animator:Sloth"],"picked":"animator:Konayuki","floor":31},{"not_picked":["animator:HigakiRinne","animator:PinaCoLada"],"picked":"animator:Greed","floor":33},{"not_picked":["animator:DolaRiku","animator:ElricAlphonse+1","animator:Emonzaemon"],"picked":"SKIP","floor":35},{"not_picked":["infinitespire:TheBestDefense","hubris:InfiniteBlow"],"picked":"hubris:Rewind","floor":36},{"not_picked":["animator:ChaikaTrabant","animator:Caster"],"picked":"animator:Shuna","floor":37},{"not_picked":["animator:Rider","animator:MaesHughes"],"picked":"animator:WinryRockbell","floor":38}],"player_experience":213200,"relics_obtained":[{"floor":6.0,"key":"Toy Ornithopter"},{"floor":19,"key":"animator:EngravedStaff"},{"floor":26,"key":"Pantograph"}],"event_choices":[{"damage_healed":0.0,"max_hp_gain":0.0,"max_hp_loss":0.0,"gold_gain":0.0,"event_name":"Shining Light","player_choice":"Entered Light","floor":5.0,"gold_loss":0.0,"damage_taken":13.0,"cards_upgraded":["animator:Defend","animator:TukaLunaMarceau"]},{"damage_healed":0.0,"max_hp_gain":0.0,"max_hp_loss":0.0,"gold_gain":0.0,"event_name":"conspire:Investor","player_choice":"Invest 1","floor":14.0,"gold_loss":0.0,"damage_taken":0.0},{"damage_healed":0,"gold_gain":215,"player_choice":"GO GO ","damage_taken":14,"relics_obtained":[],"max_hp_gain":0,"max_hp_loss":0,"event_name":"betterSkull:BetterSkull","floor":21,"gold_loss":0,"cards_upgraded":[]},{"cards_removed":["animator:EmiyaShirou"],"damage_healed":0,"gold_gain":0,"player_choice":"Take \u0026 Give","damage_taken":0,"max_hp_gain":0,"max_hp_loss":0,"event_name":"betterNote:BetterNote","floor":24,"gold_loss":0,"cards_obtained":["animator:GazelDwargon"]}],"is_beta":false,"boss_relics":[{"not_picked":["aspiration:RitualDagger","Sozu","energizedSpire:RedRose"]},{"not_picked":["energizedSpire:OgreHead","Runic Dome"],"picked":"infinitespire:Cupcake"}],"items_purged_floors":[],"is_endless":false,"potions_floor_spawned":[3,6,12,16,27,38],"killed_by":"Spire Growth","ascension_level":0}}