{"host":"avjwtc49fhlk6kym","time":1607732771,"event":{"mods":["AchievementEnabler","BaseMod","Better Match","Better Note","Better Third Choice","Colored Map","Colored Powertips","Displayed Cursed Tome","Highlight Path","Minty Spire (QoL Compilation)","Permanent Neow","Quick Restart","StSLib"],"gold_per_floor":[11,11,11,24,24,24,60,78,78,122,141,18,18,37,37,163,163,187,206,281,112,126,126,145,145,145],"floor_reached":25,"playtime":915,"items_purged":["Injury","Strike_P"],"score":262,"play_id":"b84b8bb8-48ed-4449-9ffb-f0c655c6db33","local_time":"20201211192611","is_ascension_mode":true,"campfire_choices":[{"floor":6.0,"key":"REST"},{"data":"Eruption","floor":13.0,"key":"SMITH"},{"data":"Wallop","floor":15.0,"key":"SMITH"},{"floor":23,"key":"REST"}],"circlet_count":0,"master_deck":["Strike_P","Strike_P","Strike_P","Defend_P","Defend_P+1","Defend_P","Defend_P","Eruption+1","Vigilance","Judgement","BattleHymn+1","Wallop+1","WindmillStrike","LikeWater+1","FollowUp","PathToVictory","Consecrate","ConjureBlade","WheelKick+1","LikeWater+1","Evaluate+1","LikeWater+1"],"relics":["PureWater","Golden Idol","Singing Bowl","Bronze Scales","Frozen Egg 2","Eternal Feather","SacredBark"],"acts_visited":["Exordium","TheCity"],"potions_floor_usage":[22,25],"damage_taken":[{"damage":0.0,"enemies":"Jaw Worm","floor":1.0,"turns":2.0},{"damage":0.0,"enemies":"Small Slimes","floor":4.0,"turns":2.0},{"damage":1.0,"enemies":"3 Sentries","floor":7.0,"turns":4.0},{"damage":0.0,"enemies":"2 Louse","floor":8.0,"turns":2.0},{"damage":0.0,"enemies":"Lagavulin","floor":10.0,"turns":4.0},{"damage":10.0,"enemies":"Lots of Slimes","floor":11.0,"turns":3.0},{"damage":3.0,"enemies":"Blue Slaver","floor":14.0,"turns":2.0},{"damage":2.0,"enemies":"Slime Boss","floor":16.0,"turns":7.0},{"damage":4.0,"enemies":"Chosen","floor":18.0,"turns":4.0},{"damage":29.0,"enemies":"Shell Parasite","floor":19.0,"turns":5.0},{"damage":18,"enemies":"Centurion and Healer","floor":22,"turns":5},{"damage":42,"enemies":"Cultist and Chosen","floor":24,"turns":7},{"damage":16,"enemies":"Snake Plant","floor":25,"turns":1}],"seed_played":"-4264100406032311983","potions_obtained":[{"floor":7.0,"key":"Weak Potion"},{"floor":10.0,"key":"SteroidPotion"},{"floor":14.0,"key":"ColorlessPotion"},{"floor":18.0,"key":"Dexterity Potion"},{"floor":24,"key":"SneckoOil"}],"is_trial":false,"path_per_floor":["M","?","?","M","?","R","E","M","T","E","M","$","R","M","R","B",null,"M","M","?","$","M","R","M","M"],"character_chosen":"WATCHER","items_purchased":["PathToVictory","LikeWater+1"],"campfire_rested":2,"item_purchase_floors":[12,21],"current_hp_per_floor":[72,72,54,54,40,61,60,62,62,62,52,52,61,58,67,65,74,72,43,36,36,18,52,10,0,0],"gold":145,"neow_bonus":"THREE_RARE_CARDS","is_daily":false,"chose_seed":false,"campfire_upgraded":2,"win_rate":0.0,"timestamp":1607732771,"path_taken":["M","?","?","M","?","R","E","M","T","E","?","$","R","M","R","BOSS","M","M","?","$","M","R","M","M"],"items_purchased_type":["Card","Card"],"build_version":"2020-11-30","purchased_purges":2,"victory":false,"max_hp_per_floor":[72,72,72,72,72,72,72,74,74,74,74,74,74,74,74,74,74,76,76,76,76,76,76,76,76,76],"card_choices":[{"not_picked":["Ragnarok","Blasphemy"],"picked":"Judgement","floor":0.0},{"not_picked":["FlurryOfBlows","EmptyBody"],"picked":"BattleHymn","floor":1.0},{"not_picked":["Nirvana","FlyingSleeves"],"picked":"Wallop","floor":4.0},{"not_picked":["Prostrate","Protect"],"picked":"WindmillStrike","floor":7.0},{"not_picked":["Crescendo","SignatureMove","EmptyFist"],"picked":"Singing Bowl","floor":8.0},{"not_picked":["Evaluate","Swivel"],"picked":"LikeWater+1","floor":10.0},{"not_picked":["EmptyFist","ThirdEye"],"picked":"FollowUp","floor":11.0},{"not_picked":["ThirdEye","InnerPeace"],"picked":"Consecrate","floor":14.0},{"not_picked":["Vault","Ragnarok"],"picked":"ConjureBlade","floor":16.0},{"not_picked":["Conclude","Protect","Prostrate"],"picked":"Singing Bowl","floor":18.0},{"not_picked":["FlurryOfBlows+1","Protect"],"picked":"WheelKick+1","floor":19.0},{"not_picked":["FlyingSleeves+1","Prostrate+1"],"picked":"Evaluate+1","floor":22},{"not_picked":["PathToVictory+1","Protect"],"picked":"LikeWater+1","floor":24}],"player_experience":491162,"relics_obtained":[{"floor":7.0,"key":"Bronze Scales"},{"floor":9.0,"key":"Frozen Egg 2"},{"floor":10.0,"key":"Eternal Feather"}],"event_choices":[{"damage_healed":0.0,"max_hp_gain":0.0,"max_hp_loss":0.0,"gold_gain":0.0,"event_name":"Golden Idol","player_choice":"Take Wound","floor":2.0,"gold_loss":0.0,"damage_taken":0.0,"relics_obtained":["Golden Idol"],"cards_obtained":["Injury"]},{"damage_healed":0.0,"max_hp_gain":0.0,"max_hp_loss":0.0,"gold_gain":0.0,"event_name":"betterThird:BetterScrap","player_choice":"Relic ","floor":3.0,"gold_loss":0.0,"damage_taken":18.0,"cards_obtained":["Auto Shields"]},{"damage_healed":54.0,"max_hp_gain":0.0,"max_hp_loss":72.0,"gold_gain":0.0,"event_name":"betterThird:BetterShining","player_choice":"Upgrade","floor":5.0,"gold_loss":0.0,"damage_taken":14.0,"cards_upgraded":["Defend_P","BattleHymn"]},{"damage_healed":0.0,"max_hp_gain":0.0,"max_hp_loss":0.0,"gold_gain":75.0,"event_name":"FaceTrader","player_choice":"Touch","floor":20.0,"gold_loss":0.0,"damage_taken":7.0}],"is_beta":false,"boss_relics":[{"not_picked":["Busted Crown","Philosopher\u0027s Stone"],"picked":"SacredBark"}],"items_purged_floors":[12,21],"is_endless":false,"potions_floor_spawned":[7,10,14,18,24],"killed_by":"Snake Plant","ascension_level":2}}