{"host":"hnfelxnirsihwvcb","time":1607801250,"event":{"mods":["BaseMod","Colored Map","DeckTracker","Highlight Path","Minty Spire (QoL Compilation)","Quick Restart","Relic Sorter","Relic Stats","Shop Mod","StSLib","SuperFastMode"],"gold_per_floor":[113,34,34,49,66,66,86,111,111,111,83,83,102,121,121,217,217,236,236,245,91,104,104,104,118,118,138,150,150,165,174,174,269,269,279,329,349,69,86,121,121,138,217,217,228,228,228,238,238,238],"floor_reached":51,"playtime":3944,"items_purged":["Writhe"],"score":871,"play_id":"5ab41130-4eaf-4958-8b10-67c8ee603054","local_time":"20201212202730","daily_mods":["SealedDeck","Vintage","Binary"],"is_ascension_mode":false,"campfire_choices":[{"data":"Blade Dance","floor":6.0,"key":"SMITH"},{"data":"Deflect","floor":10.0,"key":"SMITH"},{"data":"Dash","floor":15.0,"key":"SMITH"},{"data":"Trip","floor":23.0,"key":"SMITH"},{"data":"Choke","floor":29.0,"key":"SMITH"},{"data":"Catalyst","floor":32.0,"key":"SMITH"},{"data":"Noxious Fumes","floor":41.0,"key":"SMITH"},{"data":"Backflip","floor":44.0,"key":"SMITH"},{"data":"Infinite Blades","floor":46.0,"key":"SMITH"},{"data":"Footwork","floor":49.0,"key":"SMITH"}],"circlet_count":0,"master_deck":["Catalyst+1","Blade Dance+1","Deadly Poison+1","Dash+1","Footwork+1","Backflip+1","Deflect+1","Choke+1","Noxious Fumes+1","Infinite Blades+1","Trip+1","Backflip+1"],"relics":["Ring of the Snake","Busted Crown","Boot","Bag of Preparation","Mummified Hand","Ornamental Fan","CeramicFish","Dead Branch","Dream Catcher","Incense Burner","Coffee Dripper","Bag of Marbles","Ancient Tea Set","StrikeDummy","Blue Candle","Darkstone Periapt","InkBottle","Strawberry","Ice Cream","Regal Pillow","Pocketwatch","MawBank","War Paint","ClockworkSouvenir","Anchor","CaptainsWheel","Oddly Smooth Stone","Mercury Hourglass","TungstenRod","Bird Faced Urn"],"acts_visited":["Exordium","TheCity","TheBeyond"],"potions_floor_usage":[50,50],"damage_taken":[{"damage":0.0,"enemies":"Cultist","floor":1.0,"turns":3.0},{"damage":6.0,"enemies":"Jaw Worm","floor":4.0,"turns":2.0},{"damage":4.0,"enemies":"Small Slimes","floor":5.0,"turns":3.0},{"damage":0.0,"enemies":"Gremlin Gang","floor":7.0,"turns":2.0},{"damage":0.0,"enemies":"Looter","floor":13.0,"turns":1.0},{"damage":0.0,"enemies":"3 Louse","floor":14.0,"turns":1.0},{"damage":0.0,"enemies":"Slime Boss","floor":16.0,"turns":5.0},{"damage":0.0,"enemies":"2 Thieves","floor":18.0,"turns":2.0},{"damage":0.0,"enemies":"Spheric Guardian","floor":22.0,"turns":1.0},{"damage":0.0,"enemies":"Centurion and Healer","floor":25.0,"turns":2.0},{"damage":3.0,"enemies":"Shelled Parasite and Fungi","floor":27.0,"turns":2.0},{"damage":0.0,"enemies":"Snecko","floor":28.0,"turns":2.0},{"damage":0.0,"enemies":"Sentry and Sphere","floor":30.0,"turns":2.0},{"damage":0.0,"enemies":"Champ","floor":33.0,"turns":4.0},{"damage":0.0,"enemies":"3 Shapes","floor":35.0,"turns":3.0},{"damage":0.0,"enemies":"Mind Bloom Boss Battle","floor":36.0,"turns":4.0},{"damage":0.0,"enemies":"Orb Walker","floor":37.0,"turns":2.0},{"damage":0.0,"enemies":"3 Darklings","floor":39.0,"turns":3.0},{"damage":0.0,"enemies":"Giant Head","floor":40.0,"turns":4.0},{"damage":0.0,"enemies":"Spire Growth","floor":42.0,"turns":2.0},{"damage":0.0,"enemies":"Maw","floor":45.0,"turns":2.0},{"damage":0.0,"enemies":"Transient","floor":48.0,"turns":5.0},{"damage":4,"enemies":"Awakened One","floor":50,"turns":7}],"seed_played":"8727704399245407202","potions_obtained":[{"floor":3.0,"key":"SteroidPotion"},{"floor":3.0,"key":"Ancient Potion"},{"floor":3.0,"key":"SmokeBomb"},{"floor":13.0,"key":"FairyPotion"},{"floor":14.0,"key":"CultistPotion"}],"is_trial":true,"path_per_floor":["M","$","?","M","M","R","M","T","T","R","$","?","M","M","R","B",null,"M","?","?","$","M","R","?","M","T","M","M","R","M","?","R","B",null,"M","?","M","$","M","E","R","M","T","R","M","R","?","M","R","B",null],"character_chosen":"THE_SILENT","items_purchased":["Noxious Fumes","Infinite Blades","Trip","War Paint","ClockworkSouvenir"],"campfire_rested":0,"item_purchase_floors":[2,11,21,38,38],"current_hp_per_floor":[70,70,70,64,60,60,60,60,60,60,60,70,70,70,70,70,70,70,70,70,70,70,70,70,70,70,67,74,74,74,74,74,74,77,77,77,77,77,77,77,77,77,77,77,77,77,77,77,77,75],"gold":238,"neow_bonus":"","is_daily":false,"chose_seed":false,"campfire_upgraded":10,"win_rate":0.0,"timestamp":1607801250,"path_taken":["M","$","?","M","?","R","M","?","T","R","?","?","?","M","R","BOSS","M","?","?","$","M","R","?","M","T","M","M","R","M","?","R","BOSS","M","?","M","$","M","E","R","M","T","R","M","R","?","?","R","BOSS"],"items_purchased_type":["Card","Card","Card","Relic","Relic"],"build_version":"2020-11-30","purchased_purges":1,"victory":true,"max_hp_per_floor":[70,70,70,70,70,70,70,70,70,70,70,70,70,70,70,70,70,70,70,70,70,70,70,70,70,70,70,77,77,77,77,77,77,77,77,77,77,77,77,77,77,77,77,77,77,77,77,77,77,77],"relic_stats":{"Darkstone Periapt":0,"Regal Pillow":0,"counters":[23,64],"CeramicFish":36,"Dead Branch":[189],"Blue Candle":[0],"Bag of Preparation":[42],"War Paint":["Deadly Poison","Backflip"],"Boot":[48],"MawBank":12,"Mercury Hourglass":[54],"Dream Catcher":0,"Busted Crown":8,"Mummified Hand":[115],"Ornamental Fan":[240],"Bird Faced Urn":[2],"obtain_stats":[{"Darkstone Periapt":26,"Ice Cream":30,"Regal Pillow":35,"CeramicFish":8,"Bag of Preparation":4,"Incense Burner":14,"Boot":1,"Ancient Tea Set":20,"ClockworkSouvenir":38,"Dream Catcher":13,"Mummified Hand":5,"Strawberry":28,"InkBottle":27,"Ring of the Snake":0,"Dead Branch":9,"Blue Candle":25,"Oddly Smooth Stone":42,"War Paint":38,"MawBank":37,"Mercury Hourglass":43,"Anchor":39,"CaptainsWheel":40,"Busted Crown":0,"Ornamental Fan":7,"Bird Faced Urn":48,"Coffee Dripper":17,"Bag of Marbles":18,"StrikeDummy":22,"TungstenRod":45,"Pocketwatch":36},{"Darkstone Periapt":10,"Ice Cream":13,"Regal Pillow":15,"CeramicFish":4,"Bag of Preparation":2,"Incense Burner":6,"Boot":1,"Ancient Tea Set":8,"ClockworkSouvenir":17,"Dream Catcher":5,"Mummified Hand":3,"Strawberry":12,"InkBottle":11,"Ring of the Snake":0,"Dead Branch":4,"Blue Candle":10,"Oddly Smooth Stone":20,"War Paint":17,"MawBank":17,"Mercury Hourglass":20,"Anchor":18,"CaptainsWheel":19,"Busted Crown":0,"Ornamental Fan":4,"Bird Faced Urn":22,"Coffee Dripper":7,"Bag of Marbles":8,"StrikeDummy":9,"TungstenRod":21,"Pocketwatch":16},{"Darkstone Periapt":22,"Ice Cream":28,"Regal Pillow":35,"CeramicFish":10,"Bag of Preparation":5,"Incense Burner":12,"Boot":3,"Ancient Tea Set":19,"ClockworkSouvenir":41,"Dream Catcher":11,"Mummified Hand":8,"Strawberry":26,"InkBottle":24,"Ring of the Snake":0,"Dead Branch":10,"Blue Candle":22,"Oddly Smooth Stone":50,"War Paint":41,"MawBank":41,"Mercury Hourglass":50,"Anchor":44,"CaptainsWheel":48,"Busted Crown":0,"Ornamental Fan":10,"Bird Faced Urn":57,"Coffee Dripper":17,"Bag of Marbles":19,"StrikeDummy":20,"TungstenRod":52,"Pocketwatch":39}],"InkBottle":[41],"TungstenRod":1,"Ring of the Snake":[46],"Pocketwatch":[0]},"card_choices":[],"player_experience":732876,"relics_obtained":[{"floor":1.0,"key":"Boot"},{"floor":4.0,"key":"Bag of Preparation"},{"floor":5.0,"key":"Mummified Hand"},{"floor":7.0,"key":"Ornamental Fan"},{"floor":8.0,"key":"CeramicFish"},{"floor":9.0,"key":"Dead Branch"},{"floor":13.0,"key":"Dream Catcher"},{"floor":14.0,"key":"Incense Burner"},{"floor":18.0,"key":"Bag of Marbles"},{"floor":22.0,"key":"StrikeDummy"},{"floor":25.0,"key":"Blue Candle"},{"floor":26.0,"key":"Darkstone Periapt"},{"floor":27.0,"key":"InkBottle"},{"floor":28.0,"key":"Strawberry"},{"floor":30.0,"key":"Ice Cream"},{"floor":35.0,"key":"Regal Pillow"},{"floor":36.0,"key":"Pocketwatch"},{"floor":37.0,"key":"MawBank"},{"floor":39.0,"key":"Anchor"},{"floor":40.0,"key":"CaptainsWheel"},{"floor":42.0,"key":"Oddly Smooth Stone"},{"floor":43.0,"key":"Mercury Hourglass"},{"floor":45.0,"key":"TungstenRod"},{"floor":48.0,"key":"Bird Faced Urn"}],"event_choices":[{"damage_healed":0.0,"max_hp_gain":0.0,"max_hp_loss":0.0,"gold_gain":0.0,"event_name":"Lab","player_choice":"Got Potions","floor":3.0,"gold_loss":0.0,"damage_taken":0.0},{"cards_removed":["Footwork"],"damage_healed":10.0,"max_hp_gain":0.0,"max_hp_loss":0.0,"gold_gain":0.0,"event_name":"Bonfire Elementals","player_choice":"Offered Uncommon","floor":12.0,"gold_loss":0.0,"damage_taken":0.0},{"damage_healed":0.0,"max_hp_gain":0.0,"max_hp_loss":0.0,"gold_gain":0.0,"event_name":"Back to Basics","player_choice":"Simplicity","floor":19.0,"gold_loss":0.0,"damage_taken":0.0,"cards_upgraded":[]},{"damage_healed":0.0,"max_hp_gain":0.0,"max_hp_loss":0.0,"gold_gain":0.0,"event_name":"The Mausoleum","player_choice":"Opened","floor":20.0,"gold_loss":0.0,"damage_taken":0.0,"relics_obtained":["Ancient Tea Set"],"cards_obtained":["Writhe"]},{"damage_healed":0.0,"max_hp_gain":0.0,"max_hp_loss":0.0,"gold_gain":0.0,"event_name":"Vampires","player_choice":"Ignored","floor":24.0,"gold_loss":0.0,"damage_taken":0.0},{"damage_healed":0.0,"max_hp_gain":0.0,"max_hp_loss":0.0,"gold_gain":0.0,"event_name":"The Library","player_choice":"Read","floor":31.0,"gold_loss":0.0,"damage_taken":0.0,"cards_obtained":["Backflip"]},{"damage_healed":0.0,"max_hp_gain":0.0,"max_hp_loss":0.0,"gold_gain":0.0,"event_name":"MindBloom","player_choice":"Fight","floor":36.0,"gold_loss":0.0,"damage_taken":0.0},{"cards_removed":["Footwork"],"damage_healed":0.0,"max_hp_gain":0.0,"max_hp_loss":0.0,"gold_gain":0.0,"event_name":"Purifier","player_choice":"Purged","floor":47.0,"gold_loss":0.0,"damage_taken":0.0}],"is_beta":false,"boss_relics":[{"not_picked":["Astrolabe","Runic Pyramid"],"picked":"Coffee Dripper"},{"not_picked":["Runic Dome","Snecko Eye","Empty Cage"]}],"items_purged_floors":[21],"is_endless":false,"potions_floor_spawned":[4,13,14,18,27,30,33,37,39,40,42],"ascension_level":0}}