{"host":"ea1gz0s8chhg5p89","time":1607788704,"event":{"mods":["Act Like it!","BaseMod","Decade(王小明)","Gensokyo","Marisa（F雨　魔理沙）","Minty Spire (QoL Compilation)","Pale of the Ancients","Remilia（蕾米莉亚）","Replay The Spire","StSLib","The Servant 0.9.4","WarShipGirlsR/战舰少女R mod","Youmu（魂魄妖梦）"],"gold_per_floor":[114,114,20,20,35,35,35,70,70,70,104,179,34,44,44,139,139,151,166,16,28,39,70,87,117,117,144,159,184,184,203,203,307,307,322,342,360,391,190,215,215,241,265,296,296,312,326,40,40,40,55,67,37,37,37,37,37,114,114,114],"floor_reached":61,"playtime":2404,"items_purged":["Regret","Strike_RM","Strike_RM"],"score":1807,"play_id":"82237098-3153-4d83-9b93-fe53e83d46ee","local_time":"20201212235824","is_ascension_mode":true,"campfire_choices":[{"data":"ScarletNetherworld","floor":6.0,"key":"SMITH"},{"data":"HunterOfTheNight","floor":15,"key":"SMITH"},{"data":"HeartBreak","floor":30,"key":"SMITH"},{"data":"Strike_RM","floor":32,"key":"PURGE"},{"data":"BloodyMagicSquare","floor":41,"key":"SMITH"},{"data":"EquivalentExchange","floor":45,"key":"SMITH"},{"data":"QueenOfMidnight","floor":49,"key":"SMITH"},{"data":"ReincarnationDial","floor":55,"key":"SMITH"},{"data":"ScarletNetherworld","floor":57,"key":"SMITH"}],"circlet_count":0,"master_deck":["Strike_RM","Defend_RM","Defend_RM","Defend_RM","Defend_RM+1","RedMoon+1","ScarletShoot","ScarletNetherworld+1","RedRainbow","GlobalNightmare","AfternoonTea","DevilSight","Parasite","ScarletImprint","UnstableMagic","Stigmanizer","HunterOfTheNight+1","QueenOfMidnight+1","StarOfDavid","ScarletDevil","VampireFantasy","ScarletDevilSign","BlasphemousPunishment+1","Stigmanizer","RedNightlessCastle","MastersStateliness","HeartBreak+1","StarOfDavid","VampireSweep","SuperhumanBloodyKnife","UnstableMagic","EquivalentExchange+1","BloodyMagicSquare+1","DiffusionOfMisfortune","LeisurelyOfLord+1","UnderTheZenith+1","NightDance","ScarletImprint","VampireFantasy+1","Septette+1","CharismaGuard","AfternoonTea+1","VampireClaw","ScarletNetherworld+1","BloodHunter","ScarletNetherworld+1","FavorOfDestiny","RedMagic","MillenniumVampire","ReincarnationDial+1","EquivalentExchange"],"relics":["ScarletHat","War Paint","Nunchaku","Replay:Kaleidoscope","ReplayTheSpireMod:Ninjato","ReplayTheSpireMod:TigerMarble","Busted Crown","White Beast Statue","Meat on the Bone","Mirror","Girya","Peace Pipe","APieceOfRedMist","Happy Flower","TypeBBloodRedTea","Replay:Mystery Machine","Bottled Lightning","paleoftheancients:Timepiece","CultistMask","paleoftheancients:SoulOfTheWokeBloke","Replay:Accelerometer"],"acts_visited":["Exordium","TheCity","TheBeyond","paleoftheancients:PaleOfTheAncients"],"potions_floor_usage":[23,23,23,27,33,33,50,51,56,56],"damage_taken":[{"damage":0.0,"enemies":"Small Slimes","floor":1.0,"turns":4.0},{"damage":2.0,"enemies":"2 Louse","floor":5.0,"turns":3.0},{"damage":52,"enemies":"Replay:BlueRogue","floor":8,"turns":13},{"damage":32,"enemies":"Lagavulin","floor":11,"turns":14},{"damage":8,"enemies":"Cultist","floor":14,"turns":6},{"damage":0,"enemies":"Hexaghost","floor":16,"turns":9},{"damage":10,"enemies":"Shell Parasite","floor":18,"turns":4},{"damage":0,"enemies":"Chosen","floor":19,"turns":4},{"damage":12,"enemies":"Snake Plant","floor":21,"turns":4},{"damage":19,"enemies":"Cultist and Chosen","floor":22,"turns":6},{"damage":32,"enemies":"Replay:Snechameleon","floor":23,"turns":4},{"damage":26,"enemies":"Shelled Parasite and Fungi","floor":24,"turns":3},{"damage":36,"enemies":"Slavers","floor":25,"turns":3},{"damage":10,"enemies":"Book of Stabbing","floor":27,"turns":1},{"damage":15,"enemies":"Snecko","floor":28,"turns":4},{"damage":39,"enemies":"Gremlin Leader","floor":29,"turns":5},{"damage":9,"enemies":"Cultist and Chosen","floor":31,"turns":3},{"damage":26,"enemies":"Champ","floor":33,"turns":5},{"damage":4,"enemies":"Orb Walker","floor":35,"turns":3},{"damage":61,"enemies":"3 Shapes","floor":36,"turns":3},{"damage":11,"enemies":"3 Darklings","floor":37,"turns":3},{"damage":68,"enemies":"Reptomancer","floor":40,"turns":3},{"damage":48,"enemies":"Nemesis","floor":42,"turns":5},{"damage":55,"enemies":"Reptomancer","floor":44,"turns":6},{"damage":55,"enemies":"Jaw Worm Horde","floor":46,"turns":2},{"damage":57,"enemies":"4 Shapes","floor":47,"turns":3},{"damage":75,"enemies":"Time Eater","floor":50,"turns":7},{"damage":94,"enemies":"Time Eater","floor":51,"turns":7},{"damage":59,"enemies":"Time Eater","floor":52,"turns":2},{"damage":142,"enemies":"Time Eater","floor":56,"turns":4},{"damage":131,"enemies":"paleoftheancients:N","floor":60,"turns":3}],"seed_played":"5651244464086373798","potions_obtained":[{"floor":1.0,"key":"ColorlessPotion"},{"floor":5.0,"key":"Block Potion"},{"floor":11,"key":"SteroidPotion"},{"floor":22,"key":"SkillPotion"},{"floor":23,"key":"Milkshake"},{"floor":24,"key":"LifebloodPotion"},{"floor":25,"key":"Weak Potion"},{"floor":27,"key":"Toxic Potion"},{"floor":31,"key":"DuplicationPotion"},{"floor":33,"key":"Energy Potion"},{"floor":35,"key":"Weak Potion"},{"floor":38,"key":"DuplicationPotion"},{"floor":51,"key":"Weak Potion"},{"floor":52,"key":"Milkshake"}],"is_trial":false,"path_per_floor":["M","?","$","?","M","R","?","E","T","?","E","?","$","M","R","B",null,"M","M","$","M","M","E","M","E","T","E","M","E","R","M","R","B",null,"M","M","M","?","$","E","R","E","T","E","R","M","M","$","R","B","M","M","?","$","R","M","R","T","?","B",null],"character_chosen":"REMILIA","items_purchased":["RedRainbow","GlobalNightmare","UnstableMagic","Stigmanizer","VampireFantasy","ScarletDevilSign","NightDance","ScarletImprint","VampireClaw","ScarletNetherworld","BloodHunter"],"campfire_rested":0,"item_purchase_floors":[3,3,13,13,20,20,39,39,48,48,48],"current_hp_per_floor":[68,61,61,61,64,64,64,21,21,43,28,17,17,14,14,28,89,79,83,83,75,72,73,57,37,37,59,63,52,52,52,52,52,89,85,72,83,83,83,73,73,89,89,89,89,89,89,89,89,89,89,89,89,89,89,89,89,89,89,89],"gold":114,"neow_bonus":"TWENTY_PERCENT_HP_BONUS","is_daily":false,"chose_seed":false,"campfire_upgraded":8,"win_rate":0.0,"timestamp":1607788704,"path_taken":["M","?","$","?","M","R","?","E","T","?","E","?","$","M","R","BOSS","M","M","$","M","M","E","M","E","T","E","M","E","R","M","R","BOSS","M","M","M","?","$","E","R","E","T","E","R","M","M","$","R","BOSS","M","M","?","$","R","M","R","T","?","BOSS"],"items_purchased_type":["Card","Card","Card","Card","Card","Card","Card","Card","Card","Card","Card"],"build_version":"2020-11-30","purchased_purges":3,"victory":true,"max_hp_per_floor":[89,89,89,89,89,89,89,89,89,89,89,89,89,89,89,89,89,89,89,89,89,89,89,89,89,89,89,89,89,89,89,89,89,89,89,89,89,89,89,89,89,89,89,89,89,89,89,89,89,89,89,89,89,89,89,89,89,89,89,89],"card_choices":[{"not_picked":["BadLadyScramble","Stigmanizer"],"picked":"ScarletNetherworld","floor":1.0},{"not_picked":["StarOfDavid","EndlessAdversity"],"picked":"AfternoonTea","floor":5.0},{"not_picked":["EndlessAdversity","CharismaGuard"],"picked":"DevilSight","floor":8},{"not_picked":["UnderTheZenith","BloodyTrap"],"picked":"ScarletImprint","floor":11},{"not_picked":["SuperhumanBloodyKnife","ScarletGensokyo"],"picked":"HunterOfTheNight","floor":14},{"not_picked":["TransientEternity","BloodRain"],"picked":"QueenOfMidnight","floor":16},{"not_picked":[],"picked":"StarOfDavid","floor":18},{"not_picked":[],"picked":"ScarletDevil","floor":19},{"not_picked":[],"picked":"BlasphemousPunishment+1","floor":21},{"not_picked":[],"picked":"Stigmanizer","floor":22},{"not_picked":[],"picked":"RedNightlessCastle","floor":23},{"not_picked":[],"picked":"MastersStateliness","floor":24},{"not_picked":[],"picked":"HeartBreak","floor":25},{"not_picked":[],"picked":"StarOfDavid","floor":27},{"not_picked":[],"picked":"VampireSweep","floor":28},{"not_picked":[],"picked":"SuperhumanBloodyKnife","floor":29},{"not_picked":[],"picked":"UnstableMagic","floor":31},{"not_picked":[],"picked":"EquivalentExchange","floor":33},{"not_picked":[],"picked":"BloodyMagicSquare","floor":35},{"not_picked":[],"picked":"DiffusionOfMisfortune","floor":36},{"not_picked":[],"picked":"LeisurelyOfLord+1","floor":37},{"not_picked":[],"picked":"UnderTheZenith+1","floor":38},{"not_picked":[],"picked":"VampireFantasy+1","floor":40},{"not_picked":[],"picked":"Septette+1","floor":42},{"not_picked":[],"picked":"CharismaGuard","floor":44},{"not_picked":["UnderTheZenith"],"picked":"SKIP","floor":46},{"not_picked":[],"picked":"AfternoonTea+1","floor":47},{"not_picked":[],"picked":"ScarletNetherworld+1","floor":51},{"not_picked":[],"picked":"FavorOfDestiny","floor":52},{"not_picked":[],"picked":"RedMagic","floor":53},{"not_picked":[],"picked":"MillenniumVampire","floor":53},{"not_picked":[],"picked":"ReincarnationDial","floor":53},{"not_picked":[],"picked":"EquivalentExchange","floor":53}],"player_experience":481112,"relics_obtained":[{"floor":8,"key":"Replay:Kaleidoscope"},{"floor":9,"key":"ReplayTheSpireMod:Ninjato"},{"floor":11,"key":"ReplayTheSpireMod:TigerMarble"},{"floor":23,"key":"White Beast Statue"},{"floor":25,"key":"Meat on the Bone"},{"floor":26,"key":"Mirror"},{"floor":27,"key":"Girya"},{"floor":29,"key":"Peace Pipe"},{"floor":40,"key":"Happy Flower"},{"floor":42,"key":"TypeBBloodRedTea"},{"floor":43,"key":"Replay:Mystery Machine"},{"floor":44,"key":"Bottled Lightning"},{"floor":51,"key":"paleoftheancients:SoulOfTheWokeBloke"},{"floor":58,"key":"Replay:Accelerometer"}],"event_choices":[{"damage_healed":0.0,"max_hp_gain":0.0,"max_hp_loss":0.0,"gold_gain":0.0,"event_name":"Scrap Ooze","player_choice":"Success","floor":2.0,"gold_loss":0.0,"damage_taken":7.0,"relics_obtained":["War Paint"]},{"damage_healed":0.0,"max_hp_gain":0.0,"max_hp_loss":0.0,"gold_gain":0.0,"event_name":"Big Fish","player_choice":"Box","floor":4.0,"gold_loss":0.0,"damage_taken":0.0,"relics_obtained":["Nunchaku"],"cards_obtained":["Regret"]},{"damage_healed":0,"gold_gain":0,"player_choice":"Ignored","damage_taken":0,"max_hp_gain":0,"max_hp_loss":0,"event_name":"Shining Light","floor":7,"gold_loss":0},{"damage_healed":22,"gold_gain":0,"player_choice":"Healed and dodged fight","damage_taken":0,"max_hp_gain":0,"max_hp_loss":0,"event_name":"Mushrooms","floor":10,"gold_loss":0,"cards_obtained":["Parasite"]},{"damage_healed":0,"gold_gain":75,"player_choice":"Gather Gold","damage_taken":11,"max_hp_gain":0,"max_hp_loss":0,"event_name":"World of Goop","floor":12,"gold_loss":0}],"is_beta":false,"boss_relics":[{"not_picked":["Black Star","Replay:Wanted Poster"],"picked":"Busted Crown"},{"not_picked":["Honey Jar","Sozu"],"picked":"APieceOfRedMist"}],"items_purged_floors":[13,39,48],"is_endless":false,"potions_floor_spawned":[1,5,11,14,22,23,24,25,27,28,29,31,33,35,36,37,40,42,44,46,47,51,52,56,60],"ascension_level":3}}