{"host":"7tvb1em0d2fx72q7","time":1607749705,"event":{"mods":["BaseMod","Challenge The Spire","Minty Spire (QoL Compilation)","StSLib","everything is the same but u backflip on backflip"],"gold_per_floor":[115,134,134,153,170,202,202,202,202],"floor_reached":8,"playtime":815,"items_purged":[],"score":113,"play_id":"d0aa467b-23b6-4329-aa51-1e24118b429b","local_time":"20201212000825","is_ascension_mode":true,"campfire_choices":[{"floor":7,"key":"REST"}],"circlet_count":0,"master_deck":["AscendersBane","Strike_G","Strike_G","Strike_G","Strike_G","Strike_G","Defend_G","Defend_G","Defend_G","Defend_G","Defend_G","Survivor","Neutralize+1","All Out Attack","PiercingWail","Heel Hook","Deadly Poison","Riddle With Holes"],"relics":["Ring of the Snake","Mummified Hand"],"acts_visited":["Exordium"],"potions_floor_usage":[6,6],"damage_taken":[{"damage":1,"enemies":"Small Slimes","floor":1,"turns":3},{"damage":1,"enemies":"2 Louse","floor":2,"turns":3},{"damage":0,"enemies":"Jaw Worm","floor":4,"turns":5},{"damage":2,"enemies":"Blue Slaver","floor":5,"turns":3},{"damage":46,"enemies":"Gremlin Nob","floor":6,"turns":6},{"damage":39,"enemies":"Lagavulin","floor":8,"turns":9}],"seed_played":"-9080010973105787403","potions_obtained":[{"floor":1,"key":"Swift Potion"},{"floor":4,"key":"PowerPotion"},{"floor":6,"key":"Energy Potion"}],"is_trial":false,"path_per_floor":["M","M","?","M","M","E","R","E"],"character_chosen":"THE_SILENT","items_purchased":[],"campfire_rested":1,"item_purchase_floors":[],"current_hp_per_floor":[58,57,62,62,60,14,35,0,0],"gold":202,"neow_bonus":"UPGRADE_CARD","is_daily":false,"chose_seed":false,"campfire_upgraded":0,"win_rate":0.0,"timestamp":1607749705,"path_taken":["M","M","?","M","M","E","R","E"],"items_purchased_type":[],"build_version":"2020-11-30","purchased_purges":0,"victory":false,"max_hp_per_floor":[66,66,71,71,71,71,71,71,71],"card_choices":[{"not_picked":["Blade Dance","Skewer"],"picked":"All Out Attack","floor":1},{"not_picked":["Reflex","Distraction"],"picked":"PiercingWail","floor":2},{"not_picked":["Eviscerate","Acrobatics"],"picked":"Heel Hook","floor":4},{"not_picked":["Well Laid Plans","Quick Slash"],"picked":"Deadly Poison","floor":5},{"not_picked":["Bullet Time","Bane"],"picked":"Riddle With Holes","floor":6}],"player_experience":1827920,"relics_obtained":[{"floor":6,"key":"Mummified Hand"}],"event_choices":[{"damage_healed":0,"gold_gain":0,"player_choice":"Donut","damage_taken":0,"max_hp_gain":5,"max_hp_loss":0,"event_name":"Big Fish","floor":3,"gold_loss":0}],"is_beta":false,"boss_relics":[],"items_purged_floors":[],"is_endless":false,"potions_floor_spawned":[1,4,6],"killed_by":"Lagavulin","ascension_level":19}}