{"host":"kstmajdnxm8lto3o","time":1607755245,"event":{"mods":["Aspiration","BaseMod","Better Third Choice","BetterRewards","CCEM","Conspire","Downfall","Gremlin Skip","Highlight Path","Hubris","Minty Spire (QoL Compilation)","Replay The Spire","Shop Mod","Spicy Shops","StSLib"],"gold_per_floor":[109,123,139,139,158,192,192,192,244,259,287,305,317,317,317],"floor_reached":14,"playtime":811,"items_purged":[],"score":109,"play_id":"c77c1a9b-ea5a-40ba-a23d-e73e3606a9e6","local_time":"20201212014045","is_ascension_mode":true,"campfire_choices":[{"floor":8,"key":"REST"}],"circlet_count":0,"master_deck":["Noxious Fumes+1","Strike_G","Strike_G","Strike_G","Strike_G","Strike_G","Defend_G","Defend_G","Defend_G","Defend_G","Survivor","All Out Attack","Blade Dance","Bane","Dodge and Roll","After Image","hubris:DuctTapeCard","Predator","PiercingWail"],"relics":["Ring of the Snake","Strawberry","Replay:Rubber Ducky","Bronze Scales","hubris:DuctTape"],"acts_visited":["Exordium"],"potions_floor_usage":[],"damage_taken":[{"damage":0,"enemies":"Cultist","floor":1,"turns":5},{"damage":3,"enemies":"Jaw Worm","floor":2,"turns":4},{"damage":9,"enemies":"Small Slimes","floor":3,"turns":4},{"damage":9,"enemies":"2 Fungi Beasts","floor":5,"turns":4},{"damage":23,"enemies":"Gremlin Nob","floor":6,"turns":4},{"damage":0,"enemies":"Exordium Thugs","floor":10,"turns":3},{"damage":12,"enemies":"Lagavulin","floor":11,"turns":7},{"damage":7,"enemies":"Lots of Slimes","floor":12,"turns":2},{"damage":5,"enemies":"Looter","floor":13,"turns":3},{"damage":0,"enemies":"3 Sentries","floor":14,"turns":1}],"seed_played":"4824745157730643680","potions_obtained":[{"floor":1,"key":"Milkshake"},{"floor":2,"key":"SmokeBomb"},{"floor":6,"key":"SteroidPotion"},{"floor":11,"key":"Strength Potion"}],"is_trial":false,"path_per_floor":["M","M","M","?","M","E","?","R","T","M","E","M","M","E"],"character_chosen":"THE_SILENT","items_purchased":[],"campfire_rested":1,"item_purchase_floors":[],"current_hp_per_floor":[70,67,58,53,44,21,21,44,44,44,32,25,20,20,20],"gold":317,"neow_bonus":"REMOVE_CARD","is_daily":false,"chose_seed":false,"campfire_upgraded":0,"win_rate":0.0,"timestamp":1607755245,"path_taken":["M","M","?","?","M","E","?","R","T","M","E","M","M","E"],"items_purchased_type":[],"build_version":"2020-11-30","purchased_purges":0,"victory":false,"max_hp_per_floor":[70,70,70,77,77,77,77,77,77,77,77,77,77,77,77],"card_choices":[{"not_picked":["Distraction","Quick Slash"],"picked":"All Out Attack","floor":1},{"not_picked":["hubris:Sniper","Prepared"],"picked":"Bane","floor":2},{"not_picked":["Underhanded Strike","Hidden Blade","Venomology"],"picked":"SKIP","floor":3},{"not_picked":["Prepared","Endless Agony"],"picked":"Blade Dance","floor":5},{"not_picked":["Outmaneuver","Underhanded Strike"],"picked":"Bane","floor":6},{"not_picked":["Heel Hook","Accuracy"],"picked":"Dodge and Roll","floor":10},{"not_picked":["Sucker Punch","Masterful Stab"],"picked":"After Image","floor":11},{"not_picked":["Outmaneuver","Accuracy"],"picked":"Predator","floor":12},{"not_picked":["Quick Slash","Escape Plan"],"picked":"PiercingWail","floor":13}],"player_experience":432698,"relics_obtained":[{"floor":6,"key":"Replay:Rubber Ducky"},{"floor":9,"key":"Bronze Scales"},{"floor":11,"key":"hubris:DuctTape"}],"event_choices":[{"damage_healed":0,"gold_gain":0,"player_choice":"Relic ","damage_taken":12,"max_hp_gain":0,"max_hp_loss":0,"event_name":"betterThird:BetterScrap","floor":4,"gold_loss":0,"cards_obtained":["Feel No Pain"]},{"damage_healed":0,"gold_gain":0,"player_choice":"Grow","damage_taken":0,"max_hp_gain":0,"max_hp_loss":0,"event_name":"Living Wall","floor":7,"gold_loss":0,"cards_upgraded":["Neutralize"]}],"is_beta":false,"boss_relics":[],"items_purged_floors":[],"is_endless":false,"potions_floor_spawned":[1,2,6,11],"killed_by":"3 Sentries","ascension_level":1}}