{"host":"j0a1jfichhxu8b8p","time":1607771734,"event":{"mods":["BaseMod","Colored Map","DeckTracker","Keyboard Shortcuts","Minty Spire (QoL Compilation)","Permanent Neow","everything is the same but u backflip on backflip"],"gold_per_floor":[115,15,32,32,52,79,89,119,197,197,197,214,242,342,342,445,445,462,480,493,393,406,406,406],"floor_reached":23,"playtime":1155,"items_purged":["Strike_G","Strike_G"],"score":333,"play_id":"66075f1f-eb46-47b8-a512-0b36d75287f6","local_time":"20201212201534","is_ascension_mode":true,"campfire_choices":[{"floor":11.0,"key":"REST"},{"data":"A Thousand Cuts","floor":15.0,"key":"SMITH"}],"circlet_count":0,"master_deck":["Strike_G","Defend_G","Defend_G","Defend_G","Defend_G","Defend_G","Survivor","Neutralize","Die Die Die","Footwork","Dagger Spray","Reflex","Acrobatics","Finisher","A Thousand Cuts+1","Cloak And Dagger","Terror","Concentrate","Blade Dance","Burst","Prepared","Reflex","PiercingWail"],"relics":["Ring of the Snake","Vajra","Dead Branch","Blue Candle","Dream Catcher","WristBlade"],"acts_visited":["Exordium","TheCity"],"potions_floor_usage":[23],"damage_taken":[{"damage":0.0,"enemies":"2 Louse","floor":1.0,"turns":3.0},{"damage":0.0,"enemies":"Jaw Worm","floor":3.0,"turns":5.0},{"damage":0.0,"enemies":"Cultist","floor":5.0,"turns":4.0},{"damage":6.0,"enemies":"3 Sentries","floor":6.0,"turns":5.0},{"damage":4.0,"enemies":"Red Slaver","floor":7.0,"turns":4.0},{"damage":39.0,"enemies":"Gremlin Nob","floor":8.0,"turns":6.0},{"damage":14.0,"enemies":"Lots of Slimes","floor":12.0,"turns":2.0},{"damage":0.0,"enemies":"Lagavulin","floor":13.0,"turns":4.0},{"damage":2.0,"enemies":"Hexaghost","floor":16.0,"turns":6.0},{"damage":0.0,"enemies":"3 Byrds","floor":18.0,"turns":2.0},{"damage":21.0,"enemies":"2 Thieves","floor":19.0,"turns":3.0},{"damage":25.0,"enemies":"Snake Plant","floor":20.0,"turns":5.0},{"damage":10,"enemies":"Chosen and Byrds","floor":22,"turns":5},{"damage":0,"enemies":"Book of Stabbing","floor":23,"turns":3}],"seed_played":"3409246667702249825","potions_obtained":[{"floor":1.0,"key":"SteroidPotion"},{"floor":3.0,"key":"Energy Potion"},{"floor":5.0,"key":"SpeedPotion"},{"floor":8.0,"key":"Swift Potion"},{"floor":20.0,"key":"PowerPotion"},{"floor":22,"key":"DistilledChaos"}],"is_trial":false,"path_per_floor":["M","$","M","?","M","E","M","E","T","?","R","M","E","?","R","B",null,"M","M","M","$","M","E"],"character_chosen":"THE_SILENT","items_purchased":["Dagger Spray"],"campfire_rested":1,"item_purchase_floors":[2],"current_hp_per_floor":[63,63,63,63,63,57,53,14,14,14,35,21,21,21,21,19,57,57,36,11,11,1,1,1],"gold":406,"neow_bonus":"TRANSFORM_CARD","is_daily":false,"chose_seed":false,"campfire_upgraded":1,"win_rate":0.0,"timestamp":1607771734,"path_taken":["M","$","M","?","M","E","M","E","T","?","R","M","E","?","R","BOSS","M","M","M","?","M","E"],"items_purchased_type":["Card"],"build_version":"2020-11-30","purchased_purges":2,"victory":false,"max_hp_per_floor":[70,70,70,70,70,70,70,70,70,70,70,70,70,70,70,70,70,70,70,70,70,70,70,70],"card_choices":[{"not_picked":["Bouncing Flask","Slice"],"picked":"Footwork","floor":1.0},{"not_picked":["Poisoned Stab","Slice"],"picked":"Reflex","floor":3.0},{"not_picked":["Dagger Spray","Flying Knee"],"picked":"Finisher","floor":5.0},{"not_picked":["PiercingWail","Bane"],"picked":"A Thousand Cuts","floor":6.0},{"not_picked":["Poisoned Stab","Terror"],"picked":"Cloak And Dagger","floor":7.0},{"not_picked":["Distraction","Crippling Poison"],"picked":"Terror","floor":8.0},{"not_picked":["Dagger Throw","Deflect"],"picked":"Concentrate","floor":12.0},{"not_picked":["Eviscerate","Bane"],"picked":"Blade Dance","floor":13.0},{"not_picked":["Malaise","Unload"],"picked":"Burst","floor":16.0},{"not_picked":["Slice","Deadly Poison"],"picked":"Prepared","floor":18.0},{"not_picked":["Dagger Spray","Setup","Dagger Throw+1"],"picked":"SKIP","floor":19.0},{"not_picked":["Acrobatics","Blur"],"picked":"Reflex","floor":20.0},{"not_picked":["Deadly Poison","Dodge and Roll"],"picked":"PiercingWail","floor":22}],"player_experience":291900,"relics_obtained":[{"floor":6.0,"key":"Vajra"},{"floor":8.0,"key":"Dead Branch"},{"floor":9.0,"key":"Blue Candle"},{"floor":13.0,"key":"Dream Catcher"}],"event_choices":[{"damage_healed":0.0,"max_hp_gain":0.0,"max_hp_loss":0.0,"gold_gain":0.0,"cards_transformed":["Strike_G"],"event_name":"Living Wall","player_choice":"Change","floor":4.0,"gold_loss":0.0,"damage_taken":0.0,"cards_obtained":["Acrobatics"]},{"damage_healed":0.0,"max_hp_gain":0.0,"max_hp_loss":0.0,"gold_gain":0.0,"event_name":"Shining Light","player_choice":"Ignored","floor":10.0,"gold_loss":0.0,"damage_taken":0.0},{"damage_healed":0.0,"max_hp_gain":0.0,"max_hp_loss":0.0,"gold_gain":100.0,"event_name":"Golden Shrine","player_choice":"Pray","floor":14.0,"gold_loss":0.0,"damage_taken":0.0}],"is_beta":false,"boss_relics":[{"not_picked":["Pandora\u0027s Box","Velvet Choker"],"picked":"WristBlade"}],"items_purged_floors":[2,21],"is_endless":false,"potions_floor_spawned":[1,3,5,8,20,22],"killed_by":"Book of Stabbing","ascension_level":8}}