{"host":"daa8jqyg4gqfaysm","time":1607757769,"event":{"mods":["BaseMod","Colored Powertips","Minty Spire (QoL Compilation)","StSLib"],"gold_per_floor":[111,111,128,8,26,26,55,55,55,86,86,143,163,175,175,247,247,267,143,58,72,72,72,86,111,159,185,234,253,253,270,270,347,347,360,34,34,59,74,74,74,74,98,111,124,124,155,166,166,166],"floor_reached":51,"playtime":1734,"items_purged":["Pain","Strike_B"],"score":1281,"play_id":"c258c4b2-bae4-4657-8624-e886f93b634a","local_time":"20201212152249","is_ascension_mode":true,"campfire_choices":[{"data":"Lockon","floor":6,"key":"SMITH"},{"data":"Zap","floor":8,"key":"SMITH"},{"data":"Ball Lightning","floor":11,"key":"SMITH"},{"data":"Rip and Tear","floor":15,"key":"SMITH"},{"floor":23,"key":"REST"},{"floor":32,"key":"REST"},{"floor":40,"key":"RECALL"},{"data":"Thinking Ahead","floor":42,"key":"SMITH"},{"data":"Coolheaded","floor":46,"key":"SMITH"},{"floor":49,"key":"REST"}],"circlet_count":0,"master_deck":["AscendersBane","Defend_B","Defend_B","Defend_B","Zap+1","Dualcast","Core Surge","Double Energy","Lockon+1","Sweeping Beam+1","Steam","Hologram","Ball Lightning+1","Sunder","Compile Driver","Rip and Tear+1","Biased Cognition","Coolheaded","Barrage+1","Storm+1","Rebound","Heatsinks+1","Bite","Bite","Bite","Bite","Bite","Defragment+1","Echo Form+1","Skim","Thinking Ahead+1","Coolheaded+1","Static Discharge+1","Reinforced Body+1","Parasite","Doom and Gloom"],"relics":["Cracked Core","WarpedTongs","Whetstone","Pantograph","Cables","Torii","Nuclear Battery","Frozen Egg 2","HornCleat","Blue Candle","Centennial Puzzle","Philosopher\u0027s Stone","Membership Card","Incense Burner","FossilizedHelix","MealTicket","Vajra"],"acts_visited":["Exordium","TheCity","TheBeyond"],"potions_floor_usage":[7,12,25,31,33,50],"damage_taken":[{"damage":1,"enemies":"Small Slimes","floor":1,"turns":3},{"damage":2,"enemies":"Cultist","floor":3,"turns":3},{"damage":2,"enemies":"Jaw Worm","floor":5,"turns":3},{"damage":4,"enemies":"3 Sentries","floor":7,"turns":5},{"damage":7,"enemies":"Gremlin Nob","floor":10,"turns":3},{"damage":20,"enemies":"Lagavulin Event","floor":12,"turns":3},{"damage":1,"enemies":"Blue Slaver","floor":13,"turns":2},{"damage":2,"enemies":"Exordium Wildlife","floor":14,"turns":3},{"damage":19,"enemies":"Hexaghost","floor":16,"turns":8},{"damage":8,"enemies":"Shell Parasite","floor":18,"turns":4},{"damage":0,"enemies":"Spheric Guardian","floor":21,"turns":2},{"damage":17,"enemies":"Snake Plant","floor":24,"turns":4},{"damage":20,"enemies":"Book of Stabbing","floor":25,"turns":3},{"damage":22,"enemies":"Slavers","floor":27,"turns":3},{"damage":14,"enemies":"Centurion and Healer","floor":29,"turns":3},{"damage":7,"enemies":"Shelled Parasite and Fungi","floor":31,"turns":4},{"damage":53,"enemies":"Automaton","floor":33,"turns":7},{"damage":17,"enemies":"Orb Walker","floor":35,"turns":3},{"damage":0,"enemies":"Mind Bloom Boss Battle","floor":38,"turns":4},{"damage":0,"enemies":"3 Shapes","floor":39,"turns":2},{"damage":24,"enemies":"3 Darklings","floor":44,"turns":4},{"damage":0,"enemies":"Writhing Mass","floor":45,"turns":5},{"damage":22,"enemies":"Giant Head","floor":47,"turns":7},{"damage":0,"enemies":"Spire Growth","floor":48,"turns":4},{"damage":22,"enemies":"Donu and Deca","floor":50,"turns":6}],"seed_played":"3663526694143641138","potions_obtained":[{"floor":1,"key":"FairyPotion"},{"floor":5,"key":"AttackPotion"},{"floor":10,"key":"Fire Potion"},{"floor":14,"key":"Block Potion"},{"floor":16,"key":"FocusPotion"},{"floor":29,"key":"Ancient Potion"},{"floor":31,"key":"FocusPotion"},{"floor":33,"key":"Strength Potion"},{"floor":45,"key":"PotionOfCapacity"}],"is_trial":false,"path_per_floor":["M","?","M","$","M","R","E","R","T","E","R","?","M","M","R","B",null,"M","$","?","M","?","R","M","E","T","E","T","M","?","M","R","B",null,"M","$","?","?","M","R","?","R","T","M","M","R","E","M","R","B",null],"character_chosen":"DEFECT","items_purchased":["Sweeping Beam","Coolheaded","Membership Card","Incense Burner","Fire Potion"],"campfire_rested":3,"item_purchase_floors":[4,19,36,36,36],"current_hp_per_floor":[63,63,61,61,59,59,55,55,55,48,48,28,27,25,25,31,61,53,53,53,53,33,55,38,18,18,22,22,8,8,9,24,5,41,34,34,34,53,53,53,53,53,53,39,46,46,33,39,53,41],"gold":166,"neow_bonus":"ONE_RANDOM_RARE_CARD","is_daily":false,"chose_seed":false,"campfire_upgraded":6,"win_rate":0.0,"timestamp":1607757769,"path_taken":["M","?","M","$","?","R","E","R","T","E","R","?","M","M","R","BOSS","M","$","?","M","?","R","M","E","T","E","?","?","?","M","R","BOSS","M","$","?","?","M","R","?","R","T","M","M","R","E","M","R","BOSS"],"items_purchased_type":["Card","Card","Relic","Relic","Potion"],"build_version":"2020-11-30","purchased_purges":2,"victory":true,"max_hp_per_floor":[71,71,71,71,71,71,71,71,71,71,71,71,71,71,71,71,71,71,71,71,71,76,76,76,76,76,76,76,76,53,53,53,53,53,53,53,53,53,53,53,53,53,53,53,53,53,53,53,53,53],"card_choices":[{"not_picked":["Static Discharge","Go for the Eyes"],"picked":"Double Energy","floor":1},{"not_picked":["Leap","Hologram"],"picked":"Lockon","floor":3},{"not_picked":["Stack","Reprogram"],"picked":"Steam","floor":5},{"not_picked":["Leap","Steam"],"picked":"Hologram","floor":7},{"not_picked":["Hologram","Gash"],"picked":"Ball Lightning","floor":10},{"not_picked":["Storm","Scrape"],"picked":"Sunder","floor":12},{"not_picked":["Skim","Blizzard"],"picked":"Compile Driver","floor":13},{"not_picked":["Go for the Eyes","Hologram"],"picked":"Rip and Tear","floor":14},{"not_picked":["Multi-Cast","Rainbow"],"picked":"Biased Cognition","floor":16},{"not_picked":["Redo+1","Blizzard+1","Steam"],"picked":"SKIP","floor":18},{"not_picked":["Stack","Go for the Eyes"],"picked":"Barrage+1","floor":21},{"not_picked":["Reprogram","Cold Snap"],"picked":"Storm+1","floor":24},{"not_picked":["FTL","Reinforced Body"],"picked":"Rebound","floor":25},{"not_picked":["Thunder Strike","Ball Lightning","Aggregate"],"picked":"SKIP","floor":27},{"not_picked":["Cold Snap","Hello World+1"],"picked":"Heatsinks+1","floor":29},{"not_picked":["Compile Driver","Melter"],"picked":"Defragment+1","floor":31},{"not_picked":["Core Surge","Amplify"],"picked":"Echo Form+1","floor":33},{"not_picked":["Hologram","Gash"],"picked":"Skim","floor":35},{"not_picked":["Purity","Blind"],"picked":"Thinking Ahead","floor":37},{"not_picked":["Sunder","Barrage+1"],"picked":"Coolheaded","floor":38},{"not_picked":["Rip and Tear+1","Reprogram"],"picked":"Static Discharge+1","floor":39},{"not_picked":["Compile Driver+1","Turbo"],"picked":"Reinforced Body+1","floor":44},{"not_picked":["Scrape+1","Coolheaded","Compile Driver"],"picked":"SKIP","floor":45},{"not_picked":["Reboot","Stack+1"],"picked":"Doom and Gloom","floor":47},{"not_picked":["Ball Lightning","Gash+1","Auto Shields"],"picked":"SKIP","floor":48}],"player_experience":661282,"relics_obtained":[{"floor":7,"key":"Whetstone"},{"floor":9,"key":"Pantograph"},{"floor":10,"key":"Cables"},{"floor":12,"key":"Torii"},{"floor":25,"key":"HornCleat"},{"floor":27,"key":"Blue Candle"},{"floor":28,"key":"Centennial Puzzle"},{"floor":38,"key":"FossilizedHelix"},{"floor":43,"key":"MealTicket"},{"floor":47,"key":"Vajra"}],"event_choices":[{"damage_healed":0,"gold_gain":0,"player_choice":"Rummage","damage_taken":0,"relics_obtained":["WarpedTongs"],"max_hp_gain":0,"max_hp_loss":0,"event_name":"Accursed Blacksmith","floor":2,"gold_loss":0,"cards_obtained":["Pain"]},{"damage_healed":0,"gold_gain":0,"player_choice":"Searched \u00271\u0027 times","damage_taken":0,"max_hp_gain":0,"max_hp_loss":0,"event_name":"Dead Adventurer","floor":12,"gold_loss":0},{"damage_healed":0,"gold_gain":0,"player_choice":"Obtained Relic","damage_taken":0,"relics_obtained":["Frozen Egg 2"],"max_hp_gain":0,"max_hp_loss":0,"event_name":"Addict","floor":20,"gold_loss":85},{"damage_healed":0,"gold_gain":0,"player_choice":"Shed Blood","damage_taken":25,"max_hp_gain":5,"max_hp_loss":0,"event_name":"Forgotten Altar","floor":22,"gold_loss":0},{"damage_healed":0,"gold_gain":0,"player_choice":"Became a vampire","damage_taken":0,"max_hp_gain":0,"max_hp_loss":23,"event_name":"Vampires","floor":30,"gold_loss":0,"cards_obtained":["Bite","Bite","Bite","Bite","Bite"]},{"damage_healed":0,"gold_gain":0,"player_choice":"Memory 1","damage_taken":0,"max_hp_gain":0,"max_hp_loss":0,"event_name":"SensoryStone","floor":37,"gold_loss":0},{"damage_healed":0,"gold_gain":0,"player_choice":"Fight","damage_taken":0,"max_hp_gain":0,"max_hp_loss":0,"event_name":"MindBloom","floor":38,"gold_loss":0},{"cards_removed":["Defend_B"],"damage_healed":0,"gold_gain":0,"player_choice":"Removed Skill","damage_taken":0,"max_hp_gain":0,"max_hp_loss":0,"event_name":"Falling","floor":41,"gold_loss":0}],"is_beta":false,"boss_relics":[{"not_picked":["Runic Dome","Snecko Eye"],"picked":"Nuclear Battery"},{"not_picked":["Tiny House","Coffee Dripper"],"picked":"Philosopher\u0027s Stone"}],"items_purged_floors":[4,19],"is_endless":false,"potions_floor_spawned":[1,5,10,14,16,24,29,31,33,39,45],"ascension_level":15}}