{"host":"1lcvmslm5dvu1wk7","time":1607754816,"event":{"mods":["BaseMod","Colored Powertips","Minty Spire (QoL Compilation)","Remilia£®¿Ÿ√◊¿Ú—«£©","Replay The Spire","Shop Mod","StSLib"],"gold_per_floor":[11,22,122,47,58,89,89,124,149,4,15,34,34,64,64,160,160,180,190,190,208,254,254,285,304,331,331,351,351,382,392,392,490,490,505,524,544,558,558,593,593,622,647,661,676,708,117,151,151,151],"floor_reached":51,"playtime":2994,"items_purged":["Defend_RM","Defend_RM","Strike_RM"],"score":1601,"play_id":"fa5c22e0-75f5-48e9-bc52-5cbbe9e5abfa","local_time":"20201212143336","is_ascension_mode":true,"campfire_choices":[{"data":"ScarletDream","floor":7.0,"key":"SMITH"},{"data":"BombardNight","floor":13.0,"key":"SMITH"},{"data":"MastersStateliness","floor":23.0,"key":"SMITH"},{"data":"ScarletSymphony","floor":27.0,"key":"SMITH"},{"data":"MastersStateliness","floor":29.0,"key":"SMITH"},{"data":"Defend_RM","floor":32.0,"key":"PURGE"},{"data":"GlobalNightmare","floor":41.0,"key":"SMITH"},{"data":"MastersStateliness","floor":49,"key":"SMITH"}],"circlet_count":0,"master_deck":["AscendersBane","Strike_RM+1","RedMoon","ScarletShoot","TransientEternity","ScarletDream+1","DiffusionOfMisfortune","ScarletDevil","BombardNight+1","ScarletDevil","MastersStateliness+1","MastersStateliness+1","ScarletDevil","ScarletDevil+1","HunterOfTheNight","ScarletSymphony+1","Pot Of Greed","Pot Of Greed","GlobalNightmare+1","ScarletSymphony+1","MastersStateliness+1","MastersStateliness+1","Pot Of Greed","ScarletDevil","ScarletImprint","UnderTheZenith+1"],"relics":["ScarletHat","Akabeko","Boot","Potion Belt","Replay:Baseball","ScarletEmblem","Replay:Rubber Ducky","Vajra","Grinning Jar","Divine Protection","Empty Cage","Replay:Kaleidoscope","Mirror","Orichalcum","Replay:WaspNest","Toolbox","Ginger","Gremlin Food"],"acts_visited":["TheCity","TheBeyond"],"potions_floor_usage":[50],"damage_taken":[{"damage":0.0,"enemies":"2 Louse","floor":1.0,"turns":3.0},{"damage":0.0,"enemies":"Cultist","floor":2.0,"turns":3.0},{"damage":3.0,"enemies":"Jaw Worm","floor":5.0,"turns":4.0},{"damage":4.0,"enemies":"Gremlin Nob","floor":6.0,"turns":3.0},{"damage":3.0,"enemies":"Lagavulin","floor":8.0,"turns":5.0},{"damage":6.0,"enemies":"Red Slaver","floor":11.0,"turns":3.0},{"damage":6.0,"enemies":"Looter","floor":12.0,"turns":2.0},{"damage":0.0,"enemies":"Gremlin Nob","floor":14.0,"turns":3.0},{"damage":0.0,"enemies":"Slime Boss","floor":16.0,"turns":4.0},{"damage":0.0,"enemies":"3 Byrds","floor":18.0,"turns":1.0},{"damage":7.0,"enemies":"Shell Parasite","floor":19.0,"turns":2.0},{"damage":4.0,"enemies":"3 Cultists","floor":21.0,"turns":4.0},{"damage":13.0,"enemies":"Gremlin Leader","floor":24.0,"turns":4.0},{"damage":7.0,"enemies":"Centurion and Healer","floor":25.0,"turns":3.0},{"damage":0.0,"enemies":"Snecko","floor":28.0,"turns":3.0},{"damage":1.0,"enemies":"Slavers","floor":30.0,"turns":3.0},{"damage":0.0,"enemies":"Chosen and Byrds","floor":31.0,"turns":3.0},{"damage":22.0,"enemies":"Automaton","floor":33.0,"turns":5.0},{"damage":0.0,"enemies":"3 Shapes","floor":35.0,"turns":2.0},{"damage":0.0,"enemies":"Orb Walker","floor":36.0,"turns":1.0},{"damage":6.0,"enemies":"Spire Growth","floor":37.0,"turns":3.0},{"damage":0.0,"enemies":"Jaw Worm Horde","floor":38.0,"turns":1.0},{"damage":0.0,"enemies":"Nemesis","floor":40.0,"turns":3.0},{"damage":0.0,"enemies":"R_Hoarder","floor":42.0,"turns":6.0},{"damage":0.0,"enemies":"Maw","floor":44.0,"turns":3.0},{"damage":0.0,"enemies":"Spire Growth","floor":45.0,"turns":3.0},{"damage":0,"enemies":"Giant Head","floor":46,"turns":4},{"damage":0,"enemies":"Nemesis","floor":48,"turns":4},{"damage":16,"enemies":"Time Eater","floor":50,"turns":4}],"seed_played":"-8430013522876291006","potions_obtained":[{"floor":1.0,"key":"Elixir"},{"floor":5.0,"key":"DuplicationPotion"},{"floor":11.0,"key":"Fire Potion"},{"floor":12.0,"key":"Adrenaline Potion"},{"floor":16.0,"key":"Flashbang"},{"floor":20.0,"key":"Adrenaline Potion"},{"floor":20.0,"key":"GamblersBrew"},{"floor":25.0,"key":"Flashbang"}],"is_trial":false,"path_per_floor":["M","M","?","$","M","E","R","E","T","$","M","M","R","E","R","B",null,"M","M","?","M","?","R","E","M","T","R","M","R","E","M","R","B",null,"M","M","M","M","?","E","R","E","T","M","M","E","$","E","R","B",null],"character_chosen":"REMILIA","items_purchased":["BombardNight","ScarletImprint","Toolbox","Ginger"],"campfire_rested":0,"item_purchase_floors":[10,47,47,47],"current_hp_per_floor":[68,70,70,70,69,66,66,66,66,66,61,56,56,56,56,56,70,70,66,66,66,48,48,38,31,31,31,35,35,34,36,36,19,61,61,61,68,68,68,75,75,75,75,75,75,75,75,75,75,70],"gold":151,"neow_bonus":"THREE_RARE_CARDS","is_daily":false,"chose_seed":false,"campfire_upgraded":7,"win_rate":0.0,"timestamp":1607754816,"path_taken":["M","M","?","$","?","E","R","E","T","$","M","M","R","E","R","BOSS","M","M","?","?","?","R","E","M","T","R","?","R","E","M","R","BOSS","M","M","M","M","?","E","R","E","T","M","M","E","$","E","R","BOSS"],"items_purchased_type":["Card","Card","Relic","Relic"],"build_version":"2020-11-30","purchased_purges":3,"victory":true,"max_hp_per_floor":[75,75,75,75,75,75,75,75,75,75,75,75,75,75,75,75,75,75,75,75,75,75,75,75,75,75,75,75,75,75,75,75,75,75,75,75,75,75,75,75,75,75,75,75,75,75,75,75,75,75],"card_choices":[{"not_picked":["KillingBlow","CurseOfVladTepes"],"picked":"TransientEternity","floor":0.0},{"not_picked":["UltimateOffering","Stigmanizer"],"picked":"ScarletDream","floor":1.0},{"not_picked":["EndlessAdversity","ChainGang"],"picked":"DiffusionOfMisfortune","floor":2.0},{"not_picked":["CharismaGuard","VampireSweep","UltimateOffering"],"picked":"SKIP","floor":5.0},{"not_picked":["DiffusionOfMisfortune","Stigmanizer","ChaoticDestiny"],"picked":"SKIP","floor":6.0},{"not_picked":["BlasphemousPunishment","VampireSweep"],"picked":"ScarletDevil","floor":8.0},{"not_picked":["BloodAndWine","EndlessAdversity","StarOfDavid"],"picked":"SKIP","floor":11.0},{"not_picked":["VampireSweep","NightLord"],"picked":"ScarletDevil","floor":12.0},{"not_picked":["EquivalentExchange","NightDance","KillingBlow"],"picked":"SKIP","floor":14.0},{"not_picked":["ScarletNetherworld","UnstableMagic"],"picked":"MastersStateliness","floor":18.0},{"not_picked":["Maim","BloodyMagicSquare","Ultimatum"],"picked":"SKIP","floor":19.0},{"not_picked":["BloodAndWine","EmergencyRegeneration"],"picked":"ScarletDevil","floor":21.0},{"not_picked":["BombardNight","StarOfDavid"],"picked":"ScarletDevil+1","floor":22.0},{"not_picked":["UnstableMagic","FavorOfDestiny"],"picked":"HunterOfTheNight","floor":24.0},{"not_picked":["Ultimatum","ReincarnationDial"],"picked":"ScarletSymphony","floor":25.0},{"not_picked":["VampireClaw+1","FitfulNightmare","BloodyHallows"],"picked":"SKIP","floor":28.0},{"not_picked":["DevilSight","DiffusionOfMisfortune","MiserableFate"],"picked":"SKIP","floor":30.0},{"not_picked":["BlasphemousPunishment","ScarletDevilSign","NightDance+1"],"picked":"SKIP","floor":31.0},{"not_picked":["DevilSight+1","UnstableMagic"],"picked":"GlobalNightmare","floor":35.0},{"not_picked":["ScarletDevil","StarOfDavid"],"picked":"ScarletSymphony","floor":36.0},{"not_picked":["ScarletDevilSign","DiffusionOfMisfortune","RedRainbow"],"picked":"SKIP","floor":37.0},{"not_picked":["ChainGang","FavorOfDestiny","UnstableMagic+1"],"picked":"SKIP","floor":38.0},{"not_picked":["ScarletDevilSign","TricksterDevil"],"picked":"MastersStateliness","floor":40.0},{"not_picked":["VampireKiss","EndlessAdversity"],"picked":"MastersStateliness+1","floor":42.0},{"not_picked":["ChainGang","EternalNight+1","RedRainbow"],"picked":"SKIP","floor":44.0},{"not_picked":["BloodHunter+1","BlasphemousPunishment"],"picked":"ScarletDevil","floor":45.0},{"not_picked":["VampireSweep","FavorOfDestiny","CharismaGuard"],"picked":"SKIP","floor":46},{"not_picked":["SuperhumanBloodyKnife","BlasphemousPunishment"],"picked":"UnderTheZenith+1","floor":48},{"not_picked":["LeisurelyOfLord","TricksterDevil","FavorOfDestiny"],"picked":"SKIP","floor":48}],"player_experience":180567,"relics_obtained":[{"floor":6.0,"key":"Akabeko"},{"floor":8.0,"key":"Boot"},{"floor":9.0,"key":"Potion Belt"},{"floor":14.0,"key":"Replay:Baseball"},{"floor":22.0,"key":"Replay:Rubber Ducky"},{"floor":24.0,"key":"Vajra"},{"floor":26.0,"key":"Grinning Jar"},{"floor":30.0,"key":"Divine Protection"},{"floor":40.0,"key":"Replay:Kaleidoscope"},{"floor":42.0,"key":"Mirror"},{"floor":43.0,"key":"Orichalcum"},{"floor":46,"key":"Replay:WaspNest"},{"floor":48,"key":"Gremlin Food"}],"event_choices":[{"damage_healed":0.0,"max_hp_gain":0.0,"max_hp_loss":0.0,"gold_gain":100.0,"event_name":"Golden Shrine","player_choice":"Pray","floor":3.0,"gold_loss":0.0,"damage_taken":0.0},{"damage_healed":0.0,"max_hp_gain":0.0,"max_hp_loss":0.0,"gold_gain":0.0,"event_name":"Lab","player_choice":"Got Potions","floor":20.0,"gold_loss":0.0,"damage_taken":0.0},{"damage_healed":0.0,"max_hp_gain":0.0,"max_hp_loss":0.0,"gold_gain":0.0,"event_name":"Accursed Blacksmith","player_choice":"Forge","floor":39.0,"gold_loss":0.0,"damage_taken":0.0,"cards_upgraded":["ScarletSymphony"]}],"is_beta":false,"boss_relics":[{"not_picked":["SlaversCollar","Abe\u0027s Treasure"],"picked":"ScarletEmblem"},{"not_picked":["Honey Jar","SacredBark"],"picked":"Empty Cage"}],"items_purged_floors":[4,10,47],"is_endless":false,"potions_floor_spawned":[1,5,11,12,16,19,21,24,25,30,31,37,40,46],"ascension_level":12}}