{"host":"3a1ypf1irl30q4k8","time":1607809646,"event":{"mods":["AchievementEnabler","BaseMod","Bestiary","Colored Map","Minty Spire (QoL Compilation)","Relic Stats"],"gold_per_floor":[117,130,141,20,20,48,48,80,105,124,7,7,7,25,25,124,124,139,139,23,35,35,62,62,95,120,120,139,11,11,11,11,11,11],"floor_reached":33,"playtime":1804,"items_purged":["Strike_B"],"score":407,"play_id":"852f911b-939c-467b-b827-29bdd745419d","local_time":"20201212214726","is_ascension_mode":true,"campfire_choices":[{"data":"Cold Snap","floor":7,"key":"SMITH"},{"data":"Reprogram","floor":12,"key":"SMITH"},{"data":"Storm","floor":15,"key":"SMITH"},{"floor":24,"key":"REST"},{"floor":27,"key":"REST"},{"floor":32,"key":"REST"}],"circlet_count":0,"master_deck":["Strike_B","Strike_B","Strike_B","Defend_B","Defend_B","Defend_B","Defend_B","Zap","Dualcast","Steam","Turbo","Chill+1","Storm+1","Cold Snap+1","Conserve Battery","Ball Lightning","Reprogram+1","Defragment","Defragment","Echo Form","Coolheaded","Storm","Turbo","Ball Lightning+1","Chill+1","Turbo+1","Static Discharge","Dark Shackles","Seek","Reboot"],"relics":["Cracked Core","NeowsBlessing","Juzu Bracelet","MealTicket","Omamori","Calling Bell","Potion Belt","Symbiotic Virus","Calipers","Orichalcum","Turnip","Dream Catcher"],"acts_visited":["Exordium","TheCity"],"potions_floor_usage":[6,14,23,23,25,25,33,33],"damage_taken":[{"damage":0,"enemies":"Cultist","floor":1,"turns":1},{"damage":0,"enemies":"Jaw Worm","floor":2,"turns":1},{"damage":0,"enemies":"2 Louse","floor":3,"turns":1},{"damage":5,"enemies":"3 Sentries","floor":6,"turns":9},{"damage":70,"enemies":"Gremlin Nob","floor":8,"turns":6},{"damage":4,"enemies":"Exordium Thugs","floor":10,"turns":6},{"damage":3,"enemies":"Gremlin Gang","floor":14,"turns":4},{"damage":47,"enemies":"The Guardian","floor":16,"turns":14},{"damage":4,"enemies":"Chosen","floor":18,"turns":4},{"damage":18,"enemies":"Shell Parasite","floor":21,"turns":5},{"damage":45,"enemies":"Book of Stabbing","floor":23,"turns":7},{"damage":36,"enemies":"Slavers","floor":25,"turns":7},{"damage":11,"enemies":"Centurion and Healer","floor":28,"turns":9},{"damage":119,"enemies":"Automaton","floor":33,"turns":12}],"seed_played":"-3827709274929686943","potions_obtained":[{"floor":2,"key":"FairyPotion"},{"floor":3,"key":"Strength Potion"},{"floor":8,"key":"ColorlessPotion"},{"floor":16,"key":"SpeedPotion"},{"floor":19,"key":"BlessingOfTheForge"},{"floor":19,"key":"FairyPotion"},{"floor":19,"key":"Dexterity Potion"},{"floor":23,"key":"Energy Potion"},{"floor":25,"key":"Strength Potion"}],"is_trial":false,"path_per_floor":["M","M","M","$","?","E","R","E","T","M","$","R","?","M","R","B",null,"M","?","$","M","$","E","R","E","T","R","M","$","?","?","R","B"],"character_chosen":"DEFECT","items_purchased":["Storm","Fire Potion","Reprogram","Defragment","Storm","Static Discharge","SkillPotion"],"campfire_rested":3,"item_purchase_floors":[4,4,11,11,20,29,29],"current_hp_per_floor":[68,68,68,68,68,63,63,22,22,18,33,33,58,55,55,8,58,54,54,69,51,66,21,43,7,7,29,18,33,33,33,55,0,0],"gold":11,"neow_bonus":"THREE_ENEMY_KILL","is_daily":false,"chose_seed":false,"campfire_upgraded":3,"win_rate":0.0,"timestamp":1607809646,"path_taken":["M","M","?","$","?","E","R","E","T","M","$","R","?","M","R","BOSS","M","?","$","M","$","E","R","E","T","R","M","?","?","?","R","BOSS"],"items_purchased_type":["Card","Potion","Card","Card","Card","Card","Potion"],"build_version":"2020-11-30","purchased_purges":1,"victory":false,"max_hp_per_floor":[75,75,75,75,75,75,75,75,75,75,75,75,75,75,75,75,75,75,75,75,75,75,75,75,75,75,75,75,75,75,75,75,75,75],"relic_stats":{"Dream Catcher":2,"counters":[14,86],"MealTicket":60,"Turnip":[4],"Juzu Bracelet":2,"Orichalcum":[12],"obtain_stats":[{"Calling Bell":17,"Potion Belt":17,"Dream Catcher":26,"Calipers":17,"NeowsBlessing":0,"MealTicket":8,"Turnip":25,"Juzu Bracelet":6,"Omamori":9,"Orichalcum":23,"Cracked Core":0,"Symbiotic Virus":17},{"Calling Bell":8,"Potion Belt":8,"Dream Catcher":12,"Calipers":8,"NeowsBlessing":0,"MealTicket":5,"Turnip":12,"Juzu Bracelet":4,"Omamori":5,"Orichalcum":11,"Cracked Core":0,"Symbiotic Virus":8},{"Calling Bell":42,"Potion Belt":42,"Dream Catcher":65,"Calipers":42,"NeowsBlessing":0,"MealTicket":18,"Turnip":65,"Juzu Bracelet":12,"Omamori":18,"Orichalcum":58,"Cracked Core":0,"Symbiotic Virus":42}]},"card_choices":[{"not_picked":["Go for the Eyes","Fusion"],"picked":"Steam","floor":1},{"not_picked":["Double Energy","Streamline"],"picked":"Turbo","floor":2},{"not_picked":["Heatsinks","Reprogram"],"picked":"Chill","floor":3},{"not_picked":["Double Energy","Turbo"],"picked":"Cold Snap","floor":6},{"not_picked":["Stack","Chaos"],"picked":"Conserve Battery","floor":8},{"not_picked":["Blizzard","White Noise"],"picked":"Ball Lightning","floor":10},{"not_picked":["Go for the Eyes","Glacier"],"picked":"Defragment","floor":14},{"not_picked":["Electrodynamics","Meteor Strike"],"picked":"Echo Form","floor":16},{"not_picked":["Scrape","Compile Driver"],"picked":"Coolheaded","floor":18},{"not_picked":["Gash","Coolheaded"],"picked":"Turbo","floor":21},{"not_picked":["Core Surge","Force Field+1"],"picked":"Ball Lightning+1","floor":23},{"not_picked":["Ball Lightning","Steam Power+1"],"picked":"Chill+1","floor":25},{"not_picked":["Skim+1","Reprogram"],"picked":"Turbo+1","floor":28},{"not_picked":["Sweeping Beam","Streamline+1"],"picked":"Reboot","floor":32}],"player_experience":829301,"relics_obtained":[{"floor":6,"key":"Juzu Bracelet"},{"floor":8,"key":"MealTicket"},{"floor":9,"key":"Omamori"},{"floor":17,"key":"Potion Belt"},{"floor":17,"key":"Symbiotic Virus"},{"floor":17,"key":"Calipers"},{"floor":23,"key":"Orichalcum"},{"floor":25,"key":"Turnip"},{"floor":26,"key":"Dream Catcher"}],"event_choices":[{"damage_healed":0,"gold_gain":0,"player_choice":"Grow","damage_taken":0,"max_hp_gain":0,"max_hp_loss":0,"event_name":"Living Wall","floor":5,"gold_loss":0,"cards_upgraded":["Chill"]},{"damage_healed":25,"gold_gain":0,"player_choice":"Banana","damage_taken":0,"max_hp_gain":0,"max_hp_loss":0,"event_name":"Big Fish","floor":13,"gold_loss":0},{"damage_healed":0,"gold_gain":0,"player_choice":"Got Potions","damage_taken":0,"max_hp_gain":0,"max_hp_loss":0,"event_name":"Lab","floor":19,"gold_loss":0},{"damage_healed":0,"gold_gain":0,"player_choice":"2 cards matched","damage_taken":0,"max_hp_gain":0,"max_hp_loss":0,"event_name":"Match and Keep!","floor":30,"gold_loss":0,"cards_obtained":["Dark Shackles","Seek"]},{"damage_healed":0,"gold_gain":0,"player_choice":"Ignored","damage_taken":0,"max_hp_gain":0,"max_hp_loss":0,"event_name":"Cursed Tome","floor":31,"gold_loss":0}],"is_beta":false,"boss_relics":[{"not_picked":["Inserter","Tiny House"],"picked":"Calling Bell"}],"items_purged_floors":[20],"is_endless":false,"potions_floor_spawned":[2,3,8,16,23,25],"killed_by":"Automaton","ascension_level":8}}