{"host":"db9qq6yd9ck6prkg","time":1607782074,"event":{"mods":["BaseMod","Custom Start","Minty Spire (QoL Compilation)","StSLib","Uncapped"],"gold_per_floor":[100115,100115,100130,99626,99626,99665,99665,99709,99733,99758,99792,98995,99015,98106,98106,98197,98197,98212,98127,97321,97337,97362,97362,97395,97395,97420,97420,97420,96459,96480,96480,96480,96576,96576,96594,95788,95819,96152,95279,95279,95308,95318,95318,95333,94461,94461,94461,94488,94488,94488,94488,94488,93921,93947,93947],"floor_reached":56,"playtime":1992,"items_purged":["Strike_B","Strike_B","Strike_B","Defend_B","Zap","Defend_B","Defend_B","Aggregate+1","Hologram"],"score":2465,"play_id":"6906d8ca-955f-4ffa-83a1-4c59ed3e3375","local_time":"20201212220754","is_ascension_mode":true,"campfire_choices":[{"data":"Sunder","floor":7.0,"key":"SMITH"},{"data":"Turbo","floor":15.0,"key":"SMITH"},{"data":"Heatsinks","floor":25,"key":"SMITH"},{"data":"Aggregate","floor":27,"key":"SMITH"},{"data":"Defragment","floor":32,"key":"SMITH"},{"data":"Creative AI","floor":40,"key":"SMITH"},{"floor":47,"key":"RECALL"},{"data":"Coolheaded","floor":49,"key":"SMITH"},{"data":"Dualcast","floor":52,"key":"SMITH"}],"circlet_count":0,"master_deck":["AscendersBane","Dualcast+1","Turbo+1","Sunder+1","Ball Lightning+1","White Noise","Coolheaded+1","Creative AI+1","Storm","Defragment+1","Core Surge+1","Heatsinks+1","Skim","Coolheaded+1","Master of Strategy+1","Biased Cognition"],"relics":["Cracked Core","NeowsBlessing","Bronze Scales","Oddly Smooth Stone","Bag of Preparation","Mummified Hand","Toy Ornithopter","Singing Bowl","CaptainsWheel","Matryoshka","ClockworkSouvenir","Ginger","Shuriken","Coffee Dripper","Strawberry","Runic Capacitor","Akabeko","Pantograph","Whetstone","Happy Flower","Juzu Bracelet","Lizard Tail","Ancient Tea Set","Toolbox","Orichalcum","TungstenRod","Philosopher\u0027s Stone","Chemical X","Centennial Puzzle","Darkstone Periapt","Incense Burner","Cauldron","Symbiotic Virus","Bottled Tornado","Letter Opener","Lee\u0027s Waffle","DataDisk","Blood Vial","War Paint","Membership Card","InkBottle","Pear","Boot"],"acts_visited":["Exordium","TheCity","TheBeyond","TheEnding"],"potions_floor_usage":[30,50,55],"damage_taken":[{"damage":0.0,"enemies":"Small Slimes","floor":1.0,"turns":1.0},{"damage":0.0,"enemies":"2 Louse","floor":3.0,"turns":1.0},{"damage":0.0,"enemies":"3 Sentries","floor":6.0,"turns":1.0},{"damage":6.0,"enemies":"Lagavulin","floor":8.0,"turns":4.0},{"damage":0.0,"enemies":"Jaw Worm","floor":10.0,"turns":2.0},{"damage":16.0,"enemies":"Gremlin Nob","floor":11.0,"turns":3.0},{"damage":0.0,"enemies":"Blue Slaver","floor":13.0,"turns":2.0},{"damage":0.0,"enemies":"Slime Boss","floor":16.0,"turns":5.0},{"damage":1.0,"enemies":"3 Byrds","floor":18.0,"turns":3.0},{"damage":18.0,"enemies":"2 Thieves","floor":21.0,"turns":3.0},{"damage":9.0,"enemies":"Centurion and Healer","floor":22.0,"turns":3.0},{"damage":26,"enemies":"Book of Stabbing","floor":24,"turns":5},{"damage":14,"enemies":"Snecko","floor":30,"turns":3},{"damage":21,"enemies":"Collector","floor":33,"turns":6},{"damage":0,"enemies":"3 Shapes","floor":35,"turns":2},{"damage":0,"enemies":"Mind Bloom Boss Battle","floor":37,"turns":4},{"damage":0,"enemies":"Reptomancer","floor":41,"turns":3},{"damage":0,"enemies":"3 Darklings","floor":42,"turns":2},{"damage":0,"enemies":"Transient","floor":44,"turns":5},{"damage":0,"enemies":"Giant Head","floor":48,"turns":4},{"damage":41,"enemies":"Awakened One","floor":50,"turns":10},{"damage":0,"enemies":"Shield and Spear","floor":54,"turns":2},{"damage":0,"enemies":"The Heart","floor":55,"turns":6}],"seed_played":"5681715607285039364","potions_obtained":[{"floor":1.0,"key":"CultistPotion"},{"floor":13.0,"key":"Fire Potion"},{"floor":33,"key":"SmokeBomb"},{"floor":39,"key":"FocusPotion"}],"is_trial":false,"path_per_floor":["M","?","M","$","?","E","R","E","T","M","E","$","M","$","R","B",null,"M","?","$","M","M","?","E","R","T","R","?","$","M","T","R","B",null,"M","$","?","?","$","R","E","M","T","M","$","?","R","E","R","B",null,"R","$","E","B",null],"character_chosen":"DEFECT","items_purchased":["Bronze Scales","Oddly Smooth Stone","Ball Lightning","White Noise","SkillPotion","CaptainsWheel","Matryoshka","EssenceOfSteel","Hologram","Defragment","ClockworkSouvenir","Ginger","Shuriken","Runic Capacitor","Akabeko","Pantograph","Swift Potion","Weak Potion","Lizard Tail","Ancient Tea Set","Toolbox","FairyPotion","Regen Potion","Chemical X","Centennial Puzzle","Darkstone Periapt","FearPotion","Cauldron","Symbiotic Virus","Bottled Tornado","Lee\u0027s Waffle","DataDisk","Blood Vial","Master of Strategy","Membership Card","InkBottle","Pear","DuplicationPotion"],"campfire_rested":0,"item_purchase_floors":[4,4,4,4,4,12,12,12,12,14,14,14,14,20,20,20,20,20,29,29,29,29,29,36,36,36,36,39,39,39,45,45,45,45,53,53,53,53],"current_hp_per_floor":[64,57,57,57,57,57,57,51,51,56,42,42,47,47,47,59,66,67,74,74,61,52,52,26,26,26,26,26,26,28,28,28,34,71,71,71,85,85,85,85,87,89,89,89,96,96,96,98,98,62,89,89,99,101,108],"gold":93947,"neow_bonus":"THREE_ENEMY_KILL","is_daily":false,"chose_seed":false,"campfire_upgraded":8,"win_rate":0.0,"timestamp":1607782074,"path_taken":["M","?","M","$","?","E","R","E","T","M","E","$","M","?","R","BOSS","M","?","$","M","M","?","E","R","T","R","?","$","M","?","R","BOSS","M","$","?","?","?","R","E","M","T","M","$","?","R","E","R","BOSS","R","$","E","BOSS"],"items_purchased_type":["Relic","Relic","Card","Card","Potion","Relic","Relic","Potion","Card","Card","Relic","Relic","Relic","Relic","Relic","Relic","Potion","Potion","Relic","Relic","Relic","Potion","Potion","Relic","Relic","Relic","Potion","Relic","Relic","Relic","Relic","Relic","Relic","Card","Relic","Relic","Relic","Potion"],"build_version":"2020-11-30","purchased_purges":9,"victory":true,"max_hp_per_floor":[71,71,71,71,64,64,64,64,64,64,66,66,66,66,66,68,68,70,77,77,79,79,79,79,79,79,79,79,79,81,81,81,83,83,83,83,85,85,85,85,87,89,89,89,96,96,96,98,98,98,98,98,108,108,108],"card_choices":[{"not_picked":["Tempest","Go for the Eyes"],"picked":"Turbo","floor":1.0},{"not_picked":["Rebound","Force Field"],"picked":"Sunder","floor":3.0},{"not_picked":["Turbo","Conserve Battery"],"picked":"Coolheaded","floor":6.0},{"not_picked":["Turbo","Seek"],"picked":"Creative AI","floor":8.0},{"not_picked":["Turbo","Ball Lightning"],"picked":"Storm","floor":10.0},{"not_picked":["BootSequence","Go for the Eyes","Barrage"],"picked":"Singing Bowl","floor":11.0},{"not_picked":["Cold Snap","Sunder"],"picked":"Aggregate","floor":13.0},{"not_picked":["Buffer","Thunder Strike","Amplify"],"picked":"Singing Bowl","floor":16.0},{"not_picked":["Steam","Loop","Rebound"],"picked":"Singing Bowl","floor":18.0},{"not_picked":["Turbo+1","Leap","Rebound"],"picked":"Singing Bowl","floor":21.0},{"not_picked":["Defragment","Sweeping Beam+1"],"picked":"Core Surge","floor":22.0},{"not_picked":["Beam Cell","Rebound"],"picked":"Heatsinks","floor":24},{"not_picked":["Genetic Algorithm","Reprogram","Cold Snap+1"],"picked":"Singing Bowl","floor":30},{"not_picked":["All For One","Amplify","Reboot"],"picked":"Singing Bowl","floor":33},{"not_picked":["Melter","Glacier+1"],"picked":"Skim","floor":35},{"not_picked":["Chaos","Force Field","Barrage"],"picked":"Singing Bowl","floor":37},{"not_picked":["Compile Driver+1","Self Repair","Gash"],"picked":"Singing Bowl","floor":41},{"not_picked":["Sweeping Beam","Cold Snap","Streamline"],"picked":"Singing Bowl","floor":42},{"not_picked":["Self Repair+1","Compile Driver"],"picked":"Coolheaded","floor":44},{"not_picked":["Go for the Eyes","Chaos","FTL"],"picked":"Singing Bowl","floor":48},{"not_picked":["Go for the Eyes","Turbo"],"picked":"Biased Cognition","floor":54}],"player_experience":170155,"relics_obtained":[{"floor":6.0,"key":"Bag of Preparation"},{"floor":8.0,"key":"Mummified Hand"},{"floor":9.0,"key":"Toy Ornithopter"},{"floor":11.0,"key":"Singing Bowl"},{"floor":24,"key":"Whetstone"},{"floor":26,"key":"Happy Flower"},{"floor":26,"key":"Juzu Bracelet"},{"floor":31,"key":"Orichalcum"},{"floor":31,"key":"TungstenRod"},{"floor":37,"key":"Incense Burner"},{"floor":41,"key":"Letter Opener"},{"floor":48,"key":"War Paint"},{"floor":54,"key":"Boot"}],"event_choices":[{"cards_removed":["Strike_B"],"damage_healed":0.0,"max_hp_gain":0.0,"max_hp_loss":0.0,"gold_gain":0.0,"event_name":"Golden Wing","player_choice":"Card Removal","floor":2.0,"gold_loss":0.0,"damage_taken":7.0},{"damage_healed":0.0,"max_hp_gain":0.0,"max_hp_loss":7.0,"gold_gain":0.0,"event_name":"Golden Idol","player_choice":"Lose Max HP","floor":5.0,"gold_loss":0.0,"damage_taken":0.0,"relics_obtained":["Golden Idol"]},{"damage_healed":0.0,"max_hp_gain":0.0,"max_hp_loss":0.0,"gold_gain":0.0,"event_name":"Addict","player_choice":"Obtained Relic","floor":19.0,"gold_loss":85.0,"damage_taken":0.0,"relics_obtained":["Strawberry"]},{"damage_healed":0,"gold_gain":0,"player_choice":"Leave","damage_taken":0,"max_hp_gain":0,"max_hp_loss":0,"event_name":"FaceTrader","floor":23,"gold_loss":0},{"cards_removed":["Defend_B"],"damage_healed":0,"gold_gain":0,"player_choice":"Purged","damage_taken":0,"max_hp_gain":0,"max_hp_loss":0,"event_name":"Purifier","floor":28,"gold_loss":0},{"damage_healed":0,"gold_gain":0,"player_choice":"Fight","damage_taken":0,"max_hp_gain":0,"max_hp_loss":0,"event_name":"MindBloom","floor":37,"gold_loss":0},{"damage_healed":0,"gold_gain":333,"player_choice":"Gave Idol","damage_taken":0,"max_hp_gain":0,"max_hp_loss":0,"event_name":"The Moai Head","floor":38,"relics_lost":["Golden Idol"],"gold_loss":0},{"damage_healed":0,"gold_gain":0,"player_choice":"0 cards matched","damage_taken":0,"max_hp_gain":0,"max_hp_loss":0,"event_name":"Match and Keep!","floor":46,"gold_loss":0,"cards_obtained":[]}],"is_beta":false,"boss_relics":[{"not_picked":["FrozenCore","Snecko Eye"],"picked":"Coffee Dripper"},{"not_picked":["SacredBark","Velvet Choker"],"picked":"Philosopher\u0027s Stone"}],"items_purged_floors":[4,12,14,20,29,36,39,45,53],"is_endless":false,"potions_floor_spawned":[1,6,8,13,33,35,44,48],"ascension_level":15}}