{"host":"7gewg82ormp6yt4e","time":1607763756,"event":{"mods":["BaseMod","Block Reminder","Colored Map","Colored Powertips","DeckTracker","Highlight Path","Minty Spire (QoL Compilation)","Relic Stats","StSLib"],"gold_per_floor":[119,5,5,5,23,53,53,79,79,79,79,154,177,207,207,285,285,297,297,311,183,108,134,134,134,134,147,196,196,196],"floor_reached":29,"playtime":1118,"items_purged":["Decay"],"score":585,"play_id":"6f16ad9f-28ce-4071-90ae-f08228e5121d","local_time":"20201212180236","is_ascension_mode":true,"campfire_choices":[{"data":"Noxious Fumes","floor":7,"key":"SMITH"},{"floor":11,"key":"REST"},{"data":"Night Terror","floor":15,"key":"SMITH"},{"floor":25,"key":"REST"}],"circlet_count":0,"master_deck":["AscendersBane","Strike_G","Strike_G","Strike_G","Strike_G","Defend_G","Defend_G","Defend_G","Defend_G","Defend_G","Survivor","Neutralize","Leg Sweep","Deadly Poison","Noxious Fumes+1","Poisoned Stab","Night Terror+1","Venomology","Blade Dance+1","Backflip","Die Die Die"],"relics":["Ring of the Snake","NeowsBlessing","Singing Bowl","Blood Vial","Bottled Tornado","Bag of Marbles","Lantern","Bottled Lightning","Runic Dome","Mango","Paper Crane","Ancient Tea Set"],"acts_visited":["Exordium","TheCity"],"potions_floor_usage":[20,23,27,29,29],"damage_taken":[{"damage":0,"enemies":"Jaw Worm","floor":1,"turns":1},{"damage":0,"enemies":"Cultist","floor":5,"turns":1},{"damage":0,"enemies":"Lagavulin","floor":6,"turns":1},{"damage":26,"enemies":"3 Sentries","floor":8,"turns":7},{"damage":32,"enemies":"Gremlin Nob","floor":14,"turns":4},{"damage":42,"enemies":"Slime Boss","floor":16,"turns":8},{"damage":8,"enemies":"Spheric Guardian","floor":18,"turns":4},{"damage":18,"enemies":"2 Thieves","floor":20,"turns":4},{"damage":23,"enemies":"Gremlin Leader","floor":23,"turns":6},{"damage":23,"enemies":"Sentry and Sphere","floor":27,"turns":5},{"damage":43,"enemies":"Slavers","floor":29,"turns":4}],"seed_played":"-2320823560814129144","potions_obtained":[{"floor":5,"key":"FairyPotion"},{"floor":18,"key":"Explosive Potion"}],"is_trial":false,"path_per_floor":["M","$","?","$","M","E","R","E","T","?","R","?","T","E","R","B",null,"M","?","M","$","?","E","?","R","T","M","T","E"],"character_chosen":"THE_SILENT","items_purchased":["Deadly Poison","Noxious Fumes","Backflip"],"campfire_rested":2,"item_purchase_floors":[2,2,21],"current_hp_per_floor":[59,59,59,59,59,59,59,35,35,24,44,33,33,3,3,3,52,46,46,32,32,32,25,25,50,50,31,31,0,0],"gold":196,"neow_bonus":"THREE_ENEMY_KILL","is_daily":false,"chose_seed":false,"campfire_upgraded":2,"win_rate":0.0,"timestamp":1607763756,"path_taken":["M","$","?","?","M","E","R","E","T","?","R","?","?","E","R","BOSS","M","?","M","$","?","E","?","R","T","?","?","E"],"items_purchased_type":["Card","Card","Card"],"build_version":"2020-11-30","purchased_purges":1,"victory":false,"max_hp_per_floor":[66,66,66,66,66,66,66,68,68,68,68,68,68,68,68,68,68,68,68,70,70,70,84,84,84,84,86,86,86,86],"relic_stats":{"Blood Vial":14,"Singing Bowl":6,"counters":[11,45],"obtain_stats":[{"Blood Vial":8,"Runic Dome":17,"Lantern":13,"NeowsBlessing":0,"Singing Bowl":6,"Mango":23,"Bag of Marbles":10,"Bottled Lightning":14,"Bottled Tornado":9,"Paper Crane":24,"Ancient Tea Set":26,"Ring of the Snake":0},{"Blood Vial":4,"Runic Dome":6,"Lantern":4,"NeowsBlessing":0,"Singing Bowl":3,"Mango":9,"Bag of Marbles":4,"Bottled Lightning":5,"Bottled Tornado":4,"Paper Crane":9,"Ancient Tea Set":9,"Ring of the Snake":0},{"Blood Vial":10,"Runic Dome":22,"Lantern":10,"NeowsBlessing":0,"Singing Bowl":3,"Mango":36,"Bag of Marbles":10,"Bottled Lightning":14,"Bottled Tornado":10,"Paper Crane":36,"Ancient Tea Set":36,"Ring of the Snake":0}],"Ring of the Snake":[22]},"card_choices":[{"not_picked":["Acrobatics","Choke"],"picked":"Leg Sweep","floor":1},{"not_picked":["Heel Hook","Slice"],"picked":"Dagger Throw","floor":5},{"not_picked":["Quick Slash","Deflect"],"picked":"Poisoned Stab","floor":6},{"not_picked":["Underhanded Strike","Dagger Spray","Backstab"],"picked":"Singing Bowl","floor":8},{"not_picked":["Skewer","Choke"],"picked":"Night Terror","floor":14},{"not_picked":["Phantasmal Killer","Unload"],"picked":"Venomology","floor":16},{"not_picked":["Endless Agony","Dagger Spray"],"picked":"Blade Dance+1","floor":18},{"not_picked":["Riddle With Holes","Dagger Spray","Acrobatics"],"picked":"Singing Bowl","floor":20},{"not_picked":["Dodge and Roll","Dagger Spray"],"picked":"Die Die Die","floor":23},{"not_picked":["Dagger Spray","Deadly Poison","Slice"],"picked":"Singing Bowl","floor":27}],"player_experience":2315647,"relics_obtained":[{"floor":6,"key":"Singing Bowl"},{"floor":8,"key":"Blood Vial"},{"floor":9,"key":"Bottled Tornado"},{"floor":13,"key":"Lantern"},{"floor":14,"key":"Bottled Lightning"},{"floor":23,"key":"Mango"},{"floor":26,"key":"Ancient Tea Set"}],"event_choices":[{"damage_healed":0,"gold_gain":0,"player_choice":"Cursed","damage_taken":0,"max_hp_gain":0,"max_hp_loss":0,"event_name":"Wheel of Change","floor":3,"gold_loss":0,"cards_obtained":["Decay"]},{"damage_healed":0,"gold_gain":0,"player_choice":"Success","damage_taken":11,"relics_obtained":["Bag of Marbles"],"max_hp_gain":0,"max_hp_loss":0,"event_name":"Scrap Ooze","floor":10,"gold_loss":0},{"damage_healed":0,"gold_gain":75,"player_choice":"Gather Gold","damage_taken":11,"max_hp_gain":0,"max_hp_loss":0,"event_name":"World of Goop","floor":12,"gold_loss":0},{"damage_healed":0,"gold_gain":0,"player_choice":"Ignored","damage_taken":0,"max_hp_gain":0,"max_hp_loss":0,"event_name":"The Mausoleum","floor":19,"gold_loss":0},{"cards_removed":["Strike_G"],"damage_healed":0,"gold_gain":0,"player_choice":"Gave Gold","damage_taken":0,"max_hp_gain":0,"max_hp_loss":0,"event_name":"Beggar","floor":22,"gold_loss":75},{"cards_removed":["Dagger Throw"],"damage_healed":0,"gold_gain":0,"player_choice":"Gave Card","damage_taken":0,"relics_obtained":["Paper Crane"],"max_hp_gain":0,"max_hp_loss":0,"event_name":"WeMeetAgain","floor":24,"gold_loss":0}],"is_beta":false,"boss_relics":[{"not_picked":["Cursed Key","Ectoplasm"],"picked":"Runic Dome"}],"items_purged_floors":[21],"is_endless":false,"potions_floor_spawned":[5,18],"killed_by":"Slavers","ascension_level":20}}