{"host":"pl1fbpkom0aq337f","time":1607793852,"event":{"mods":["AchievementEnabler","BaseMod","Colored Map","Marisa????????","Minty Spire (QoL Compilation)"],"gold_per_floor":[118,118,138,138,161,161,192,90,90,90,129,148,1,60,60,171,171,205,205,205,238,163,197,197,237,272,299,369,389,389,413,432,432,432,432],"floor_reached":34,"playtime":1562,"items_purged":["Pain"],"score":542,"play_id":"1f3e80f7-97e2-4cb7-bbd3-ba95a986fb95","local_time":"20201212182412","is_ascension_mode":true,"campfire_choices":[{"data":"DeepEcoloBomb","floor":6.0,"key":"SMITH"},{"data":"MillisecondPulsars","floor":15.0,"key":"SMITH"},{"floor":24,"key":"REST"},{"data":"CollectingQuirk","floor":30,"key":"SMITH"},{"data":"CollectingQuirk","floor":33,"key":"SMITH"}],"circlet_count":0,"master_deck":["AscendersBane","MasterSpark","UpSweep","Dark Shackles","MilkyWay","DeepEcoloBomb+1","AsteroidBelt","MillisecondPulsars+1","WitchOfGreed","AsteroidBelt","AsteroidBelt","GrandCross","CollectingQuirk+1","GrandCross","RitualDagger","ShootTheMoon","CollectingQuirk+1","PropBag","MagicAbsorber","BlazeAway","FairyDestructionRay+1"],"relics":["MiniHakkero","Golden Idol","Incense Burner","StoneCalendar","Bag of Preparation","BreadOfAWashokuLover","Pandora\u0027s Box","WarpedTongs","Prayer Wheel","Strawberry","Potion Belt","Shuriken"],"acts_visited":["Exordium","TheCity"],"potions_floor_usage":[16,25,26,29,32,34],"damage_taken":[{"damage":0.0,"enemies":"2 Louse","floor":1.0,"turns":2.0},{"damage":7.0,"enemies":"Small Slimes","floor":3.0,"turns":3.0},{"damage":1.0,"enemies":"Cultist","floor":5.0,"turns":3.0},{"damage":2.0,"enemies":"Gremlin Nob","floor":7.0,"turns":4.0},{"damage":13.0,"enemies":"Exordium Thugs","floor":11.0,"turns":5.0},{"damage":0.0,"enemies":"3 Louse","floor":12.0,"turns":3.0},{"damage":4.0,"enemies":"3 Sentries","floor":14.0,"turns":6.0},{"damage":33,"enemies":"Slime Boss","floor":16,"turns":7},{"damage":0,"enemies":"Chosen","floor":18,"turns":3},{"damage":15,"enemies":"Spheric Guardian","floor":21,"turns":5},{"damage":0,"enemies":"Snake Plant","floor":23,"turns":4},{"damage":3,"enemies":"Chosen and Byrds","floor":25,"turns":7},{"damage":16,"enemies":"Slavers","floor":26,"turns":4},{"damage":16,"enemies":"Gremlin Leader","floor":28,"turns":5},{"damage":10,"enemies":"Snecko","floor":29,"turns":5},{"damage":6,"enemies":"Shelled Parasite and Fungi","floor":31,"turns":3},{"damage":0,"enemies":"Snake Plant","floor":32,"turns":3},{"damage":37,"enemies":"Collector","floor":34,"turns":3}],"seed_played":"1819898800670327780","potions_obtained":[{"floor":3.0,"key":"PowerPotion"},{"floor":11.0,"key":"DistilledChaos"},{"floor":14.0,"key":"EssenceOfSteel"},{"floor":16,"key":"DuplicationPotion"},{"floor":16,"key":"DistilledChaos"},{"floor":25,"key":"SteroidPotion"},{"floor":26,"key":"SmokeBomb"},{"floor":28,"key":"PowerPotion"},{"floor":28,"key":"LiquidMemories"}],"is_trial":false,"path_per_floor":["M","?","M","?","M","R","E","$","T","?","M","M","$","E","R","B",null,"M","?","?","M","$","M","R","M","E","T","E","M","R","M","M","R","B"],"character_chosen":"MARISA","items_purchased":["WitchOfGreed","AsteroidBelt","Bag of Preparation"],"campfire_rested":1,"item_purchase_floors":[8,8,13],"current_hp_per_floor":[63,46,39,39,38,38,36,36,36,59,46,46,46,42,42,13,56,57,51,51,37,37,38,59,60,45,52,50,40,40,34,34,34,0,0],"gold":432,"neow_bonus":"RANDOM_COLORLESS","is_daily":false,"chose_seed":false,"campfire_upgraded":4,"win_rate":0.0,"timestamp":1607793852,"path_taken":["M","?","M","?","M","R","E","$","T","?","M","M","$","E","R","BOSS","M","?","?","M","$","M","R","M","E","T","E","M","R","M","M","R","BOSS"],"items_purchased_type":["Card","Card","Relic"],"build_version":"2020-11-30","purchased_purges":1,"victory":false,"max_hp_per_floor":[70,70,70,70,70,70,70,70,70,70,70,70,70,70,70,70,70,70,70,70,70,70,70,70,70,70,77,90,90,90,90,90,90,90,90],"card_choices":[{"not_picked":["Forethought","Dramatic Entrance"],"picked":"Dark Shackles","floor":0.0},{"not_picked":["PropBag","UnstableBomb"],"picked":"MilkyWay","floor":1.0},{"not_picked":["MysteriousBeam","GravityBeat"],"picked":"DeepEcoloBomb","floor":3.0},{"not_picked":["DarkMatter","DragonMeteor"],"picked":"AsteroidBelt","floor":5.0},{"not_picked":["EarthLightRay","OortCloud"],"picked":"MillisecondPulsars","floor":7.0},{"not_picked":["UnstableBomb","WitchLeyline"],"picked":"AsteroidBelt","floor":11.0},{"not_picked":["FairyDestructionRay","PowerUp"],"picked":"GrandCross","floor":12.0},{"not_picked":["MeteoricShower","UnstableBomb","MilkyWay"],"picked":"SKIP","floor":14.0},{"not_picked":["StarDustReverie","FinalSpark"],"picked":"CollectingQuirk","floor":16},{"not_picked":["NonDirectionalLaser","IllusionStar"],"picked":"GrandCross","floor":18},{"not_picked":["WitchLeyline","NonDirectionalLaser","DC"],"picked":"SKIP","floor":21},{"not_picked":["PropBag","WitchLeyline"],"picked":"ShootTheMoon","floor":23},{"not_picked":["Acceleration","MachineGunSpark","EnergyFlow"],"picked":"SKIP","floor":25},{"not_picked":["DarkSpark","LuminesStrike","AsteroidBelt"],"picked":"SKIP","floor":26},{"not_picked":["AsteroidBelt","MysteriousBeam"],"picked":"CollectingQuirk","floor":28},{"not_picked":["ChargingUp","RefractionSpark","NonDirectionalLaser"],"picked":"SKIP","floor":29},{"not_picked":["IllusionStar","GravityBeat","StarBarrage"],"picked":"SKIP","floor":29},{"not_picked":["Acceleration","AsteroidBelt"],"picked":"PropBag","floor":31},{"not_picked":["IllusionStar","6A"],"picked":"MagicAbsorber","floor":31},{"not_picked":["OneTimeOff","SporeBomb"],"picked":"BlazeAway","floor":32},{"not_picked":["EnergyFlow","Occultation+1"],"picked":"FairyDestructionRay+1","floor":32}],"player_experience":450089,"relics_obtained":[{"floor":7.0,"key":"Incense Burner"},{"floor":9.0,"key":"StoneCalendar"},{"floor":14.0,"key":"BreadOfAWashokuLover"},{"floor":26,"key":"Prayer Wheel"},{"floor":27,"key":"Strawberry"},{"floor":28,"key":"Potion Belt"}],"event_choices":[{"damage_healed":0.0,"max_hp_gain":0.0,"max_hp_loss":0.0,"gold_gain":0.0,"event_name":"Golden Idol","player_choice":"Take Damage","floor":2.0,"gold_loss":0.0,"damage_taken":17.0,"relics_obtained":["Golden Idol"]},{"damage_healed":0.0,"max_hp_gain":0.0,"max_hp_loss":0.0,"gold_gain":0.0,"event_name":"Golden Wing","player_choice":"Ignored","floor":4.0,"gold_loss":0.0,"damage_taken":0.0},{"damage_healed":23.0,"max_hp_gain":0.0,"max_hp_loss":0.0,"gold_gain":0.0,"event_name":"Big Fish","player_choice":"Banana","floor":10.0,"gold_loss":0.0,"damage_taken":0.0},{"damage_healed":0,"gold_gain":0,"player_choice":"Joined the Cult","damage_taken":6,"max_hp_gain":0,"max_hp_loss":0,"event_name":"Nest","floor":19,"gold_loss":0,"cards_obtained":["RitualDagger"]},{"damage_healed":0,"gold_gain":0,"player_choice":"Rummage","damage_taken":0,"relics_obtained":["WarpedTongs"],"max_hp_gain":0,"max_hp_loss":0,"event_name":"Accursed Blacksmith","floor":20,"gold_loss":0,"cards_obtained":["Pain"]}],"is_beta":false,"boss_relics":[{"not_picked":["Cursed Key","ExperimentalFamiliar"],"picked":"Pandora\u0027s Box"}],"items_purged_floors":[22],"is_endless":false,"potions_floor_spawned":[3,11,12,16,23,26,28],"killed_by":"Collector","ascension_level":14}}