{"host":"6vv0uythevi5qk1w","time":1607776679,"event":{"mods":["Act Like it!","BaseMod","Gensokyo","Minty Spire (QoL Compilation)","Remilia£®¿Ÿ√◊¿Ú—«£©","Replay The Spire","StSLib"],"gold_per_floor":[109,109,34,34,45,45,61,61,61,61,61],"floor_reached":10,"playtime":419,"items_purged":["Strike_G"],"score":95,"play_id":"eb47cc62-19e0-43d5-b20a-d9ec0a6320ea","local_time":"20201212203759","is_ascension_mode":true,"campfire_choices":[{"data":"Jack Of All Trades","floor":6,"key":"SMITH"},{"data":"Masterful Stab","floor":8,"key":"SMITH"}],"circlet_count":0,"master_deck":["Strike_G","Strike_G","Strike_G","Strike_G","Defend_G","Defend_G","Defend_G","Defend_G","Defend_G","Survivor","Neutralize","Quick Slash","Expertise","Malaise","Jack Of All Trades+1","Accuracy","Masterful Stab+1"],"relics":["Ring of the Snake"],"acts_visited":["Exordium"],"potions_floor_usage":[10],"damage_taken":[{"damage":8.0,"enemies":"Jaw Worm","floor":1.0,"turns":7.0},{"damage":0,"enemies":"Cultist","floor":5,"turns":3},{"damage":0,"enemies":"2 Louse","floor":7,"turns":2},{"damage":7,"enemies":"3 Sentries","floor":10,"turns":3}],"seed_played":"2723612441011229818","potions_obtained":[{"floor":1.0,"key":"Swift Potion"}],"is_trial":false,"path_per_floor":["M","?","$","?","M","R","M","R","T","E"],"character_chosen":"THE_SILENT","items_purchased":[],"campfire_rested":0,"item_purchase_floors":[],"current_hp_per_floor":[55,55,55,60,60,60,60,60,60,53,53],"gold":61,"neow_bonus":"TWENTY_PERCENT_HP_BONUS","is_daily":false,"chose_seed":false,"campfire_upgraded":2,"win_rate":0.0,"timestamp":1607776679,"path_taken":["M","?","?","?","?","R","M","R","T","E"],"items_purchased_type":[],"build_version":"2020-11-30","purchased_purges":1,"victory":false,"max_hp_per_floor":[84,84,84,89,89,89,89,89,89,89,89],"card_choices":[{"not_picked":["Fluid Movement","Sucker Punch"],"picked":"Quick Slash","floor":1.0},{"not_picked":["Deflect","Blade Dance"],"picked":"Accuracy","floor":5},{"not_picked":["Outmaneuver","PiercingWail"],"picked":"Masterful Stab","floor":7}],"player_experience":245406,"relics_obtained":[],"event_choices":[{"damage_healed":0.0,"max_hp_gain":0.0,"max_hp_loss":0.0,"gold_gain":0.0,"event_name":"Match and Keep!","player_choice":"3 cards matched","floor":2.0,"gold_loss":0.0,"damage_taken":0.0,"cards_obtained":["Expertise","Malaise","Jack Of All Trades"]},{"damage_healed":0.0,"max_hp_gain":5.0,"max_hp_loss":0.0,"gold_gain":0.0,"event_name":"Big Fish","player_choice":"Donut","floor":4.0,"gold_loss":0.0,"damage_taken":0.0}],"is_beta":false,"boss_relics":[],"items_purged_floors":[3],"is_endless":false,"potions_floor_spawned":[1],"killed_by":"3 Sentries","ascension_level":5}}