{"host":"7r6bd5ce6zscnmwq","time":1607773737,"event":{"mods":["BaseMod","Better Altar","Better Match","Better Note","Better Sensory Stone","Better Skull","Better Third Choice","Better Vampires","Block Reminder","Colored Powertips","Displayed Cursed Tome","Minty Spire (QoL Compilation)","Permanent Neow","Quick Restart","Shop Mod","Spicy Shops","StSLib"],"gold_per_floor":[115,129,129,52,72,72,72,98,122,122,138,167,180,209,209,306,306,319,319,337,353,378,378,203,231,255,287,287,300,300,320,320,424,424,435,81,0,50,63,63,75,108,108,128,161,161,173,206,206,206,206,206,13,45,45,45],"floor_reached":55,"playtime":3141,"items_purged":["Strike_R","Strike_R","Defend_R"],"score":1185,"play_id":"45a718e5-9fc3-4af3-bb66-c798b5d091bb","local_time":"20201212204857","is_ascension_mode":true,"campfire_choices":[{"data":"Immolate","floor":6.0,"key":"SMITH"},{"floor":10.0,"key":"REST"},{"data":"Fiend Fire","floor":15.0,"key":"SMITH"},{"data":"Battle Trance","floor":23.0,"key":"SMITH"},{"floor":28.0,"key":"REST"},{"data":"Bash","floor":30.0,"key":"SMITH"},{"data":"Evolve","floor":32.0,"key":"SMITH"},{"data":"Double Tap","floor":40.0,"key":"SMITH"},{"floor":46.0,"key":"REST"},{"floor":49.0,"key":"RECALL"},{"data":"Burning Pact","floor":52.0,"key":"SMITH"}],"circlet_count":0,"master_deck":["AscendersBane","Strike_R","Strike_R","Defend_R","Defend_R","Bash+1","Immolate+1","Evolve+1","Reckless Charge","Thunderclap","Reckless Charge","Second Wind","Battle Trance+1","Fiend Fire+1","Immolate","Wild Strike","Fire Breathing","Exhume","Double Tap+1","Sentinel","Burning Pact+1","Iron Wave+1","Offering"],"relics":["Black Blood","Nunchaku","Paper Frog","Bronze Scales","Happy Flower","Mummified Hand","Mark of Pain","Strawberry","Bottled Lightning","StoneCalendar","Bag of Marbles","Red Mask","Gambling Chip","Ancient Tea Set","Incense Burner","PreservedInsect","Akabeko","Red Skull"],"acts_visited":["Exordium","TheCity","TheBeyond","TheEnding"],"potions_floor_usage":[55],"damage_taken":[{"damage":14.0,"enemies":"2 Louse","floor":1.0,"turns":3.0},{"damage":1.0,"enemies":"Cultist","floor":2.0,"turns":3.0},{"damage":14.0,"enemies":"Jaw Worm","floor":5.0,"turns":3.0},{"damage":10.0,"enemies":"Lagavulin","floor":8.0,"turns":4.0},{"damage":0.0,"enemies":"Exordium Wildlife","floor":11.0,"turns":1.0},{"damage":15.0,"enemies":"3 Sentries","floor":12.0,"turns":3.0},{"damage":15.0,"enemies":"3 Louse","floor":13.0,"turns":2.0},{"damage":5.0,"enemies":"Lagavulin","floor":14.0,"turns":3.0},{"damage":7.0,"enemies":"Slime Boss","floor":16.0,"turns":4.0},{"damage":2.0,"enemies":"Chosen","floor":18.0,"turns":3.0},{"damage":28.0,"enemies":"2 Thieves","floor":20.0,"turns":3.0},{"damage":10.0,"enemies":"Snake Plant","floor":21.0,"turns":2.0},{"damage":35.0,"enemies":"Book of Stabbing","floor":25.0,"turns":3.0},{"damage":20.0,"enemies":"Gremlin Leader","floor":27.0,"turns":5.0},{"damage":0.0,"enemies":"Snecko","floor":29.0,"turns":2.0},{"damage":0.0,"enemies":"Shelled Parasite and Fungi","floor":31.0,"turns":1.0},{"damage":31.0,"enemies":"Champ","floor":33.0,"turns":5.0},{"damage":3.0,"enemies":"3 Shapes","floor":35.0,"turns":3.0},{"damage":0.0,"enemies":"Mind Bloom Boss Battle","floor":38.0,"turns":2.0},{"damage":0.0,"enemies":"3 Darklings","floor":39.0,"turns":1.0},{"damage":6.0,"enemies":"Sphere and 2 Shapes","floor":41.0,"turns":2.0},{"damage":23.0,"enemies":"Reptomancer","floor":42.0,"turns":3.0},{"damage":30.0,"enemies":"Spire Growth","floor":44.0,"turns":3.0},{"damage":22.0,"enemies":"Nemesis","floor":45.0,"turns":3.0},{"damage":12.0,"enemies":"Writhing Mass","floor":47.0,"turns":2.0},{"damage":0.0,"enemies":"Reptomancer","floor":48.0,"turns":1.0},{"damage":47.0,"enemies":"Donu and Deca","floor":50.0,"turns":5.0},{"damage":51.0,"enemies":"Shield and Spear","floor":54.0,"turns":4.0},{"damage":9,"enemies":"The Heart","floor":55,"turns":2}],"seed_played":"-1644175635079674785","potions_obtained":[{"floor":2.0,"key":"FearPotion"},{"floor":5.0,"key":"FearPotion"},{"floor":11.0,"key":"PowerPotion"},{"floor":14.0,"key":"PowerPotion"},{"floor":20.0,"key":"SpeedPotion"},{"floor":27.0,"key":"FearPotion"},{"floor":29.0,"key":"BlessingOfTheForge"},{"floor":31.0,"key":"Ancient Potion"},{"floor":35.0,"key":"SkillPotion"},{"floor":39.0,"key":"Explosive Potion"},{"floor":42.0,"key":"EssenceOfSteel"},{"floor":44.0,"key":"DuplicationPotion"}],"is_trial":false,"path_per_floor":["M","M","?","$","M","R","?","E","T","R","M","E","M","E","R","B",null,"M","?","M","M","T","R","$","E","T","E","R","M","R","M","R","B",null,"M","$","?","?","M","R","M","E","T","M","E","R","M","E","R","B",null,"R","$","E","B"],"character_chosen":"IRONCLAD","items_purchased":["Reckless Charge","Sentinel","Bag of Marbles","Offering","SteroidPotion"],"campfire_rested":3,"item_purchase_floors":[4,36,36,53,53],"current_hp_per_floor":[64,69,51,51,43,43,43,39,39,63,69,60,51,52,52,51,73,77,77,55,51,58,58,58,29,29,15,41,47,47,53,53,28,72,81,81,81,87,87,87,87,76,76,58,48,74,74,86,86,51,78,78,78,39,30,30],"gold":45,"neow_bonus":"TRANSFORM_CARD","is_daily":false,"chose_seed":false,"campfire_upgraded":7,"win_rate":0.0,"timestamp":1607773737,"path_taken":["M","M","?","$","M","R","?","E","T","R","M","E","?","E","R","BOSS","M","?","M","M","?","R","$","E","T","E","R","M","R","M","R","BOSS","M","$","?","?","M","R","M","E","T","M","E","R","M","E","R","BOSS","R","$","E","BOSS"],"items_purchased_type":["Card","Card","Relic","Card","Potion"],"build_version":"2020-11-30","purchased_purges":3,"victory":false,"max_hp_per_floor":[80,80,80,80,80,80,80,80,80,80,80,80,80,80,80,80,80,80,80,80,80,87,87,87,87,87,87,87,87,87,87,87,87,87,87,87,87,87,87,87,87,87,87,87,87,87,87,87,87,87,87,87,87,87,87,87],"card_choices":[{"not_picked":["Cleave","Headbutt"],"picked":"Evolve","floor":1.0},{"not_picked":["Heavy Blade","Spot Weakness","Shockwave"],"picked":"SKIP","floor":2.0},{"not_picked":["Body Slam","Armaments","Twin Strike"],"picked":"SKIP","floor":5.0},{"not_picked":["Flex","Shrug It Off"],"picked":"Thunderclap","floor":8.0},{"not_picked":["Pummel","Carnage"],"picked":"Reckless Charge","floor":11.0},{"not_picked":["Headbutt","Thunderclap"],"picked":"Second Wind","floor":12.0},{"not_picked":["Infernal Blade","Perfected Strike"],"picked":"Battle Trance","floor":13.0},{"not_picked":["Feed","Pummel"],"picked":"Fiend Fire","floor":14.0},{"not_picked":["Brutality","Berserk"],"picked":"Immolate","floor":16.0},{"not_picked":["Shrug It Off","Searing Blow","Armaments"],"picked":"SKIP","floor":18.0},{"not_picked":["Intimidate","Warcry+1"],"picked":"Wild Strike","floor":20.0},{"not_picked":["Shrug It Off","Burning Pact","Spot Weakness+1"],"picked":"SKIP","floor":21.0},{"not_picked":["Pummel","Spot Weakness","Thunderclap"],"picked":"SKIP","floor":25.0},{"not_picked":["Dropkick","Searing Blow+1","Cleave+1"],"picked":"SKIP","floor":27.0},{"not_picked":["Cleave","Twin Strike"],"picked":"Fire Breathing","floor":29.0},{"not_picked":["Body Slam","Wild Strike"],"picked":"Exhume","floor":31.0},{"not_picked":["Brutality","Barricade"],"picked":"Double Tap","floor":33.0},{"not_picked":["Body Slam+1","Clothesline+1","Sever Soul+1"],"picked":"SKIP","floor":35.0},{"not_picked":["Sword Boomerang+1","Sentinel","Warcry+1"],"picked":"SKIP","floor":39.0},{"not_picked":["Sword Boomerang+1","Sentinel","Warcry+1"],"picked":"SKIP","floor":39.0},{"not_picked":["Dark Embrace+1","Fiend Fire"],"picked":"Burning Pact","floor":41.0},{"not_picked":["Warcry+1","Headbutt+1","Pommel Strike+1"],"picked":"SKIP","floor":42.0},{"not_picked":["True Grit","Seeing Red+1","Armaments+1"],"picked":"SKIP","floor":44.0},{"not_picked":["Twin Strike+1","Fiend Fire","Rupture+1"],"picked":"SKIP","floor":45.0},{"not_picked":["Heavy Blade","Iron Wave+1","Anger+1"],"picked":"SKIP","floor":47.0},{"not_picked":["Heavy Blade","Anger+1"],"picked":"Iron Wave+1","floor":47.0},{"not_picked":["Shrug It Off","Rampage+1","Inflame"],"picked":"SKIP","floor":48.0},{"not_picked":["Entrench+1","True Grit+1","Fiend Fire"],"picked":"SKIP","floor":54.0}],"player_experience":588160,"relics_obtained":[{"floor":8.0,"key":"Paper Frog"},{"floor":9.0,"key":"Bronze Scales"},{"floor":12.0,"key":"Happy Flower"},{"floor":14.0,"key":"Mummified Hand"},{"floor":22.0,"key":"Strawberry"},{"floor":25.0,"key":"Bottled Lightning"},{"floor":27.0,"key":"StoneCalendar"},{"floor":38.0,"key":"Gambling Chip"},{"floor":42.0,"key":"Ancient Tea Set"},{"floor":43.0,"key":"Incense Burner"},{"floor":45.0,"key":"PreservedInsect"},{"floor":48.0,"key":"Akabeko"},{"floor":54.0,"key":"Red Skull"}],"event_choices":[{"damage_healed":0.0,"max_hp_gain":0.0,"max_hp_loss":0.0,"gold_gain":0.0,"event_name":"betterThird:BetterScrap","player_choice":"Relic ","floor":3.0,"gold_loss":0.0,"damage_taken":18.0,"cards_obtained":["Ragnarok"]},{"cards_removed":["Defend_R"],"damage_healed":0.0,"max_hp_gain":0.0,"max_hp_loss":0.0,"gold_gain":0.0,"event_name":"Bonfire Elementals","player_choice":"Offered Basic","floor":7.0,"gold_loss":0.0,"damage_taken":0.0},{"damage_healed":0.0,"max_hp_gain":0.0,"max_hp_loss":0.0,"gold_gain":0.0,"event_name":"Vampires","player_choice":"Ignored","floor":19.0,"gold_loss":0.0,"damage_taken":0.0},{"damage_healed":0.0,"max_hp_gain":0.0,"max_hp_loss":0.0,"gold_gain":0.0,"event_name":"Tomb of Lord Red Mask","player_choice":"Paid","floor":37.0,"gold_loss":81.0,"damage_taken":0.0,"relics_obtained":["Red Mask"]},{"damage_healed":0.0,"max_hp_gain":0.0,"max_hp_loss":0.0,"gold_gain":0.0,"event_name":"MindBloom","player_choice":"Fight","floor":38.0,"gold_loss":0.0,"damage_taken":0.0}],"is_beta":false,"boss_relics":[{"not_picked":["Astrolabe","Black Star"],"picked":"Mark of Pain"},{"not_picked":["Philosopher\u0027s Stone","Runic Dome"],"picked":"Black Blood"}],"items_purged_floors":[24,24,36],"is_endless":false,"potions_floor_spawned":[2,5,11,14,20,27,29,31,35,39,41,42,44],"killed_by":"The Heart","ascension_level":10}}