{"host":"zi8o4akxlgxypwgb","time":1607802101,"event":{"mods":["BaseMod","Minty Spire (QoL Compilation)","Replay The Spire","StSLib","SuperFastMode"],"gold_per_floor":[110,185,185,23,298,298,330,330,330,330,330,356,367,667,677,696,696,792,792,712,8,208,227,245,274,274,288,288,322,338,18,18,28,28,130,130,143,143,161,161,177,177,177],"floor_reached":42,"playtime":2167,"items_purged":["Regret","Writhe"],"score":889,"play_id":"ecd36c3e-1484-4dd5-b87a-9ee6f1698d66","local_time":"20201213034141","is_ascension_mode":true,"campfire_choices":[{"data":"Dash","floor":6.0,"key":"SMITH"},{"data":"Terror","floor":8.0,"key":"SMITH"},{"data":"A Thousand Cuts","floor":26.0,"key":"SMITH"},{"data":"Venomology","floor":34.0,"key":"SMITH"}],"circlet_count":0,"master_deck":["Strike_G","Strike_G","Strike_G","Defend_G","Survivor","Neutralize","Dash+1","Outmaneuver+1","Flying Knee","Terror+1","Blur","Backflip","Prepared","A Thousand Cuts+1","CommonCold","Acrobatics","Prepared+1","Hidden Blade+1","Venomology+1","Deadly Poison+1","Sucker Punch+1","Poisoned Stab+1","Cloak And Dagger","Leg Sweep+1","Hidden Blade","Grand Finale","Well Laid Plans+1","Fluid Movement","Backflip","Flechettes","Heel Hook","Endless Agony","ReplayTheSpireMod:Necrosis","Bane+1","Dagger Spray+1","Quick Slash+1"],"relics":["Ring of the Snake","NeowsBlessing","Blood Vial","White Beast Statue","Mercury Hourglass","TungstenRod","Old Coin","Replay:Ancient Bell","Potion Belt","The Courier","Replay:PocketPolymizer","PreservedInsect","Orrery","Tiny Chest","Ice Cream","MealTicket","Matryoshka","Durian","Chameleon Ring","Toolbox","Replay:Drink Me","Pear","Replay:Baseball"],"acts_visited":["Exordium","TheCity","TheBeyond"],"potions_floor_usage":[35,35,35,41,42,42,42],"damage_taken":[{"damage":0.0,"enemies":"Small Slimes","floor":1.0,"turns":1.0},{"damage":0.0,"enemies":"Lagavulin","floor":7.0,"turns":1.0},{"damage":0.0,"enemies":"Gremlin Nob","floor":12.0,"turns":1.0},{"damage":0.0,"enemies":"2 Louse","floor":13.0,"turns":2.0},{"damage":0.0,"enemies":"Cultist","floor":15.0,"turns":2.0},{"damage":5.0,"enemies":"Exordium Thugs","floor":16.0,"turns":5.0},{"damage":14.0,"enemies":"The Guardian","floor":18.0,"turns":11.0},{"damage":5.0,"enemies":"Chosen","floor":20.0,"turns":4.0},{"damage":15.0,"enemies":"Shell Parasite","floor":23.0,"turns":6.0},{"damage":0.0,"enemies":"Centurion and Healer","floor":24.0,"turns":4.0},{"damage":13.0,"enemies":"Slavers","floor":25.0,"turns":5.0},{"damage":17.0,"enemies":"Cultist and Chosen","floor":27.0,"turns":5.0},{"damage":19.0,"enemies":"Gremlin Leader","floor":29.0,"turns":4.0},{"damage":11.0,"enemies":"Shelled Parasite and Fungi","floor":30.0,"turns":7.0},{"damage":0.0,"enemies":"Chosen and Byrds","floor":33.0,"turns":5.0},{"damage":11,"enemies":"Pondfish","floor":35,"turns":9},{"damage":9,"enemies":"Orb Walker","floor":37,"turns":4},{"damage":1,"enemies":"3 Shapes","floor":39,"turns":4},{"damage":22,"enemies":"Sphere and 2 Shapes","floor":41,"turns":5},{"damage":18,"enemies":"Reptomancer","floor":42,"turns":5}],"seed_played":"-3968316099574502649","potions_obtained":[{"floor":1.0,"key":"GhostInAJar"},{"floor":7.0,"key":"PowerPotion"},{"floor":12.0,"key":"BlessingOfTheForge"},{"floor":15.0,"key":"EssenceOfSteel"},{"floor":16.0,"key":"SkillPotion"},{"floor":18.0,"key":"AttackPotion"},{"floor":20.0,"key":"Languid Potion"},{"floor":23.0,"key":"Fire Potion"},{"floor":24.0,"key":"GamblersBrew"},{"floor":25.0,"key":"Poison Potion"},{"floor":27.0,"key":"GamblersBrew"},{"floor":29.0,"key":"Adrenaline Potion"},{"floor":30.0,"key":"Doom Potion"},{"floor":32.0,"key":"GamblersBrew"},{"floor":32.0,"key":"SmokeBomb"},{"floor":33.0,"key":"DistilledChaos"},{"floor":35,"key":"DuplicationPotion"},{"floor":37,"key":"LiquidMemories"},{"floor":39,"key":"Adrenaline Potion"},{"floor":41,"key":"ColorlessPotion"}],"is_trial":false,"path_per_floor":["M","?","?","$","?","R","E","R","T","PTL","PTL","E","M","T","M","M","R","B",null,"M","$","?","M","M","E","R","M","T","E","M","$","R","M","R","B",null,"M","T","M","?","M","E"],"character_chosen":"THE_SILENT","items_purchased":["Outmaneuver+1","Flying Knee","Prepared+1","PreservedInsect","Orrery","Tiny Chest","Ice Cream","Chameleon Ring","Toolbox"],"campfire_rested":0,"item_purchase_floors":[4,4,21,21,21,21,21,31,31],"current_hp_per_floor":[70,59,59,59,59,59,61,61,61,61,61,63,65,65,67,64,58,46,64,61,61,61,48,50,39,39,24,24,12,3,18,18,20,20,11,46,39,49,50,50,30,14,14],"gold":177,"neow_bonus":"THREE_ENEMY_KILL","is_daily":false,"chose_seed":false,"campfire_upgraded":4,"win_rate":0.0,"timestamp":1607802101,"path_taken":["M","?","?","$","?","R","E","R","T","PTL","PTL","E","?","?","M","M","R","BOSS","M","$","?","M","?","E","R","M","T","E","M","$","R","?","R","BOSS","M","?","M","?","M","E"],"items_purchased_type":["Card","Card","Card","Relic","Relic","Relic","Relic","Relic","Relic"],"build_version":"2020-11-30","purchased_purges":2,"victory":false,"max_hp_per_floor":[70,70,70,70,70,70,70,70,70,70,70,70,70,70,70,70,70,70,70,70,70,70,70,70,70,70,70,70,75,75,75,75,75,75,75,57,57,67,67,67,67,67,67],"card_choices":[{"not_picked":["Quick Slash","Underhanded Strike"],"picked":"Dash","floor":1.0},{"not_picked":["Deflect","Burst"],"picked":"Terror","floor":7.0},{"not_picked":["Sucker Punch","Concentrate"],"picked":"Blur","floor":12.0},{"not_picked":["Setup","PiercingWail"],"picked":"Flechettes","floor":13.0},{"not_picked":["Cloak And Dagger","Dodge and Roll"],"picked":"Backflip","floor":15.0},{"not_picked":["ReplayTheSpireMod:Speed Training","Slice"],"picked":"Prepared","floor":16.0},{"not_picked":["ReplayTheSpireMod:From All Sides","Doppelganger"],"picked":"A Thousand Cuts","floor":18.0},{"not_picked":["Regret","CommonCold"],"picked":"Writhe","floor":19.0},{"not_picked":["Languid","Injury"],"picked":"ReplayTheSpireMod:IOU","floor":19.0},{"not_picked":["Normality","Pain"],"picked":"CommonCold","floor":19.0},{"not_picked":["Predator","Expertise"],"picked":"Acrobatics","floor":20.0},{"not_picked":["Sucker Punch","ReplayTheSpireMod:Exploit Weakness+1"],"picked":"Hidden Blade+1","floor":21.0},{"not_picked":["Skewer","Dagger Spray+1"],"picked":"Venomology","floor":21.0},{"not_picked":["Atom Bomb","Flechettes"],"picked":"Deadly Poison+1","floor":21.0},{"not_picked":["Acrobatics","Dodge and Roll"],"picked":"Sucker Punch+1","floor":21.0},{"not_picked":["Draining Mist+1","Catalyst+1"],"picked":"Poisoned Stab+1","floor":21.0},{"not_picked":["Dagger Throw","Sucker Punch"],"picked":"Cloak And Dagger","floor":23.0},{"not_picked":["Endless Agony","ReplayTheSpireMod:Speed Training"],"picked":"Leg Sweep+1","floor":24.0},{"not_picked":["Predator","Backflip"],"picked":"Hidden Blade","floor":25.0},{"not_picked":["Toxin Wave+1","Acrobatics"],"picked":"Well Laid Plans+1","floor":27.0},{"not_picked":["Caltrops","Slice"],"picked":"Fluid Movement","floor":29.0},{"not_picked":["Sucker Punch","Deadly Poison+1"],"picked":"Backflip","floor":30.0},{"not_picked":["Terror","Underhanded Strike"],"picked":"Heel Hook","floor":33.0},{"not_picked":["After Image","ReplayTheSpireMod:From All Sides"],"picked":"ReplayTheSpireMod:Necrosis","floor":35},{"not_picked":["Flechettes","Sucker Punch+1"],"picked":"Bane+1","floor":37},{"not_picked":["Concentrate","Backflip"],"picked":"Dagger Spray+1","floor":39},{"not_picked":["Flying Knee","Deflect"],"picked":"Quick Slash+1","floor":41}],"player_experience":287077,"relics_obtained":[{"floor":7.0,"key":"White Beast Statue"},{"floor":9.0,"key":"Mercury Hourglass"},{"floor":12.0,"key":"TungstenRod"},{"floor":14.0,"key":"Old Coin"},{"floor":25.0,"key":"MealTicket"},{"floor":28.0,"key":"Matryoshka"},{"floor":29.0,"key":"Durian"},{"floor":38,"key":"Pear"},{"floor":38,"key":"Replay:Baseball"}],"event_choices":[{"damage_healed":0.0,"max_hp_gain":0.0,"max_hp_loss":0.0,"gold_gain":75.0,"event_name":"World of Goop","player_choice":"Gather Gold","floor":2.0,"gold_loss":0.0,"damage_taken":11.0},{"damage_healed":0.0,"max_hp_gain":0.0,"max_hp_loss":0.0,"gold_gain":0.0,"event_name":"Big Fish","player_choice":"Box","floor":3.0,"gold_loss":0.0,"damage_taken":0.0,"relics_obtained":["Blood Vial"],"cards_obtained":["Regret"]},{"damage_healed":0.0,"max_hp_gain":0.0,"max_hp_loss":0.0,"gold_gain":275.0,"event_name":"Golden Shrine","player_choice":"Desecrate","floor":5.0,"gold_loss":0.0,"damage_taken":0.0,"cards_obtained":["Regret"]},{"cards_removed":["Regret"],"damage_healed":0.0,"max_hp_gain":0.0,"max_hp_loss":0.0,"gold_gain":0.0,"event_name":"Golden Wing","player_choice":"Card Removal","floor":17.0,"gold_loss":0.0,"damage_taken":7.0},{"damage_healed":0.0,"max_hp_gain":0.0,"max_hp_loss":0.0,"gold_gain":200.0,"event_name":"Wheel of Change","player_choice":"Gold","floor":22.0,"gold_loss":0.0,"damage_taken":0.0},{"cards_removed":["Flechettes"],"damage_healed":0,"gold_gain":0,"player_choice":"Removed Attack","damage_taken":0,"max_hp_gain":0,"max_hp_loss":0,"event_name":"Falling","floor":40,"gold_loss":0}],"is_beta":false,"boss_relics":[{"not_picked":["SlaversCollar","Coffee Dripper"],"picked":"Replay:Ancient Bell"},{"not_picked":["Centennial Puzzle","Snake Skull"],"picked":"Potion Belt"},{"not_picked":["Mirror","StrikeDummy"],"picked":"The Courier"},{"not_picked":["Basket Of Snakes","Incense Burner"],"picked":"Replay:PocketPolymizer"},{"not_picked":["Ring of the Serpent","Replay:Wanted Poster"],"picked":"Replay:Drink Me"}],"items_purged_floors":[4,21],"is_endless":false,"potions_floor_spawned":[1,7,12,13,15,16,18,20,23,24,25,27,29,30,33,35,37,39,41],"killed_by":"Reptomancer","ascension_level":5}}