{"host":"sabve5zmqufxyc5o","time":1607762846,"event":{"mods":["2.2 Compatiblity","AchievementEnabler","Act Like it!","BaseMod","Block Reminder","Colored Map","Colored Powertips","DeckTracker","KOR Keyword Fix","Keyboard Shortcuts","Minty Spire (QoL Compilation)","Quick Restart","Rare Cards Sparkle","Relic Stats","StSLib","SuperFastMode"],"gold_per_floor":[118,130,130,147,72,72,100,113,113,126,126,139,152,163,163,240,240,257,157,174,174,174],"floor_reached":21,"playtime":484,"items_purged":["Strike_B","Zap"],"score":361,"play_id":"660f3740-c47f-4cf0-b3c5-0caed2ea73a3","local_time":"20201212174726","is_ascension_mode":true,"campfire_choices":[{"data":"Dualcast","floor":6.0,"key":"SMITH"},{"data":"Go for the Eyes","floor":11.0,"key":"SMITH"},{"floor":15.0,"key":"REST"}],"circlet_count":0,"master_deck":["AscendersBane","Defend_B","Defend_B","Defend_B","Defend_B","Zap","Dualcast+1","Cold Snap","Beam Cell","Glacier","Cold Snap","Genetic Algorithm","Go for the Eyes+1","Cold Snap","Compile Driver","Core Surge","Darkness"],"relics":["Cracked Core","Pear","Empty Cage"],"acts_visited":["Exordium","TheCity"],"potions_floor_usage":[16,21],"damage_taken":[{"damage":13.0,"enemies":"Small Slimes","floor":1.0,"turns":4.0},{"damage":0.0,"enemies":"Cultist","floor":2.0,"turns":4.0},{"damage":7.0,"enemies":"Jaw Worm","floor":4.0,"turns":3.0},{"damage":23.0,"enemies":"Gremlin Nob","floor":7.0,"turns":6.0},{"damage":0.0,"enemies":"Exordium Thugs","floor":8.0,"turns":5.0},{"damage":1.0,"enemies":"3 Louse","floor":10.0,"turns":4.0},{"damage":0.0,"enemies":"Blue Slaver","floor":12.0,"turns":3.0},{"damage":0.0,"enemies":"Exordium Thugs","floor":13.0,"turns":2.0},{"damage":4.0,"enemies":"Exordium Wildlife","floor":14.0,"turns":2.0},{"damage":35,"enemies":"Slime Boss","floor":16,"turns":11},{"damage":19,"enemies":"3 Byrds","floor":18,"turns":8},{"damage":7,"enemies":"Spheric Guardian","floor":20,"turns":8},{"damage":39,"enemies":"3 Cultists","floor":21,"turns":5}],"seed_played":"-8649809366974667565","potions_obtained":[{"floor":2.0,"key":"PowerPotion"},{"floor":7.0,"key":"BlessingOfTheForge"},{"floor":12.0,"key":"DistilledChaos"},{"floor":13.0,"key":"SpeedPotion"},{"floor":14.0,"key":"AttackPotion"},{"floor":18,"key":"DuplicationPotion"}],"is_trial":false,"path_per_floor":["M","M","?","M","$","R","E","M","T","M","R","M","M","M","R","B",null,"M","$","M","M"],"character_chosen":"DEFECT","items_purchased":[],"campfire_rested":1,"item_purchase_floors":[],"current_hp_per_floor":[51,51,51,44,44,44,21,21,31,30,30,30,30,26,50,15,65,46,46,39,0,0],"gold":174,"neow_bonus":"REMOVE_CARD","is_daily":false,"chose_seed":false,"campfire_upgraded":2,"win_rate":0.0,"timestamp":1607762846,"path_taken":["M","M","?","M","$","R","E","M","T","?","R","M","M","M","R","BOSS","M","?","M","M"],"items_purchased_type":[],"build_version":"2020-11-30","purchased_purges":2,"victory":false,"max_hp_per_floor":[71,71,71,71,71,71,71,71,81,81,81,81,81,81,81,81,81,81,81,81,81,81],"relic_stats":{"counters":[13,65],"obtain_stats":[{"Pear":9,"Cracked Core":0,"Empty Cage":17},{"Pear":5,"Cracked Core":0,"Empty Cage":10},{"Pear":22,"Cracked Core":0,"Empty Cage":44}]},"card_choices":[{"not_picked":["Aggregate","Sweeping Beam"],"picked":"Cold Snap","floor":1.0},{"not_picked":["Rebound","Rip and Tear"],"picked":"Beam Cell","floor":2.0},{"not_picked":["Redo","Storm"],"picked":"Cold Snap","floor":4.0},{"not_picked":["Rebound","Beam Cell"],"picked":"Genetic Algorithm","floor":7.0},{"not_picked":["Hyperbeam","Ball Lightning"],"picked":"Go for the Eyes","floor":8.0},{"not_picked":["Force Field","Steam"],"picked":"Cold Snap","floor":10.0},{"not_picked":["All For One","Doom and Gloom","Reprogram"],"picked":"SKIP","floor":12.0},{"not_picked":["Tempest","Streamline"],"picked":"Compile Driver","floor":13.0},{"not_picked":["Leap","Darkness","Conserve Battery"],"picked":"SKIP","floor":14.0},{"not_picked":["Amplify","Rainbow"],"picked":"Core Surge","floor":16},{"not_picked":["Stack","Barrage","Glacier"],"picked":"SKIP","floor":18},{"not_picked":["Storm","Beam Cell","Darkness"],"picked":"SKIP","floor":20},{"not_picked":["Storm","Beam Cell"],"picked":"Darkness","floor":20}],"player_experience":765577,"relics_obtained":[{"floor":9.0,"key":"Pear"}],"event_choices":[{"damage_healed":0.0,"max_hp_gain":0.0,"max_hp_loss":0.0,"gold_gain":0.0,"event_name":"Match and Keep!","player_choice":"2 cards matched","floor":3.0,"gold_loss":0.0,"damage_taken":0.0,"cards_obtained":["Zap","Glacier"]}],"is_beta":false,"boss_relics":[{"not_picked":["Runic Dome","Sozu"],"picked":"Empty Cage"}],"items_purged_floors":[5,19],"is_endless":false,"potions_floor_spawned":[2,7,12,13,14,18],"killed_by":"3 Cultists","ascension_level":19}}