{"host":"j49z5jz0n7e8vjox","time":1607805843,"event":{"mods":["AchievementEnabler","BaseMod","Bestiary","Colored Map","Colored Powertips","DeckTracker","Minty Spire (QoL Compilation)"],"gold_per_floor":[114,130,147,147,422,422,37,62,62,90,101,20,20,39,39,39,39],"floor_reached":16,"playtime":1124,"items_purged":["Regret"],"score":135,"play_id":"10270829-2fae-4c19-9eb2-7fbcf8a724a3","local_time":"20201212144403","is_ascension_mode":true,"campfire_choices":[{"data":"Dark Embrace","floor":6,"key":"SMITH"},{"data":"True Grit","floor":13,"key":"SMITH"},{"floor":15,"key":"REST"}],"circlet_count":0,"master_deck":["Strike_R","Strike_R","Strike_R","Strike_R","Strike_R","Defend_R","Defend_R","Defend_R","Defend_R","Bash","Dark Embrace+1","Metallicize","Dark Embrace","Metallicize","True Grit+1","Exhume","Cleave","Feel No Pain","Feel No Pain"],"relics":["Burning Blood","Gremlin Horn","FossilizedHelix","Blue Candle","Odd Mushroom"],"acts_visited":["Exordium"],"potions_floor_usage":[8,10,16,16],"damage_taken":[{"damage":2,"enemies":"2 Louse","floor":1,"turns":5},{"damage":1,"enemies":"Cultist","floor":2,"turns":4},{"damage":9,"enemies":"Jaw Worm","floor":3,"turns":4},{"damage":22,"enemies":"Gremlin Nob","floor":8,"turns":5},{"damage":46,"enemies":"The Mushroom Lair","floor":10,"turns":7},{"damage":0,"enemies":"Red Slaver","floor":11,"turns":9},{"damage":14,"enemies":"Large Slime","floor":14,"turns":11},{"damage":57,"enemies":"Hexaghost","floor":16,"turns":14}],"seed_played":"6137972047651170361","potions_obtained":[{"floor":0,"key":"Energy Potion"},{"floor":0,"key":"Fruit Juice"},{"floor":0,"key":"Fire Potion"},{"floor":14,"key":"FearPotion"}],"is_trial":false,"path_per_floor":["M","M","M","$","?","R","$","E","T","?","M","$","R","M","R","B"],"character_chosen":"IRONCLAD","items_purchased":["Gremlin Horn","Metallicize","Feel No Pain"],"campfire_rested":1,"item_purchase_floors":[7,7,12],"current_hp_per_floor":[76,80,77,77,77,77,77,61,61,21,27,27,27,19,43,0,0],"gold":39,"neow_bonus":"THREE_SMALL_POTIONS","is_daily":false,"chose_seed":false,"campfire_upgraded":2,"win_rate":0.0,"timestamp":1607805843,"path_taken":["M","M","M","$","?","R","?","E","T","?","M","$","R","M","R","BOSS"],"items_purchased_type":["Relic","Card","Card"],"build_version":"2020-11-30","purchased_purges":1,"victory":false,"max_hp_per_floor":[80,80,80,80,80,80,80,80,80,80,80,80,80,80,80,85,85],"card_choices":[{"not_picked":["Intimidate","Disarm"],"picked":"Dark Embrace","floor":1},{"not_picked":["Dual Wield","Sentinel"],"picked":"Metallicize","floor":2},{"not_picked":["Warcry","Pommel Strike"],"picked":"Dark Embrace","floor":3},{"not_picked":["Flame Barrier","Sword Boomerang"],"picked":"True Grit","floor":8},{"not_picked":["Flame Barrier","Warcry"],"picked":"Exhume","floor":10},{"not_picked":["Wild Strike","Havoc"],"picked":"Cleave","floor":11},{"not_picked":["Reckless Charge","Metallicize"],"picked":"Feel No Pain","floor":14}],"player_experience":661646,"relics_obtained":[{"floor":8,"key":"FossilizedHelix"},{"floor":9,"key":"Blue Candle"},{"floor":10,"key":"Odd Mushroom"}],"event_choices":[{"damage_healed":0,"gold_gain":275,"player_choice":"Desecrate","damage_taken":0,"max_hp_gain":0,"max_hp_loss":0,"event_name":"Golden Shrine","floor":5,"gold_loss":0,"cards_obtained":["Regret"]},{"damage_healed":0,"gold_gain":0,"player_choice":"Fought Mushrooms","damage_taken":0,"max_hp_gain":0,"max_hp_loss":0,"event_name":"Mushrooms","floor":10,"gold_loss":0}],"is_beta":false,"boss_relics":[],"items_purged_floors":[7],"is_endless":false,"potions_floor_spawned":[1,2,3,14],"killed_by":"Hexaghost","ascension_level":7}}