{"host":"ctlqibkg0sskiu65","time":1607769405,"event":{"mods":["2.2 Compatiblity","AchievementEnabler","Aspiration","BaseMod","BetterRewards","Colored Map","Colored Powertips","Conspire","Fiend Mod","Infinite Spire","Minty Spire (QoL Compilation)","Quick Restart","Replay The Spire","Shop Mod","StSLib","The Bladedancer","The Cursed","The Hierophant","The Jungle","The Kombatant","The Servant 0.9.4","TheBandit"],"gold_per_floor":[119,119,119,133,143,143,162,162,162,162,179,199,209,241,241,338,338,357,372,382,78,90,90,104,135,217,217,41,41,41,52,52,154,154,167,204,222,222,234,234,234],"floor_reached":40,"playtime":1458,"items_purged":["Strike_R"],"score":437,"play_id":"25d82cb5-9ea4-45a6-b041-66d7b1c124b2","local_time":"20201212043645","is_ascension_mode":false,"campfire_choices":[{"data":"Anger","floor":6,"key":"SMITH"},{"data":"Iron Wave","floor":8,"key":"SMITH"},{"data":"Sword Boomerang","floor":10,"key":"SMITH"},{"data":"Flame Barrier","floor":15,"key":"SMITH"},{"data":"Anger","floor":23,"key":"SMITH"},{"floor":30,"key":"REST"},{"data":"Cleave","floor":30,"key":"SMITH"},{"data":"Defend_R","floor":32,"key":"SMITH"}],"circlet_count":0,"master_deck":["Strike_R","Strike_R","Strike_R","Defend_R","Defend_R","Defend_R","Defend_R+1","Bash","Cleave+1","Iron Wave+1","Anger+1","Sword Boomerang+1","Anger+1","Cleave+1","Flame Barrier+1","Reaper+1","Cleave","Shrug It Off+1","Anger+1","Impatience+1","Twin Strike+1","Twin Strike+1","Anger","Flex","Impervious"],"relics":["Burning Blood","NeowsBlessing","Replay:Kaleidoscope","infinitespire:Lucky Rock","Ooze Armor","DollysMirror","infinitespire:Magic Flask","aspiration:FrozenJewel","Guide Book","Busted Crown","aspiration:HiddenCompartment"],"acts_visited":["Exordium","TheCity","TheBeyond"],"potions_floor_usage":[22,25,33,33,36,40],"damage_taken":[{"damage":0,"enemies":"Jaw Worm","floor":1,"turns":1},{"damage":0,"enemies":"Small Slimes","floor":4,"turns":1},{"damage":0,"enemies":"Cultist","floor":5,"turns":1},{"damage":0,"enemies":"Gremlin Gang","floor":7,"turns":4},{"damage":9,"enemies":"Exordium Thugs","floor":11,"turns":3},{"damage":8,"enemies":"Exordium Wildlife","floor":12,"turns":3},{"damage":6,"enemies":"2 Fungi Beasts","floor":13,"turns":3},{"damage":8,"enemies":"3 Sentries","floor":14,"turns":5},{"damage":40,"enemies":"Slime Boss","floor":16,"turns":10},{"damage":15,"enemies":"2 Thieves","floor":18,"turns":3},{"damage":13,"enemies":"Spheric Guardian","floor":19,"turns":4},{"damage":15,"enemies":"Snake Plant","floor":20,"turns":5},{"damage":0,"enemies":"Centurion and Healer","floor":22,"turns":5},{"damage":18,"enemies":"Shelled Parasite and Fungi","floor":24,"turns":3},{"damage":27,"enemies":"Nightmare","floor":25,"turns":5},{"damage":3,"enemies":"Chosen and Byrds","floor":31,"turns":4},{"damage":90,"enemies":"Collector","floor":33,"turns":10},{"damage":4,"enemies":"3 Shapes","floor":35,"turns":5},{"damage":15,"enemies":"conspire:MimicChest","floor":36,"turns":8},{"damage":16,"enemies":"Orb Walker","floor":37,"turns":3},{"damage":56,"enemies":"Spire Growth","floor":39,"turns":4},{"damage":26,"enemies":"Giant Head","floor":40,"turns":8}],"seed_played":"-6243757163426580128","potions_obtained":[{"floor":4,"key":"DistilledChaos"},{"floor":7,"key":"Languid Potion"},{"floor":11,"key":"Toxic Potion"},{"floor":19,"key":"Flashbang"},{"floor":24,"key":"BloodPotion"},{"floor":33,"key":"Weak Potion"},{"floor":39,"key":"Death Potion"}],"is_trial":false,"path_per_floor":["M","?","?","M","M","R","M","R","T","R","M","M","M","E","R","B",null,"M","M","M","$","M","R","M","NM","T","?","$","?","R","M","R","B",null,"M","?","M","?","M","E"],"character_chosen":"IRONCLAD","items_purchased":["DollysMirror","Impatience","Guide Book","Anger"],"campfire_rested":1,"item_purchase_floors":[21,21,28,28],"current_hp_per_floor":[80,80,80,80,80,80,80,80,80,80,77,75,75,73,73,39,80,71,64,55,55,65,65,53,37,37,37,37,37,61,74,74,12,80,80,73,63,63,13,0,0],"gold":234,"neow_bonus":"THREE_ENEMY_KILL","is_daily":false,"chose_seed":false,"campfire_upgraded":7,"win_rate":0.0,"timestamp":1607769405,"path_taken":["M","?","?","M","M","R","M","R","T","R","M","M","M","E","R","BOSS","M","?","M","$","?","R","M","NM","T","?","?","?","R","M","R","BOSS","M","?","?","?","M","E"],"items_purchased_type":["Relic","Card","Relic","Card"],"build_version":"2020-11-30","purchased_purges":1,"victory":false,"max_hp_per_floor":[80,80,80,80,80,80,80,80,80,80,80,80,80,80,80,80,80,80,80,80,80,80,80,80,80,80,80,80,80,80,80,80,80,80,80,80,80,80,80,80,80],"card_choices":[{"not_picked":["True Grit","Power Through"],"picked":"Cleave","floor":1},{"not_picked":["Power Through","Thunderclap"],"picked":"Iron Wave","floor":4},{"not_picked":["ReplayTheSpireMod:Strike From Hell","Inflame"],"picked":"Anger","floor":5},{"not_picked":["Armaments","Body Slam"],"picked":"Sword Boomerang","floor":7},{"not_picked":["Rage","Dual Wield"],"picked":"Anger","floor":11},{"not_picked":["Headbutt","Seeing Red"],"picked":"Cleave","floor":12},{"not_picked":["Armaments","Burning Pact","Corruption"],"picked":"SKIP","floor":13},{"not_picked":["ReplayTheSpireMod:Strike From Hell","Headbutt"],"picked":"Flame Barrier","floor":14},{"not_picked":["Replay:Many Hands","Impervious"],"picked":"Reaper","floor":16},{"not_picked":["Clothesline+1","Pommel Strike+1"],"picked":"Cleave","floor":18},{"not_picked":["Warcry","Cleave"],"picked":"Shrug It Off+1","floor":19},{"not_picked":["Combust","Shrug It Off","Clothesline"],"picked":"SKIP","floor":20},{"not_picked":["Pummel","Thunderclap"],"picked":"Twin Strike+1","floor":22},{"not_picked":["Thunderclap+1","conspire:ExplosiveBarrier"],"picked":"Twin Strike+1","floor":24},{"not_picked":["True Grit","Body Slam","Warcry+1"],"picked":"SKIP","floor":25},{"not_picked":["Thunderclap","Run Through"],"picked":"Flex","floor":31},{"not_picked":["Offering","Replay:Many Hands"],"picked":"Impervious","floor":33},{"not_picked":["Warcry+1"],"picked":"SKIP","floor":35},{"not_picked":["Dual Wield+1"],"picked":"SKIP","floor":37},{"not_picked":["ReplayTheSpireMod:Limb From Limb"],"picked":"SKIP","floor":39}],"player_experience":117132,"relics_obtained":[{"floor":9,"key":"Replay:Kaleidoscope"},{"floor":14,"key":"infinitespire:Lucky Rock"},{"floor":25,"key":"infinitespire:Magic Flask"},{"floor":26,"key":"aspiration:FrozenJewel"},{"floor":36,"key":"aspiration:HiddenCompartment"}],"event_choices":[{"damage_healed":0,"gold_gain":0,"player_choice":"Leave","damage_taken":0,"max_hp_gain":0,"max_hp_loss":0,"event_name":"conspire:Investor","floor":2,"gold_loss":0},{"damage_healed":0,"gold_gain":0,"player_choice":"Forge","damage_taken":0,"max_hp_gain":0,"max_hp_loss":0,"event_name":"Accursed Blacksmith","floor":3,"gold_loss":0,"cards_upgraded":["Cleave"]},{"cards_removed":["Strike_R"],"damage_healed":0,"gold_gain":0,"player_choice":"Elegance","damage_taken":0,"max_hp_gain":0,"max_hp_loss":0,"event_name":"Back to Basics","floor":27,"gold_loss":0}],"is_beta":false,"boss_relics":[{"not_picked":["aspiration:ServantSkillbook","ReplayTheSpireMod:DimensionalGlitch"],"picked":"Ooze Armor"},{"not_picked":["Pandora\u0027s Box","Calling Bell"],"picked":"Busted Crown"}],"items_purged_floors":[21],"is_endless":true,"potions_floor_spawned":[4,7,11,13,19,24,33,39],"killed_by":"Giant Head","ascension_level":0}}