{"host":"qw1m3zcvi888b4j7","time":1607810950,"event":{"mods":["AchievementEnabler","BaseMod","Block Reminder","Colored Map","Colored Powertips","Highlight Path","Minty Spire (QoL Compilation)","Quick Restart","Relic Stats"],"gold_per_floor":[115,115,115,135,149,149,149,149,173,220,241,255,255,274,274,397,397,412,412,436,44,64,64,64,64,64,64,88,88,108,129,129,258,258,277,9,34,48,48,48],"floor_reached":39,"playtime":2622,"items_purged":["Pain"],"score":425,"play_id":"01ea3d64-cc4b-4f6d-ae95-6fdac4987304","local_time":"20201212230910","is_ascension_mode":false,"campfire_choices":[{"data":"Backstab","floor":6,"key":"SMITH"},{"floor":8,"key":"REST"},{"data":"Infinite Blades","floor":13,"key":"SMITH"},{"data":"Neutralize","floor":15,"key":"SMITH"},{"data":"After Image","floor":23,"key":"SMITH"},{"data":"Panache","floor":25,"key":"SMITH"},{"data":"Footwork","floor":27,"key":"SMITH"},{"data":"Prepared","floor":29,"key":"SMITH"},{"data":"Outmaneuver","floor":32,"key":"SMITH"}],"circlet_count":0,"master_deck":["Defend_G","Defend_G","Defend_G+1","Survivor","Neutralize+1","PiercingWail+1","Flying Knee","Backstab+1","Dagger Throw","Infinite Blades+1","Prepared+1","Burst","Blade Dance+1","Acrobatics+1","Terror+1","Tactician","After Image+1","Footwork+1","Panache+1","Dark Shackles","Underhanded Strike+1","Bite","Bite","Bite+1","Bite","Bite","Flying Knee+1","Expertise","Outmaneuver+1","Envenom","Slice","Noxious Fumes","Poisoned Stab","Outmaneuver","Quick Slash"],"relics":["Ring of the Serpent","CaptainsWheel","Golden Idol","Juzu Bracelet","Boot","Astrolabe","Whetstone","TwistedFunnel"],"acts_visited":["Exordium","TheCity","TheBeyond"],"potions_floor_usage":[16,22,22,33,38],"damage_taken":[{"damage":0,"enemies":"Jaw Worm","floor":1,"turns":6},{"damage":0,"enemies":"2 Louse","floor":4,"turns":5},{"damage":0,"enemies":"Small Slimes","floor":5,"turns":5},{"damage":0,"enemies":"Blue Slaver","floor":11,"turns":4},{"damage":0,"enemies":"Exordium Thugs","floor":12,"turns":3},{"damage":3,"enemies":"Large Slime","floor":14,"turns":6},{"damage":22,"enemies":"Slime Boss","floor":16,"turns":13},{"damage":12,"enemies":"3 Byrds","floor":18,"turns":5},{"damage":3,"enemies":"Chosen","floor":20,"turns":3},{"damage":0,"enemies":"Centurion and Healer","floor":22,"turns":5},{"damage":6,"enemies":"3 Cultists","floor":28,"turns":5},{"damage":3,"enemies":"Cultist and Chosen","floor":30,"turns":6},{"damage":0,"enemies":"Shelled Parasite and Fungi","floor":31,"turns":4},{"damage":32,"enemies":"Automaton","floor":33,"turns":12},{"damage":38,"enemies":"3 Shapes","floor":35,"turns":6},{"damage":5,"enemies":"Orb Walker","floor":37,"turns":3},{"damage":13,"enemies":"Maw","floor":38,"turns":6}],"seed_played":"2780771676946015042","potions_obtained":[{"floor":11,"key":"Dexterity Potion"},{"floor":14,"key":"Fire Potion"},{"floor":16,"key":"SpeedPotion"},{"floor":18,"key":"SpeedPotion"},{"floor":20,"key":"AttackPotion"},{"floor":30,"key":"FairyPotion"},{"floor":33,"key":"Poison Potion"}],"is_trial":false,"path_per_floor":["M","?","?","M","M","R","?","R","T","T","M","M","R","M","R","B",null,"M","?","M","$","M","R","?","R","T","R","M","R","M","M","R","B",null,"M","$","M","M","M"],"character_chosen":"THE_SILENT","items_purchased":["Footwork","Panache","Dark Shackles","Noxious Fumes","TwistedFunnel","Poisoned Stab"],"campfire_rested":1,"item_purchase_floors":[21,21,21,36,36,36],"current_hp_per_floor":[49,42,28,28,28,28,28,49,49,49,49,49,49,46,46,24,70,58,58,55,55,55,55,49,49,49,49,49,49,49,49,49,37,49,17,17,17,8,0,0],"gold":48,"neow_bonus":"ONE_RARE_RELIC","is_daily":false,"chose_seed":false,"campfire_upgraded":8,"win_rate":0.0,"timestamp":1607810950,"path_taken":["M","?","?","M","M","R","?","R","T","?","M","M","R","M","R","BOSS","M","?","M","$","M","R","?","R","T","R","M","R","M","M","R","BOSS","M","$","M","M","M"],"items_purchased_type":["Card","Card","Card","Card","Relic","Card"],"build_version":"2020-11-30","purchased_purges":1,"victory":false,"max_hp_per_floor":[70,70,70,70,70,70,70,70,70,70,70,70,70,70,70,70,70,70,70,70,70,70,70,49,49,49,49,49,49,49,49,49,49,49,49,49,49,49,49,49],"relic_stats":{"counters":[18,101],"Golden Idol":99,"Astrolabe":["Pain","Blade Dance","Acrobatics"],"Juzu Bracelet":0,"Whetstone":["Bite","Underhanded Strike"],"Boot":[156],"obtain_stats":[{"TwistedFunnel":36,"CaptainsWheel":0,"Golden Idol":7,"Astrolabe":17,"Juzu Bracelet":9,"Whetstone":26,"Boot":10,"Ring of the Serpent":34,"Ring of the Snake":0},{"TwistedFunnel":15,"CaptainsWheel":0,"Golden Idol":3,"Astrolabe":7,"Juzu Bracelet":3,"Whetstone":10,"Boot":3,"Ring of the Serpent":14,"Ring of the Snake":0},{"TwistedFunnel":88,"CaptainsWheel":0,"Golden Idol":16,"Astrolabe":42,"Juzu Bracelet":16,"Whetstone":55,"Boot":16,"Ring of the Serpent":82,"Ring of the Snake":0}]},"card_choices":[{"not_picked":["Backflip","Skewer"],"picked":"PiercingWail","floor":1},{"not_picked":["Deflect","Dash"],"picked":"Flying Knee","floor":4},{"not_picked":["Dagger Spray","Acrobatics"],"picked":"Backstab","floor":5},{"not_picked":["Predator","Dodge and Roll"],"picked":"Dagger Throw","floor":11},{"not_picked":["Backstab","Burst"],"picked":"Infinite Blades","floor":12},{"not_picked":["Backflip","Predator"],"picked":"Prepared","floor":14},{"not_picked":["Bullet Time","Adrenaline"],"picked":"Burst","floor":16},{"not_picked":["Backflip","Sucker Punch"],"picked":"Terror+1","floor":18},{"not_picked":["Blade Dance","Outmaneuver"],"picked":"After Image","floor":20},{"not_picked":["PiercingWail","All Out Attack"],"picked":"Underhanded Strike","floor":22},{"not_picked":["Backflip","Underhanded Strike"],"picked":"Flying Knee+1","floor":28},{"not_picked":["Dagger Throw","Underhanded Strike"],"picked":"Expertise","floor":30},{"not_picked":["Quick Slash","Dagger Spray+1"],"picked":"Outmaneuver","floor":31},{"not_picked":["Phantasmal Killer","Wraith Form v2"],"picked":"Envenom","floor":33},{"not_picked":["Deadly Poison+1","Blur"],"picked":"Slice","floor":35},{"not_picked":["Deflect+1","Dagger Throw+1"],"picked":"Outmaneuver","floor":37},{"not_picked":["Expertise+1","Calculated Gamble+1"],"picked":"Quick Slash","floor":38}],"player_experience":22940,"relics_obtained":[{"floor":9,"key":"Juzu Bracelet"},{"floor":10,"key":"Boot"},{"floor":26,"key":"Whetstone"}],"event_choices":[{"cards_removed":["Defend_G"],"damage_healed":0,"gold_gain":0,"player_choice":"Card Removal","damage_taken":7,"max_hp_gain":0,"max_hp_loss":0,"event_name":"Golden Wing","floor":2,"gold_loss":0},{"damage_healed":0,"gold_gain":0,"player_choice":"Entered Light","damage_taken":14,"max_hp_gain":0,"max_hp_loss":0,"event_name":"Shining Light","floor":3,"gold_loss":0,"cards_upgraded":["PiercingWail","Defend_G"]},{"damage_healed":0,"gold_gain":0,"player_choice":"Take Wound","damage_taken":0,"relics_obtained":["Golden Idol"],"max_hp_gain":0,"max_hp_loss":0,"event_name":"Golden Idol","floor":7,"gold_loss":0,"cards_obtained":["Injury"]},{"damage_healed":0,"gold_gain":0,"player_choice":"Read","damage_taken":0,"max_hp_gain":0,"max_hp_loss":0,"event_name":"The Library","floor":19,"gold_loss":0,"cards_obtained":["Tactician"]},{"damage_healed":0,"gold_gain":0,"player_choice":"Became a vampire","damage_taken":0,"max_hp_gain":0,"max_hp_loss":21,"event_name":"Vampires","floor":24,"gold_loss":0,"cards_obtained":["Bite","Bite","Bite","Bite","Bite"]}],"is_beta":false,"boss_relics":[{"not_picked":["Ectoplasm","Busted Crown"],"picked":"Astrolabe"},{"not_picked":["Calling Bell","Snecko Eye"],"picked":"Ring of the Serpent"}],"items_purged_floors":[21],"is_endless":false,"potions_floor_spawned":[11,14,16,18,20,30,33],"killed_by":"4 Shapes","ascension_level":0}}