{"host":"xodzlm10r37577ou","time":1607784688,"event":{"mods":["Act Like it!","BaseMod","KomeijiMod","Marisa£®ÏF”Í°°ƒß¿Ì…≥£©","Minty Spire (QoL Compilation)","Remilia£®¿Ÿ√◊¿Ú—«£©","Replay The Spire","StSLib","The Administrix","The Bug Knight","The Servant 0.9.4","Youmu£®ªÍ∆«—˝√Œ£©"],"gold_per_floor":[114,114,114,194,207,207,232,232,256,284,298,322,322,0,0,0,0],"floor_reached":16,"playtime":695,"items_purged":["Defend_Komeiji"],"score":186,"play_id":"da32759f-c6b4-4d60-b938-da9070dde6c9","local_time":"20201212225128","is_ascension_mode":true,"campfire_choices":[{"data":"HenyouMirume","floor":6.0,"key":"SMITH"},{"data":"LunaDial","floor":8.0,"key":"SMITH"},{"data":"ShyakuBuku","floor":15.0,"key":"SMITH"}],"circlet_count":0,"master_deck":["AscendersBane","Strike_Komeiji","Strike_Komeiji","Strike_Komeiji","Strike_Komeiji","Defend_Komeiji","Defend_Komeiji","Defend_Komeiji","Dash_Komeiji+1","HenyouMirume+1","LunaDial+1","ShyakuBuku+1","DemonsDinnerFork","MunenMusou"],"relics":["KomeijisEye","SpellCardsRule","MusicBox","CrystalOfMemory","Oddly Smooth Stone","Peace Pipe","Odd Mushroom","Omamori","ColorfulQuillpen"],"acts_visited":["Exordium"],"potions_floor_usage":[],"damage_taken":[{"damage":2.0,"enemies":"2 Louse","floor":1.0,"turns":4.0},{"damage":1.0,"enemies":"Jaw Worm","floor":5.0,"turns":6.0},{"damage":10.0,"enemies":"HollowMod:MossKnight","floor":7.0,"turns":7.0},{"damage":29.0,"enemies":"Gremlin Nob","floor":10.0,"turns":9.0},{"damage":0.0,"enemies":"Small Slimes","floor":11.0,"turns":5.0},{"damage":0.0,"enemies":"The Mushroom Lair","floor":12.0,"turns":1.0},{"damage":3,"enemies":"Hexaghost","floor":16,"turns":3}],"seed_played":"4708220165289667061","potions_obtained":[{"floor":5.0,"key":"PowerPotion"},{"floor":11.0,"key":"CalmPotion"}],"is_trial":false,"path_per_floor":["M","?","?","?","M","R","E","R","T","E","M","?","T","$","R","B"],"character_chosen":"KomeijiSatori","items_purchased":["ColorfulQuillpen"],"campfire_rested":0,"item_purchase_floors":[14],"current_hp_per_floor":[43,43,43,43,42,42,32,32,32,3,3,3,3,3,3,0,0],"gold":0,"neow_bonus":"UPGRADE_CARD","is_daily":false,"chose_seed":false,"campfire_upgraded":3,"win_rate":0.0,"timestamp":1607784688,"path_taken":["M","?","?","?","M","R","E","R","T","E","M","?","?","$","R","BOSS"],"items_purchased_type":["Relic"],"build_version":"2020-11-30","purchased_purges":1,"victory":false,"max_hp_per_floor":[50,50,50,50,50,50,50,50,50,50,50,50,50,50,50,50,50],"card_choices":[{"not_picked":["Sabishigari+1","SelfTokamak"],"picked":"HenyouMirume","floor":1.0},{"not_picked":["SeekerDolls","Mishyaguji+1","Sabishigari+1"],"picked":"SKIP","floor":5.0},{"not_picked":["Sabishigari+1","RikonNoKama+1"],"picked":"LunaDial","floor":7.0},{"not_picked":["KeiseiJin+1","KoKei+1"],"picked":"ShyakuBuku","floor":10.0},{"not_picked":["NingyouSousou+1","NingyouMusou+1"],"picked":"DemonsDinnerFork","floor":11.0},{"not_picked":["HisouNoKen","SenseofElegance"],"picked":"MunenMusou","floor":12.0}],"player_experience":856608,"relics_obtained":[{"floor":7.0,"key":"CrystalOfMemory"},{"floor":9.0,"key":"Oddly Smooth Stone"},{"floor":10.0,"key":"Peace Pipe"},{"floor":12.0,"key":"Odd Mushroom"},{"floor":13.0,"key":"Omamori"}],"event_choices":[{"damage_healed":0.0,"max_hp_gain":0.0,"max_hp_loss":0.0,"gold_gain":0.0,"event_name":"Liars Game","player_choice":"Ignored","floor":3.0,"gold_loss":0.0,"damage_taken":0.0},{"damage_healed":0.0,"max_hp_gain":0.0,"max_hp_loss":0.0,"gold_gain":0.0,"event_name":"Mushrooms","player_choice":"Fought Mushrooms","floor":12.0,"gold_loss":0.0,"damage_taken":0.0}],"is_beta":false,"boss_relics":[],"items_purged_floors":[14],"is_endless":false,"potions_floor_spawned":[5,11],"killed_by":"Hexaghost","ascension_level":15}}