{"host":"k88fqnqg39joo1wf","time":1607809222,"event":{"mods":["Act Like it!","BaseMod","Colored Powertips","Highlight Path","Hubris","Infinite Spire","Mimic Mod","Minty Spire (QoL Compilation)","Pale of the Ancients","StSLib","Wandering Minibosses"],"gold_per_floor":[312,312,123,123,134,161,161,187,219,233,267,287,287,318,318,421,421,431,450,550,250,250,280,280,309,309,342,389,389,77,95,95,196,196,209,209,261,273,273,273,291,316,354,385,385,418,444,474,474,474,492,502,435,88,88,104,104,104,104,104],"floor_reached":61,"playtime":2568,"items_purged":[],"score":1398,"play_id":"76283a7c-2a6c-473a-8d46-fb0e3d485b5f","local_time":"20201212154022","is_ascension_mode":true,"campfire_choices":[{"data":"infinitespire:DeathsTouch","floor":7.0,"key":"SMITH"},{"data":"hubris:ReadiedAction","floor":13.0,"key":"SMITH"},{"floor":15.0,"key":"REST"},{"data":"Whirlwind","floor":24.0,"key":"SMITH"},{"floor":29.0,"key":"REST"},{"data":"Armaments","floor":32.0,"key":"SMITH"},{"floor":40.0,"key":"RECALL"},{"floor":45,"key":"REST"},{"floor":49,"key":"REST"},{"floor":55,"key":"REST"},{"floor":57,"key":"REST"}],"circlet_count":0,"master_deck":["Strike_R","Strike_R","Strike_R","Strike_R","Strike_R","Defend_R","Defend_R","Defend_R","Defend_R","Bash","Cleave","infinitespire:DeathsTouch+1","Spot Weakness","Sword Boomerang","Twin Strike","hubris:ReadiedAction+1","Cleave","Spot Weakness","Whirlwind+1","Iron Wave","Pummel","Reaper","Shrug It Off","Heavy Blade","Dual Wield+1","Armaments+1","Clash","Pommel Strike+1","hubris:CleavingFinish","Iron Wave+1","hubris:ReadiedAction+1","Inflame+1","Whirlwind+1","Shockwave","Thunderclap+1","Metallicize+1"],"relics":["Burning Blood","Old Coin","Bronze Scales","MealTicket","Incense Burner","Akabeko","Tiny Chest","Bag of Preparation","hubris:ScarierMask","ClockworkSouvenir","hubris:ToyBattleship","CultistMask","Nunchaku","Paper Frog","hubris:64BitClover","Happy Flower","Potion Belt","infinitespire:Bottled Soul","Fusion Hammer","hubris:Towel","FossilizedHelix","Champion Belt","infinitespire:Joker Card","Ice Cream","hubris:Metronome","Toy Ornithopter","hubris:Reverence","paleoftheancients:Timepiece","paleoftheancients:KeyRelic","Spirit Poop","Blood Vial","Orichalcum","infinitespire:Beetle Shell","paleoftheancients:SoulOfTheHexaghost","Mercury Hourglass"],"acts_visited":["Exordium","TheCity","TheBeyond","paleoftheancients:PaleOfTheAncients"],"potions_floor_usage":[44,48,50,50,50,60],"damage_taken":[{"damage":8.0,"enemies":"Small Slimes","floor":1.0,"turns":4.0},{"damage":2.0,"enemies":"Jaw Worm","floor":5.0,"turns":3.0},{"damage":25.0,"enemies":"3 Sentries","floor":6.0,"turns":5.0},{"damage":16.0,"enemies":"Gremlin Nob","floor":8.0,"turns":3.0},{"damage":0.0,"enemies":"2 Louse","floor":9.0,"turns":4.0},{"damage":0.0,"enemies":"2 Louse","floor":10.0,"turns":2.0},{"damage":14.0,"enemies":"Blue Slaver","floor":11.0,"turns":5.0},{"damage":0.0,"enemies":"Blue Slaver","floor":12.0,"turns":2.0},{"damage":15.0,"enemies":"Lagavulin","floor":14.0,"turns":4.0},{"damage":0.0,"enemies":"Slime Boss","floor":16.0,"turns":4.0},{"damage":7.0,"enemies":"Chosen","floor":18.0,"turns":3.0},{"damage":6.0,"enemies":"2 Thieves","floor":19.0,"turns":2.0},{"damage":28.0,"enemies":"Slavers","floor":23.0,"turns":3.0},{"damage":32.0,"enemies":"Book of Stabbing","floor":25.0,"turns":4.0},{"damage":41.0,"enemies":"Nightmare","floor":27.0,"turns":7.0},{"damage":1.0,"enemies":"Snecko","floor":31.0,"turns":3.0},{"damage":38.0,"enemies":"Champ","floor":33.0,"turns":7.0},{"damage":5.0,"enemies":"3 Shapes","floor":35.0,"turns":3.0},{"damage":0.0,"enemies":"3 Darklings","floor":38.0,"turns":2.0},{"damage":8.0,"enemies":"Spire Growth","floor":41.0,"turns":3.0},{"damage":0.0,"enemies":"Reptomancer","floor":42.0,"turns":4.0},{"damage":24.0,"enemies":"Writhing Mass","floor":43.0,"turns":9.0},{"damage":40,"enemies":"Giant Head","floor":44,"turns":6},{"damage":16,"enemies":"Reptomancer","floor":46,"turns":3},{"damage":48,"enemies":"Nightmare","floor":48,"turns":5},{"damage":46,"enemies":"Time Eater","floor":50,"turns":6},{"damage":0,"enemies":"Time Eater","floor":51,"turns":4},{"damage":28,"enemies":"Time Eater","floor":52,"turns":3},{"damage":47,"enemies":"Time Eater","floor":56,"turns":7},{"damage":36,"enemies":"paleoftheancients:N","floor":60,"turns":3}],"seed_played":"5289879235513434288","potions_obtained":[{"floor":1.0,"key":"DuplicationPotion"},{"floor":8.0,"key":"HeartOfIron"},{"floor":12.0,"key":"SkillPotion"},{"floor":25.0,"key":"FearPotion"},{"floor":31.0,"key":"AttackPotion"},{"floor":33.0,"key":"SteroidPotion"},{"floor":44,"key":"Swift Potion"},{"floor":56,"key":"EntropicBrew"}],"is_trial":false,"path_per_floor":["M","?","$","?","M","E","R","E","MIM","M","MIM","M","R","E","R","B",null,"M","M","?","$","?","E","R","E","T","NM","T","R","$","M","R","B",null,"M","?","T","M","?","R","M","E","MIM","E","R","E","T","NM","R","B","M","M","?","$","R","M","R","T","?","B",null],"character_chosen":"IRONCLAD","items_purchased":["Bronze Scales","Spot Weakness","ClockworkSouvenir","hubris:ToyBattleship","infinitespire:Bottled Soul","Armaments","infinitespire:BlackPotion","Swift Potion","infinitespire:Beetle Shell"],"campfire_rested":6,"item_purchase_floors":[3,3,21,21,30,30,54,54,54],"current_hp_per_floor":[78,57,57,57,61,42,42,32,38,44,36,42,42,33,57,63,80,80,80,80,80,80,72,72,46,46,18,18,42,57,62,62,30,80,80,80,80,80,80,80,78,80,70,36,60,50,50,13,37,80,80,69,69,80,80,66,80,80,80,68],"gold":104,"neow_bonus":"ONE_RARE_RELIC","is_daily":false,"chose_seed":false,"campfire_upgraded":4,"win_rate":0.0,"timestamp":1607809222,"path_taken":["M","?","$","?","M","E","R","E","MIM","M","?","M","R","E","R","BOSS","M","M","?","?","?","E","R","E","T","NM","?","R","$","M","R","BOSS","M","?","?","M","?","R","M","E","MIM","E","R","E","?","NM","R","BOSS","M","M","?","$","R","M","R","T","?","BOSS"],"items_purchased_type":["Relic","Card","Relic","Relic","Relic","Card","Potion","Potion","Relic"],"build_version":"2020-11-30","purchased_purges":0,"victory":true,"max_hp_per_floor":[80,80,80,80,80,80,80,80,80,80,80,80,80,80,80,80,80,80,80,80,80,80,80,80,80,80,80,80,80,80,80,80,80,80,80,80,80,80,80,80,80,80,80,80,80,80,80,80,80,80,80,80,80,80,80,80,80,80,80,80],"card_choices":[{"not_picked":["Headbutt","hubris:ReadiedAction"],"picked":"Cleave","floor":1.0},{"not_picked":["infinitespire:Execution","infinitespire:SealOfDarkness+"],"picked":"infinitespire:DeathsTouch","floor":2.0},{"not_picked":["True Grit","Pommel Strike"],"picked":"Sword Boomerang","floor":5.0},{"not_picked":["Anger","Bloodletting"],"picked":"Twin Strike","floor":6.0},{"not_picked":["Dark Embrace","Dropkick"],"picked":"hubris:ReadiedAction","floor":8.0},{"not_picked":["Warcry","True Grit"],"picked":"Cleave","floor":9.0},{"not_picked":["Battle Trance","Whirlwind"],"picked":"Spot Weakness","floor":10.0},{"not_picked":["Body Slam","True Grit"],"picked":"Whirlwind","floor":11.0},{"not_picked":["Clothesline","Carnage"],"picked":"Iron Wave","floor":12.0},{"not_picked":["Seeing Red","Body Slam"],"picked":"Pummel","floor":14.0},{"not_picked":["Offering","Barricade"],"picked":"Reaper","floor":16.0},{"not_picked":["Thunderclap","Pommel Strike"],"picked":"Shrug It Off","floor":18.0},{"not_picked":["Twin Strike","Bludgeon"],"picked":"Heavy Blade","floor":19.0},{"not_picked":["Pommel Strike+1","Warcry"],"picked":"Dual Wield+1","floor":23.0},{"not_picked":["Barricade","Hemokinesis+1","Perfected Strike"],"picked":"SKIP","floor":25.0},{"not_picked":["Pommel Strike","Body Slam","Headbutt"],"picked":"SKIP","floor":27.0},{"not_picked":["Anger","Heavy Blade"],"picked":"Clash","floor":31.0},{"not_picked":["True Grit","Reckless Charge+1"],"picked":"Pommel Strike+1","floor":35.0},{"not_picked":["Headbutt","Perfected Strike"],"picked":"hubris:CleavingFinish","floor":38.0},{"not_picked":["Uppercut","True Grit"],"picked":"Iron Wave+1","floor":41.0},{"not_picked":["Combust+1","Anger+1","Flex"],"picked":"SKIP","floor":42.0},{"not_picked":["Dropkick","Fire Breathing"],"picked":"hubris:ReadiedAction+1","floor":43.0},{"not_picked":["Clash+1","Twin Strike+1"],"picked":"Inflame+1","floor":44},{"not_picked":["Body Slam","Corruption"],"picked":"Whirlwind+1","floor":46},{"not_picked":["Burning Pact+1","True Grit","Uppercut+1"],"picked":"SKIP","floor":48},{"not_picked":["Flex+1","Perfected Strike+1"],"picked":"Shockwave","floor":51},{"not_picked":["Reckless Charge+1","Clash"],"picked":"Thunderclap+1","floor":52},{"not_picked":["Corruption","Battle Trance"],"picked":"Metallicize+1","floor":56}],"player_experience":180948,"relics_obtained":[{"floor":6.0,"key":"MealTicket"},{"floor":8.0,"key":"Incense Burner"},{"floor":9.0,"key":"Akabeko"},{"floor":11.0,"key":"Tiny Chest"},{"floor":14.0,"key":"Bag of Preparation"},{"floor":23.0,"key":"Nunchaku"},{"floor":25.0,"key":"Paper Frog"},{"floor":26.0,"key":"hubris:64BitClover"},{"floor":27.0,"key":"Happy Flower"},{"floor":28.0,"key":"Potion Belt"},{"floor":42.0,"key":"FossilizedHelix"},{"floor":43.0,"key":"Champion Belt"},{"floor":43.0,"key":"infinitespire:Joker Card"},{"floor":44,"key":"Ice Cream"},{"floor":46,"key":"hubris:Metronome"},{"floor":47,"key":"Toy Ornithopter"},{"floor":48,"key":"hubris:Reverence"},{"floor":52,"key":"Blood Vial"},{"floor":56,"key":"paleoftheancients:SoulOfTheHexaghost"},{"floor":58,"key":"Mercury Hourglass"}],"event_choices":[{"damage_healed":0.0,"max_hp_gain":0.0,"max_hp_loss":0.0,"gold_gain":100.0,"event_name":"Golden Shrine","player_choice":"Pray","floor":20.0,"gold_loss":0.0,"damage_taken":0.0},{"damage_healed":0.0,"max_hp_gain":0.0,"max_hp_loss":0.0,"gold_gain":0.0,"event_name":"FaceTrader","player_choice":"Trade","floor":22.0,"gold_loss":0.0,"damage_taken":0.0,"relics_obtained":["CultistMask"]},{"damage_healed":0,"gold_gain":0,"player_choice":"Paid Gold","damage_taken":0,"relics_obtained":["Orichalcum"],"max_hp_gain":0,"max_hp_loss":0,"event_name":"WeMeetAgain","floor":53,"gold_loss":67}],"is_beta":false,"boss_relics":[{"not_picked":["infinitespire:Burning Sword","hubris:TerracottaHorce"],"picked":"hubris:ScarierMask"},{"not_picked":["Coffee Dripper","Black Blood"],"picked":"Fusion Hammer"}],"items_purged_floors":[],"is_endless":false,"potions_floor_spawned":[1,8,12,16,23,25,31,33,38,42,44,56],"ascension_level":4}}