{"host":"og6lam4kt3nibbw0","time":1607795244,"event":{"mods":["AchievementEnabler","BaseMod","Colored Map","DeckTracker","Highlight Path","Keyboard Shortcuts","Minty Spire (QoL Compilation)","Permanent Neow","Quick Restart","StSLib","SuperFastMode"],"gold_per_floor":[113,127,137,212,262,262,279,279,279,292,304,320,372,219,219,293,293,293,293],"floor_reached":18,"playtime":617,"items_purged":["Strike_G"],"score":308,"play_id":"13d50a8f-dfa5-4b0a-8090-5ede5063e9ba","local_time":"20201213024724","is_ascension_mode":true,"campfire_choices":[{"floor":6.0,"key":"REST"},{"floor":8.0,"key":"REST"},{"floor":15.0,"key":"REST"}],"circlet_count":0,"master_deck":["AscendersBane","Strike_G","Strike_G","Strike_G","Defend_G","Defend_G","Defend_G","Defend_G","Survivor","Neutralize","Blade Dance","Prepared","Poisoned Stab","Cloak And Dagger+1","Accuracy","Tactician+1","Burst+1","CurseOfTheBell"],"relics":["Ring of the Snake","Toxic Egg 2","Calling Bell","Sundial","Regal Pillow","Shovel"],"acts_visited":["Exordium","TheCity"],"potions_floor_usage":[],"damage_taken":[{"damage":1.0,"enemies":"Jaw Worm","floor":1.0,"turns":5.0},{"damage":0.0,"enemies":"Small Slimes","floor":2.0,"turns":5.0},{"damage":1.0,"enemies":"Cultist","floor":3.0,"turns":4.0},{"damage":39.0,"enemies":"Exordium Thugs","floor":7.0,"turns":7.0},{"damage":3.0,"enemies":"Looter","floor":10.0,"turns":3.0},{"damage":10.0,"enemies":"3 Louse","floor":11.0,"turns":3.0},{"damage":0.0,"enemies":"Gremlin Gang","floor":12.0,"turns":3.0},{"damage":27.0,"enemies":"Hexaghost","floor":16.0,"turns":10.0},{"damage":50,"enemies":"Chosen","floor":18,"turns":5}],"seed_played":"-3129166966687901351","potions_obtained":[{"floor":2.0,"key":"SkillPotion"},{"floor":3.0,"key":"PowerPotion"},{"floor":12.0,"key":"Block Potion"}],"is_trial":false,"path_per_floor":["M","M","M","?","?","R","M","R","T","M","M","M","T","$","R","B",null,"M"],"character_chosen":"THE_SILENT","items_purchased":["Tactician+1"],"campfire_rested":3,"item_purchase_floors":[14],"current_hp_per_floor":[43,43,42,31,25,44,5,24,24,21,11,11,11,11,30,3,50,0,0],"gold":293,"neow_bonus":"REMOVE_TWO","is_daily":false,"chose_seed":false,"campfire_upgraded":0,"win_rate":0.0,"timestamp":1607795244,"path_taken":["M","M","M","?","?","R","M","R","T","M","?","M","?","$","R","BOSS","M"],"items_purchased_type":["Card"],"build_version":"2020-11-30","purchased_purges":1,"victory":false,"max_hp_per_floor":[66,66,66,66,66,66,66,66,66,66,66,66,66,66,66,66,66,66,66],"card_choices":[{"not_picked":["Flying Knee","Bane"],"picked":"Blade Dance","floor":1.0},{"not_picked":["Underhanded Strike","Endless Agony"],"picked":"Prepared","floor":2.0},{"not_picked":["Crippling Poison","Deadly Poison"],"picked":"Poisoned Stab","floor":3.0},{"not_picked":["Skewer","Flying Knee","Blade Dance"],"picked":"SKIP","floor":7.0},{"not_picked":["Backflip+1","Prepared+1"],"picked":"Cloak And Dagger+1","floor":10.0},{"not_picked":["Dagger Spray","Quick Slash"],"picked":"Accuracy","floor":11.0},{"not_picked":["Bane","Outmaneuver+1","Deflect+1"],"picked":"SKIP","floor":12.0},{"not_picked":["Unload","Tools of the Trade"],"picked":"Burst+1","floor":16.0}],"player_experience":731877,"relics_obtained":[{"floor":9.0,"key":"Toxic Egg 2"},{"floor":17.0,"key":"Sundial"},{"floor":17.0,"key":"Regal Pillow"},{"floor":17.0,"key":"Shovel"}],"event_choices":[{"damage_healed":0.0,"max_hp_gain":0.0,"max_hp_loss":0.0,"gold_gain":75.0,"event_name":"World of Goop","player_choice":"Gather Gold","floor":4.0,"gold_loss":0.0,"damage_taken":11.0},{"damage_healed":0.0,"max_hp_gain":0.0,"max_hp_loss":0.0,"gold_gain":50.0,"event_name":"FaceTrader","player_choice":"Touch","floor":5.0,"gold_loss":0.0,"damage_taken":6.0}],"is_beta":false,"boss_relics":[{"not_picked":["Busted Crown","Coffee Dripper"],"picked":"Calling Bell"}],"items_purged_floors":[14],"is_endless":false,"potions_floor_spawned":[2,3,12],"killed_by":"Chosen","ascension_level":20}}