{"host":"y89x8uui45kcjy42","time":1607780728,"event":{"mods":["2.2 Compatiblity","BaseMod","Colored Map","Colored Powertips","Friendly Minions","Highlight Path","Keyboard Shortcuts","Minty Spire (QoL Compilation)","StSLib","SuperFastMode","The Bug Knight","Waifu the Spire"],"gold_per_floor":[17,17,29,46,57,88,106,106,106,134,149,149,165,182,182,256,256,270,270,270,195,207,240,3,3,3,103,129,129,329,349,349,426,426,442,317,317,91,4,4,4],"floor_reached":40,"playtime":1022,"items_purged":["Strike_B+1","Defend_B+1","Strike_B+1","Defend_B+1","Strike_B+1"],"score":893,"play_id":"528a0475-bed4-4642-8aec-26719d40b2e1","local_time":"20201212224528","is_ascension_mode":true,"campfire_choices":[{"data":"Coolheaded","floor":15,"key":"SMITH"},{"data":"Dualcast","floor":25,"key":"SMITH"},{"data":"Blizzard","floor":32,"key":"SMITH"}],"circlet_count":0,"master_deck":["AscendersBane","Defend_B+1","Zap","Dualcast+1","Static Discharge","Self Repair","Compile Driver","Barrage+1","Coolheaded+1","Ball Lightning","Biased Cognition+1","Blizzard+1","Electrodynamics+1","Machine Learning+1","Biased Cognition+1","Capacitor+1","Glacier"],"relics":["Cracked Core","Frozen Egg 2","Nunchaku","Art of War","Sozu","ClockworkSouvenir","Meat on the Bone","Cables","Boot","Emotion Chip","Shovel","Eternal Feather","Black Star","WingedGreaves","Membership Card","Juzu Bracelet","Lee\u0027s Waffle","HornCleat"],"acts_visited":["Exordium","TheCity","TheBeyond"],"potions_floor_usage":[6,16,16],"damage_taken":[{"damage":12,"enemies":"Small Slimes","floor":1,"turns":3},{"damage":7,"enemies":"Cultist","floor":3,"turns":4},{"damage":3,"enemies":"2 Louse","floor":4,"turns":2},{"damage":24,"enemies":"Exordium Wildlife","floor":5,"turns":4},{"damage":27,"enemies":"HollowMod:MossKnight","floor":6,"turns":4},{"damage":13,"enemies":"2 Fungi Beasts","floor":7,"turns":3},{"damage":32,"enemies":"Gremlin Nob","floor":10,"turns":4},{"damage":24,"enemies":"3 Louse","floor":11,"turns":4},{"damage":31,"enemies":"Lots of Slimes","floor":13,"turns":3},{"damage":4,"enemies":"2 Fungi Beasts","floor":14,"turns":2},{"damage":44,"enemies":"Slime Boss","floor":16,"turns":7},{"damage":28,"enemies":"2 Thieves","floor":18,"turns":3},{"damage":6,"enemies":"3 Byrds","floor":22,"turns":2},{"damage":52,"enemies":"Slavers","floor":23,"turns":3},{"damage":25,"enemies":"Colosseum Slavers","floor":27,"turns":3},{"damage":35,"enemies":"Colosseum Nobs","floor":27,"turns":4},{"damage":16,"enemies":"Gremlin Leader","floor":28,"turns":4},{"damage":1,"enemies":"Sentry and Sphere","floor":31,"turns":3},{"damage":49,"enemies":"Collector","floor":33,"turns":4},{"damage":26,"enemies":"Orb Walker","floor":35,"turns":3},{"damage":147,"enemies":"Giant Head","floor":40,"turns":6}],"seed_played":"-2247103137621774018","potions_obtained":[{"floor":1,"key":"PotionOfCapacity"},{"floor":5,"key":"SteroidPotion"},{"floor":11,"key":"Dexterity Potion"}],"is_trial":false,"path_per_floor":["M","?","M","M","M","E","M","?","T","E","M","?","M","M","R","B",null,"M","?","?","$","M","E","$","R","T","?","E","?","?","M","R","B",null,"M","$","?","$","$","E"],"character_chosen":"DEFECT","items_purchased":["Cables","Boot","Membership Card","Juzu Bracelet","Lee\u0027s Waffle","Capacitor+1","HornCleat","Glacier"],"campfire_rested":0,"item_purchase_floors":[24,24,38,38,39,39,39,39],"current_hp_per_floor":[52,71,71,68,44,24,11,11,11,54,37,37,6,67,67,30,61,40,40,20,20,76,31,31,31,31,48,67,67,67,66,75,45,68,49,49,49,49,83,0,0],"gold":4,"neow_bonus":"TRANSFORM_TWO_CARDS","is_daily":false,"chose_seed":false,"campfire_upgraded":3,"win_rate":0.0,"timestamp":1607780728,"path_taken":["M","?","M","M","?","E","M","?","T","E","M","?","M","M","R","BOSS","M","?","?","$","M","E","$","R","T","?","E","?","?","?","R","BOSS","M","$","?","$","$","E"],"items_purchased_type":["Relic","Relic","Relic","Relic","Relic","Card","Relic","Card"],"build_version":"2020-11-30","purchased_purges":5,"victory":false,"max_hp_per_floor":[71,71,71,71,71,71,71,71,71,71,71,71,71,71,71,71,71,71,71,76,76,76,76,76,76,76,76,76,76,76,76,76,76,76,76,76,76,76,83,83,83],"card_choices":[{"not_picked":["Redo","Barrage"],"picked":"Self Repair","floor":1},{"not_picked":["Static Discharge","Cold Snap"],"picked":"Compile Driver","floor":3},{"not_picked":["Stack","Redo","Steam"],"picked":"SKIP","floor":4},{"not_picked":["Turbo","Redo"],"picked":"Barrage","floor":5},{"not_picked":["Redo","Auto Shields","Hologram"],"picked":"SKIP","floor":6},{"not_picked":["Beam Cell","Leap"],"picked":"Coolheaded","floor":7},{"not_picked":["Compile Driver","Cold Snap","Go for the Eyes"],"picked":"SKIP","floor":10},{"not_picked":["Amplify","Doom and Gloom","Streamline"],"picked":"SKIP","floor":11},{"not_picked":["Redo","Sweeping Beam"],"picked":"Ball Lightning","floor":13},{"not_picked":["Go for the Eyes","Streamline","Fusion"],"picked":"SKIP","floor":14},{"not_picked":["Reboot","Buffer+1"],"picked":"Biased Cognition+1","floor":16},{"not_picked":["Steam","Ball Lightning","Compile Driver"],"picked":"SKIP","floor":18},{"not_picked":["Streamline","Reprogram"],"picked":"Blizzard","floor":22},{"not_picked":["Storm+1","Scrape+1","Sweeping Beam"],"picked":"SKIP","floor":23},{"not_picked":["Heatsinks+1","Barrage"],"picked":"Electrodynamics+1","floor":28},{"not_picked":["Barrage","Leap","Scrape"],"picked":"SKIP","floor":31},{"not_picked":["Electrodynamics+1","Rainbow"],"picked":"Machine Learning+1","floor":33},{"not_picked":["Redo","Steam","Cold Snap"],"picked":"SKIP","floor":35}],"player_experience":511499,"relics_obtained":[{"floor":6,"key":"Frozen Egg 2"},{"floor":9,"key":"Nunchaku"},{"floor":10,"key":"Art of War"},{"floor":23,"key":"Meat on the Bone"},{"floor":26,"key":"Emotion Chip"},{"floor":27,"key":"Shovel"},{"floor":27,"key":"Eternal Feather"}],"event_choices":[{"cards_removed":["Static Discharge"],"damage_healed":19,"gold_gain":0,"player_choice":"Offered Uncommon","damage_taken":0,"max_hp_gain":0,"max_hp_loss":0,"event_name":"Bonfire Elementals","floor":2,"gold_loss":0},{"damage_healed":0,"gold_gain":0,"player_choice":"Ignored","damage_taken":0,"max_hp_gain":0,"max_hp_loss":0,"event_name":"Liars Game","floor":8,"gold_loss":0},{"damage_healed":0,"gold_gain":0,"player_choice":"Grow","damage_taken":0,"max_hp_gain":0,"max_hp_loss":0,"event_name":"Living Wall","floor":12,"gold_loss":0,"cards_upgraded":["Barrage"]},{"damage_healed":0,"gold_gain":0,"player_choice":"Simplicity","damage_taken":0,"max_hp_gain":0,"max_hp_loss":0,"event_name":"Back to Basics","floor":19,"gold_loss":0,"cards_upgraded":["Strike_B","Strike_B","Strike_B","Defend_B","Defend_B","Defend_B"]},{"damage_healed":0,"gold_gain":0,"player_choice":"Shed Blood","damage_taken":25,"max_hp_gain":5,"max_hp_loss":0,"event_name":"Forgotten Altar","floor":20,"gold_loss":0},{"damage_healed":0,"gold_gain":0,"player_choice":"Fight","damage_taken":0,"max_hp_gain":0,"max_hp_loss":0,"event_name":"Colosseum","floor":27,"gold_loss":0},{"damage_healed":0,"gold_gain":0,"player_choice":"Fought Nobs","damage_taken":0,"max_hp_gain":0,"max_hp_loss":0,"event_name":"Colosseum","floor":27,"gold_loss":0},{"damage_healed":0,"gold_gain":0,"player_choice":"Ignored","damage_taken":0,"max_hp_gain":0,"max_hp_loss":0,"event_name":"Ghosts","floor":29,"gold_loss":0},{"damage_healed":0,"gold_gain":250,"player_choice":"Bet on Owner","damage_taken":0,"max_hp_gain":0,"max_hp_loss":0,"event_name":"The Joust","floor":30,"gold_loss":50},{"damage_healed":0,"gold_gain":0,"player_choice":"Copied","damage_taken":0,"max_hp_gain":0,"max_hp_loss":0,"event_name":"Duplicator","floor":37,"gold_loss":0,"cards_obtained":["Biased Cognition"]}],"is_beta":false,"boss_relics":[{"not_picked":["SacredBark","Snecko Eye"],"picked":"Sozu"},{"not_picked":["Calling Bell","Runic Pyramid"],"picked":"Black Star"}],"items_purged_floors":[21,24,36,38,39],"is_endless":false,"potions_floor_spawned":[1,5,11,14,18,22,27,31,33],"killed_by":"Giant Head","ascension_level":20}}