{"host":"l7l2v2zs4hqku4vk","time":1607774675,"event":{"mods":["Act Like it!","BaseMod","Colored Powertips","Highlight Path","Minty Spire (QoL Compilation)","Replay The Spire","RumiaBox-露米娅的神秘盒子","StSLib","TestMod","The Servant 0.9.4","篝火指南"],"gold_per_floor":[144,219,264,309,334,424,277,322,372,153,25,25,82,127,2,2,2],"floor_reached":16,"playtime":732,"items_purged":["Strike_B","Strike_G","Strike_R"],"score":102,"play_id":"2f7f9e12-abe9-466e-895f-54e154445606","local_time":"20201212200435","daily_mods":["Chimera","Uncertain Future","Midas"],"is_ascension_mode":false,"campfire_choices":[],"circlet_count":0,"master_deck":["Bash","Survivor","Zap","Eruption","Defend_R","Defend_G","Defend_P","Rage","Flame Barrier","Flex","Seeing Red","Body Slam","Second Wind","Dark Embrace","testmod-AdversityCounterattack+1","HandOfGreed+1","Shrug It Off"],"relics":["Burning Blood","testmod-TestBox","testmod-CasingShield","Blue Doll","testmod-TurbochargingSystem","ReplayTheSpireMod:Lightbulb"],"acts_visited":["Exordium"],"potions_floor_usage":[6],"damage_taken":[{"damage":3,"enemies":"Jaw Worm","floor":1,"turns":3},{"damage":1,"enemies":"Small Slimes","floor":3,"turns":4},{"damage":0,"enemies":"Cultist","floor":4,"turns":4},{"damage":20,"enemies":"Lagavulin","floor":6,"turns":8},{"damage":0,"enemies":"Large Slime","floor":8,"turns":4},{"damage":2,"enemies":"Red Slaver","floor":13,"turns":4},{"damage":0,"enemies":"Exordium Wildlife","floor":14,"turns":2},{"damage":82,"enemies":"The Guardian","floor":16,"turns":10}],"seed_played":"-2740983366772686195","potions_obtained":[{"floor":1,"key":"ColorlessPotion"},{"floor":3,"key":"FearPotion"},{"floor":13,"key":"Venom Potion"}],"is_trial":false,"path_per_floor":["M","?","M","M","T","E","R","M","T","R","$","?","M","M","R","B"],"character_chosen":"IRONCLAD","items_purchased":["Body Slam","Second Wind","testmod-AdversityCounterattack+1","HandOfGreed+1"],"campfire_rested":0,"item_purchase_floors":[7,7,10,11],"current_hp_per_floor":[80,69,74,80,80,66,66,72,72,72,72,72,76,80,80,0,0],"gold":2,"neow_bonus":"","is_daily":true,"chose_seed":false,"campfire_upgraded":0,"win_rate":0.0,"timestamp":1607774675,"path_taken":["M","?","M","M","?","E","R","M","T","R","$","?","M","M","R","BOSS"],"items_purchased_type":["Card","Card","Card","Card"],"build_version":"2020-11-30","purchased_purges":3,"victory":false,"max_hp_per_floor":[80,80,80,80,80,80,80,80,80,80,80,80,80,80,80,80,80],"card_choices":[{"not_picked":["Infernal Blade","Pommel Strike"],"picked":"Rage","floor":1},{"not_picked":["Burning Pact","Headbutt"],"picked":"Flame Barrier","floor":3},{"not_picked":["Perfected Strike","ReplayTheSpireMod:Strike From Hell"],"picked":"Flex","floor":4},{"not_picked":["Battle Trance","Iron Wave"],"picked":"Seeing Red","floor":6},{"not_picked":["Replay:Undeath\u0027s Touch","Body Slam"],"picked":"Dark Embrace","floor":8},{"not_picked":["Clothesline","Thunderclap","Sentinel"],"picked":"SKIP","floor":13},{"not_picked":["Dual Wield","Warcry"],"picked":"Shrug It Off","floor":14}],"player_experience":1627941,"relics_obtained":[{"floor":5,"key":"Blue Doll"},{"floor":6,"key":"testmod-TurbochargingSystem"},{"floor":9,"key":"ReplayTheSpireMod:Lightbulb"}],"event_choices":[{"damage_healed":0,"gold_gain":75,"player_choice":"Gather Gold","damage_taken":11,"max_hp_gain":0,"max_hp_loss":0,"event_name":"World of Goop","floor":2,"gold_loss":0},{"damage_healed":0,"gold_gain":0,"player_choice":"0 cards matched","damage_taken":0,"max_hp_gain":0,"max_hp_loss":0,"event_name":"Match and Keep!","floor":12,"gold_loss":0,"cards_obtained":[]}],"is_beta":false,"boss_relics":[],"items_purged_floors":[7,10,15],"is_endless":false,"potions_floor_spawned":[1,3,13],"killed_by":"The Guardian","ascension_level":0}}