{"host":"mbjdlts9b6456t85","time":1607799949,"event":{"mods":["2.2 Compatiblity","AchievementEnabler","Aspiration","BaseMod","Better Altar","Better Match","Better Note","Better Sensory Stone","Better Skull","Better Third Choice","BetterRewards","CCEM","Clawfect","Conspire","Downfall","GifTheSpireLib","Googly Eyes","Halation","Highlight Path","Hubris","Minty Spire (QoL Compilation)","Permanent Neow","Replay The Spire","Shop Mod","Spicy Shops","StSLib","Stuff the Spire","Unceasing Turn Reminder","everything is the same but u backflip on backflip"],"gold_per_floor":[99,116,116,132,81,96,143,174,191,220,245,274,304,328,354,469,481,343,373,53,53,68,68,68,91,121,46,46,46,71,97,124,237,237,237,258,280,12,12,112,137,158,178,214,242,242,242,242],"floor_reached":47,"playtime":6562,"items_purged":[],"score":545,"play_id":"64dfba62-6f10-4a61-8e7b-f74ccd9cc9eb","local_time":"20201212140549","is_ascension_mode":false,"campfire_choices":[{"floor":1.0,"key":"RECALL"},{"data":"Slimebound:Split","floor":18.0,"key":"SMITH"},{"data":"Slimebound:AcidTongue","floor":21.0,"key":"SMITH"},{"data":"Slimebound:GoopSpray","floor":27.0,"key":"SMITH"},{"data":"Slimebound:DouseInSlime","floor":35.0,"key":"SMITH"},{"data":"Slimebound:SlimeSlap","floor":39.0,"key":"SMITH"}],"circlet_count":0,"master_deck":["Slimebound:Tackle","Slimebound:Split+1","Slimebound:CorrosiveSpit","Slimebound:MassRepurpose","Slimebound:RejuvenatingLick","ReplayTheSpireMod:Private Reserves","Slimebound:ItLooksTasty","Slimebound:Prepare","Slimebound:SplitMire+1","Slimebound:Schlurp","Slimebound:SplitBruiser","Slimebound:WasteNot","Slimebound:SplitLeeching","Slimebound:PressTheAttack","Slimebound:RollThrough","Slimebound:SplitAcid","Slimebound:GoopSpray+1","Slimebound:SlimeSlap+1","Slimebound:LeechingTouch","hubris:Greed","Slimebound:AcidTongue+1","Slimebound:SplitAcid","Slimebound:TongueLash","Slimebound:LevelUp","Double Energy+1","Slimebound:SlimeBrawl+1","hubris:Greed","Slimebound:LivingWall+1","Slimebound:Nibble","Slimebound:SpikyOuterGoop+1","Slimebound:LeechLife","Slimebound:GoopTackle","Slimebound:MegaLick","Slimebound:DouseInSlime+1","Slimebound:FirmFortitude","Slimebound:MegaLick","Slimebound:LevelUp","Slimebound:LeechEnergy","Slimebound:RainOfGoop+1","Slimebound:DisruptingSlam","Slimebound:Repurpose+1","Slimebound:ForwardTackle+1","Slimebound:LeechEnergy"],"relics":["Slimebound:AbsorbEndCombat","Ginger","MawBank","halation:PinkAlligatorPlush","downfall:HeartBlessingBlue","downfall:HeartBlessingRed","ReplayTheSpireMod:CursedCoin","Mirror","aspiration:DSix","FossilizedHelix","downfall:HeartBlessingGreen","Enchiridion","halation:SwordOfLegend","Pandora\u0027s Box","Mercury Hourglass","Anchor","War Paint","Oddly Smooth Stone"],"acts_visited":["Exordium","TheCity","TheBeyond"],"potions_floor_usage":[],"damage_taken":[{"damage":14.0,"enemies":"Jaw Worm","floor":2.0,"turns":5.0},{"damage":7.0,"enemies":"Small Slimes","floor":4.0,"turns":3.0},{"damage":9.0,"enemies":"downfall:FleeingMerchant","floor":5.0,"turns":4.0},{"damage":4.0,"enemies":"Cultist","floor":6.0,"turns":3.0},{"damage":40.0,"enemies":"Gremlin Nob","floor":8.0,"turns":4.0},{"damage":23.0,"enemies":"Lots of Slimes","floor":9.0,"turns":4.0},{"damage":34.0,"enemies":"Lagavulin","floor":10.0,"turns":6.0},{"damage":30.0,"enemies":"Gremlin Gang","floor":11.0,"turns":5.0},{"damage":27.0,"enemies":"Exordium Thugs","floor":12.0,"turns":5.0},{"damage":20.0,"enemies":"Red Slaver","floor":13.0,"turns":4.0},{"damage":53.0,"enemies":"Gremlin Gang","floor":14.0,"turns":4.0},{"damage":13.0,"enemies":"Exordium Wildlife","floor":15.0,"turns":3.0},{"damage":76.0,"enemies":"downfall:CharBossIronclad","floor":16.0,"turns":7.0},{"damage":60.0,"enemies":"Shell Parasite","floor":19.0,"turns":6.0},{"damage":46.0,"enemies":"downfall:FleeingMerchant","floor":20.0,"turns":4.0},{"damage":41.0,"enemies":"Spheric Guardian","floor":22.0,"turns":4.0},{"damage":49.0,"enemies":"Shelled Parasite and Fungi","floor":25.0,"turns":3.0},{"damage":84.0,"enemies":"Gremlin Leader","floor":26.0,"turns":6.0},{"damage":33.0,"enemies":"Snake Plant","floor":30.0,"turns":3.0},{"damage":46.0,"enemies":"Centurion and Healer","floor":31.0,"turns":7.0},{"damage":50.0,"enemies":"Shelled Parasite and Fungi","floor":32.0,"turns":5.0},{"damage":67.0,"enemies":"downfall:CharBossWatcher","floor":33.0,"turns":8.0},{"damage":30.0,"enemies":"3 Shapes","floor":36.0,"turns":6.0},{"damage":56.0,"enemies":"3 Darklings","floor":37.0,"turns":5.0},{"damage":32.0,"enemies":"downfall:FleeingMerchant","floor":38.0,"turns":4.0},{"damage":41.0,"enemies":"Maw","floor":42.0,"turns":6.0},{"damage":34.0,"enemies":"Sphere and 2 Shapes","floor":43.0,"turns":4.0},{"damage":42.0,"enemies":"Reptomancer","floor":44.0,"turns":4.0},{"damage":20.0,"enemies":"Transient","floor":45.0,"turns":5.0},{"damage":0,"enemies":"downfall:FleeingMerchant","floor":47,"turns":1}],"seed_played":"7524790323303278027","potions_obtained":[{"floor":2.0,"key":"sneckomod:MuddlingPotion"},{"floor":10.0,"key":"Strength Potion"},{"floor":12.0,"key":"ColorlessPotion"},{"floor":14.0,"key":"Slimebound:SlimyTonguePotion"},{"floor":15.0,"key":"Slimebound:SlimedPotion"},{"floor":16.0,"key":"BlessingOfTheForge"},{"floor":19.0,"key":"Slimebound:SlimedPotion"},{"floor":25.0,"key":"CultistPotion"},{"floor":26.0,"key":"Adrenaline Potion"},{"floor":32.0,"key":"ColorlessPotion"},{"floor":36.0,"key":"Swift Potion"},{"floor":42.0,"key":"FearPotion"}],"is_trial":false,"path_per_floor":["R_BF","M","?","M","$","M","T","E","M","E","M","M","M","M","M","B",null,"R","M","$","R","M","?","T","M","E","R","?","T","M","M","M","B",null,"R","M","M","$","R","?","T","M","M","E","M","?","$"],"character_chosen":"SLIMEBOUND","items_purchased":["Slimebound:Prepare","ReplayTheSpireMod:CursedCoin","Mirror","Slimebound:AcidTongue","Slimebound:SplitAcid","Slimebound:TongueLash","Mercury Hourglass"],"campfire_rested":0,"item_purchase_floors":[5,20,20,20,20,20,38],"current_hp_per_floor":[54,52,52,54,53,54,54,32,27,31,37,52,54,33,38,21,54,64,52,46,46,35,35,35,64,52,52,36,36,25,43,37,24,64,64,64,39,55,61,61,61,64,42,64,64,44,44,44],"gold":242,"neow_bonus":"THREE_RARE_CARDS","is_daily":false,"chose_seed":false,"campfire_upgraded":5,"win_rate":0.0,"timestamp":1607799949,"path_taken":["R_BF","M","?","M","$","M","T","E","M","E","M","?","?","?","M","BOSS","R","M","$","R","M","?","T","?","E","R","?","?","M","?","M","BOSS","R","M","M","$","R","?","T","M","?","E","M","?","?"],"items_purchased_type":["Card","Relic","Relic","Card","Card","Card","Relic"],"build_version":"2020-11-30","purchased_purges":0,"victory":false,"max_hp_per_floor":[54,54,54,54,54,54,54,54,54,54,54,54,54,54,54,54,54,64,64,64,64,64,64,64,64,64,64,64,64,64,64,64,64,64,64,64,64,64,64,64,64,64,64,64,64,64,64,64],"card_choices":[{"not_picked":["Slimebound:Overexert","Slimebound:MinionMaster"],"picked":"Slimebound:MassRepurpose","floor":0.0},{"not_picked":["Slimebound:Repurpose","Slimebound:FinishingTackle"],"picked":"Slimebound:RejuvenatingLick","floor":2.0},{"not_picked":["expansioncontent:LastStand","expansioncontent:TimeRipple"],"picked":"ReplayTheSpireMod:Private Reserves","floor":3.0},{"not_picked":["Slimebound:GoopSpray","Slimebound:PressTheAttack"],"picked":"Slimebound:ItLooksTasty","floor":4.0},{"not_picked":["Slimebound:Teamwork","Slimebound:ComboTackle"],"picked":"Slimebound:SplitMire","floor":6.0},{"not_picked":["Slimebound:RainOfGoop","Slimebound:Dissolve"],"picked":"Slimebound:Schlurp","floor":8.0},{"not_picked":["Slimebound:ProtectTheBoss","Slimebound:LeechEnergy"],"picked":"Slimebound:SplitBruiser","floor":9.0},{"not_picked":["Slimebound:RainOfGoop","Slimebound:SplitLeeching"],"picked":"Slimebound:WasteNot","floor":10.0},{"not_picked":["Slimebound:FinishingTackle","Slimebound:Schlurp"],"picked":"Slimebound:SplitLeeching","floor":11.0},{"not_picked":["Slimebound:SlimeSpikes","Slimebound:ViciousTackle"],"picked":"Slimebound:PressTheAttack","floor":12.0},{"not_picked":["Slimebound:ProtectTheBoss","Slimebound:DuplicatedForm"],"picked":"Slimebound:RollThrough","floor":13.0},{"not_picked":["Slimebound:Chomp","Slimebound:ComboTackle"],"picked":"Slimebound:SplitAcid","floor":14.0},{"not_picked":["Slimebound:GrowthPunch","Slimebound:RainOfGoop"],"picked":"Slimebound:GoopSpray","floor":15.0},{"not_picked":["Slimebound:Teamwork","Slimebound:WasteNot"],"picked":"Slimebound:SlimeSlap","floor":16.0},{"not_picked":["Slimebound:PressTheAttack","Slimebound:FinishingTackle"],"picked":"Slimebound:LeechingTouch","floor":19.0},{"not_picked":["Slimebound:ItLooksTasty","Slimebound:GoopSpray"],"picked":"Slimebound:LevelUp","floor":22.0},{"not_picked":["Slimebound:FirmFortitude","Slimebound:FinishingTackle"],"picked":"Slimebound:SlimeBrawl+1","floor":25.0},{"not_picked":["Slimebound:LeechingTouch","Slimebound:LevelUp","Slimebound:Schlurp"],"picked":"SKIP","floor":26.0},{"not_picked":["Slimebound:SlimeTap","Slimebound:Schlurp+1"],"picked":"Slimebound:LivingWall","floor":30.0},{"not_picked":["Slimebound:ComboTackle","Slimebound:SlimeSpikes"],"picked":"Slimebound:Nibble","floor":31.0},{"not_picked":["Slimebound:BestDefense+1","Slimebound:WasteNot"],"picked":"Slimebound:SpikyOuterGoop+1","floor":32.0},{"not_picked":["Slimebound:RallyTheTroops","Slimebound:SelfFormingGoo"],"picked":"Slimebound:LeechLife","floor":33.0},{"not_picked":["Slimebound:AcidTongue+1","Slimebound:SplitBruiser","Slimebound:Schlurp"],"picked":"SKIP","floor":36.0},{"not_picked":["Slimebound:FirmFortitude+1","Slimebound:RejuvenatingLick+1"],"picked":"Slimebound:RainOfGoop+1","floor":37.0},{"not_picked":["Slimebound:ItLooksTasty","Slimebound:MinionMaster"],"picked":"Slimebound:DisruptingSlam","floor":42.0},{"not_picked":["Slimebound:FormOfPuddle","Slimebound:AcidTongue"],"picked":"Slimebound:Repurpose+1","floor":43.0},{"not_picked":["Slimebound:GoopSpray","Slimebound:MegaLick"],"picked":"Slimebound:ForwardTackle+1","floor":44.0},{"not_picked":["Slimebound:FinishingTackle","Slimebound:ForwardTackle"],"picked":"Slimebound:LeechEnergy","floor":45.0}],"player_experience":411265,"relics_obtained":[{"floor":8.0,"key":"Ginger"},{"floor":10.0,"key":"MawBank"},{"floor":24.0,"key":"aspiration:DSix"},{"floor":26.0,"key":"FossilizedHelix"},{"floor":28.0,"key":"Enchiridion"},{"floor":29.0,"key":"halation:SwordOfLegend"},{"floor":41.0,"key":"Anchor"},{"floor":44.0,"key":"War Paint"},{"floor":46.0,"key":"Oddly Smooth Stone"}],"event_choices":[{"damage_healed":0.0,"max_hp_gain":0.0,"max_hp_loss":0.0,"gold_gain":1.0,"event_name":"betterStone:BetterStone","player_choice":"1","floor":3.0,"gold_loss":0.0,"damage_taken":0.0},{"cards_removed":["hubris:Greed"],"damage_healed":0.0,"max_hp_gain":0.0,"max_hp_loss":0.0,"gold_gain":0.0,"event_name":"betterNote:BetterNote","player_choice":"Take \u0026 Give","floor":23.0,"gold_loss":0.0,"damage_taken":0.0,"cards_obtained":["Double Energy"]}],"is_beta":false,"boss_relics":[{"not_picked":["StuffTheSpire:ModemDavis","aspiration:FutureDiary"],"picked":"halation:PinkAlligatorPlush"},{"not_picked":["hubris:Backtick","aspiration:RitualDagger"],"picked":"Pandora\u0027s Box"}],"items_purged_floors":[],"is_endless":false,"potions_floor_spawned":[2,10,12,14,15,16,19,25,26,32,36,42],"killed_by":"downfall:FleeingMerchant","ascension_level":0}}