{"host":"w6ebodudjlk2jwu4","time":1607770706,"event":{"mods":["Act Like it!","Bard","BaseMod","Beaked The Cultist","Colored Map","Glutton Mod","Hermit","Highlight Path","Infinite Spire","Jorbs\u0027s Wanderer Trilogy","Mad Scientist","Marisa????????","Minty Spire (QoL Compilation)","Relic Stats","Replay The Spire","StSLib","The Blue Laboratory","The Bug Knight","The Construct","The Cursed","The Mystic","The Servant 0.9.4","The Witch","Wandering Minibosses"],"gold_per_floor":[12,12,12,25,37,37,66,66,66,82,117,117,144,69,69,170,170,180,194,4,4,4,35,35,35,81,109,109,124,124,140,140,243,243,262,262,281,292,311,311,311],"floor_reached":40,"playtime":3936,"items_purged":[],"score":519,"play_id":"18ddf78c-cc9a-4297-9972-24981576efac","local_time":"20201212025825","is_ascension_mode":true,"campfire_choices":[{"data":"infinitespire:Collect","floor":6,"key":"SMITH"},{"data":"Metallicize","floor":8,"key":"SMITH"},{"floor":12,"key":"REST"},{"data":"Feed","floor":15,"key":"SMITH"},{"floor":28,"key":"REST"},{"floor":30,"key":"REST"},{"data":"Limit Break","floor":32,"key":"SMITH"}],"circlet_count":0,"master_deck":["Strike_R","Strike_R","Strike_R","Strike_R","Defend_R","Defend_R","Defend_R","Defend_R","Bash","Limit Break","Metallicize+1","infinitespire:Collect+1","Sever Soul","ReplayTheSpireMod:Muscle Training","Battle Trance","Limit Break+1","Feed+1","Uppercut","Metallicize+1","Barricade","Replay:Undeath\u0027s Touch","Rampage","Anger+1","ReplayTheSpireMod:Stacked","Heavy Blade","Iron Wave","Anger","Barricade+1","Body Slam","Shrug It Off","Armaments+1","Clothesline"],"relics":["Burning Blood","HollowMod:StagPassRelic","Pantograph","infinitespire:PuzzleCube","Tiny Chest","construct:ClawGrip","Replay:Rubber Ducky","Ornamental Fan","Golden Egg","Calipers","Anchor","Garlic","Empty Cage"],"acts_visited":["Exordium","TheCity","TheBeyond"],"potions_floor_usage":[7,11,16,33,33,40,40],"damage_taken":[{"damage":5,"enemies":"Small Slimes","floor":1,"turns":4},{"damage":0,"enemies":"Jaw Worm","floor":4,"turns":4},{"damage":1,"enemies":"Cultist","floor":5,"turns":4},{"damage":5,"enemies":"HollowMod:MossKnight","floor":7,"turns":9},{"damage":24,"enemies":"Exordium Thugs","floor":10,"turns":6},{"damage":24,"enemies":"Lagavulin","floor":11,"turns":5},{"damage":1,"enemies":"Replay:BlueRogue","floor":13,"turns":6},{"damage":38,"enemies":"Hexaghost","floor":16,"turns":10},{"damage":21,"enemies":"3 Byrds","floor":18,"turns":8},{"damage":30,"enemies":"2 Thieves","floor":19,"turns":5},{"damage":2,"enemies":"HollowMod:Nosk","floor":23,"turns":10},{"damage":48,"enemies":"Book of Stabbing","floor":27,"turns":8},{"damage":0,"enemies":"Snecko","floor":29,"turns":6},{"damage":0,"enemies":"Cultist and Chosen","floor":31,"turns":6},{"damage":34,"enemies":"Champ","floor":33,"turns":12},{"damage":3,"enemies":"Orb Walker","floor":35,"turns":6},{"damage":17,"enemies":"3 Darklings","floor":37,"turns":7},{"damage":1,"enemies":"Maw","floor":38,"turns":8},{"damage":49,"enemies":"Spire Growth","floor":39,"turns":8},{"damage":45,"enemies":"Giant Head","floor":40,"turns":10}],"seed_played":"3879456911740901938","potions_obtained":[{"floor":4,"key":"ColorlessPotion"},{"floor":5,"key":"blueLaboratory:ConflagurationPotion"},{"floor":7,"key":"blueLaboratory:RememoryPotion"},{"floor":23,"key":"blueLaboratory:PhilterOfMotion"},{"floor":27,"key":"blueLaboratory:BottledHope"},{"floor":29,"key":"SkillPotion"},{"floor":37,"key":"blueLaboratory:PhilterOfMotion"},{"floor":38,"key":"ColorlessPotion"}],"is_trial":false,"path_per_floor":["M","?","?","M","M","R","E","R","T","M","E","R","E","$","R","B",null,"M","M","$","?","$","E","T","?","T","E","R","M","R","M","R","B",null,"M","?","M","M","M","E"],"character_chosen":"IRONCLAD","items_purchased":["Metallicize","Replay:Rubber Ducky","Anger+1"],"campfire_rested":3,"item_purchase_floors":[14,20,20],"current_hp_per_floor":[80,55,34,40,45,45,46,46,46,28,10,34,39,39,39,32,80,69,45,45,45,45,49,49,49,49,7,32,42,68,74,74,60,88,88,88,77,82,43,0,0],"gold":311,"neow_bonus":"THREE_RARE_CARDS","is_daily":false,"chose_seed":false,"campfire_upgraded":4,"win_rate":0.0,"timestamp":1607770705,"path_taken":["M","?","?","M","M","R","E","R","T","M","E","R","E","?","R","BOSS","M","M","$","?","?","E","?","?","T","E","R","M","R","M","R","BOSS","M","?","M","?","M","E"],"items_purchased_type":["Card","Relic","Card"],"build_version":"2020-11-30","purchased_purges":0,"victory":false,"max_hp_per_floor":[80,80,80,80,80,80,80,80,80,80,80,80,80,80,80,80,80,84,84,84,84,84,84,84,84,84,84,84,88,88,88,88,88,88,88,88,88,88,92,92,92],"relic_stats":{"counters":[20,142],"Ornamental Fan":[116],"Pantograph":39,"Tiny Chest":1,"obtain_stats":[{"Golden Egg":24,"construct:ClawGrip":17,"Calipers":25,"HollowMod:StagPassRelic":2,"Empty Cage":34,"Burning Blood":0,"Replay:Rubber Ducky":20,"Anchor":26,"Ornamental Fan":23,"Pantograph":7,"Tiny Chest":13,"Garlic":27,"infinitespire:PuzzleCube":11},{"Golden Egg":11,"construct:ClawGrip":8,"Calipers":11,"HollowMod:StagPassRelic":1,"Empty Cage":15,"Burning Blood":0,"Replay:Rubber Ducky":10,"Anchor":11,"Ornamental Fan":11,"Pantograph":4,"Tiny Chest":7,"Garlic":12,"infinitespire:PuzzleCube":6},{"Golden Egg":71,"construct:ClawGrip":48,"Calipers":71,"HollowMod:StagPassRelic":4,"Empty Cage":103,"Burning Blood":0,"Replay:Rubber Ducky":61,"Anchor":71,"Ornamental Fan":71,"Pantograph":21,"Tiny Chest":38,"Garlic":79,"infinitespire:PuzzleCube":32}],"Burning Blood":110},"card_choices":[{"not_picked":["Reaper","Hemogenesis"],"picked":"Limit Break","floor":0},{"not_picked":["Cleave","Clash"],"picked":"Metallicize","floor":1},{"not_picked":["Replay:Fractal Strike","infinitespire:SealOfDarkness+"],"picked":"infinitespire:Collect","floor":3},{"not_picked":["Warcry","Blood for Blood"],"picked":"Sever Soul","floor":4},{"not_picked":["Twin Strike","Battle Trance"],"picked":"ReplayTheSpireMod:Muscle Training","floor":5},{"not_picked":["Sword Boomerang","Flex"],"picked":"Battle Trance","floor":7},{"not_picked":["Clash","Anger"],"picked":"Limit Break","floor":10},{"not_picked":["Inflame","Armaments"],"picked":"Feed","floor":11},{"not_picked":["Armaments","Perfected Strike"],"picked":"Uppercut","floor":13},{"not_picked":["Demonic Infusion","Berserk"],"picked":"Barricade","floor":16},{"not_picked":["Bloodletting","ReplayTheSpireMod:Strike From Hell"],"picked":"Replay:Undeath\u0027s Touch","floor":18},{"not_picked":["Warcry","Seeing Red+1"],"picked":"Rampage","floor":19},{"not_picked":["Impervious","Perfected Strike"],"picked":"ReplayTheSpireMod:Stacked","floor":23},{"not_picked":["Sword Boomerang","Life Link"],"picked":"Heavy Blade","floor":27},{"not_picked":["Clash","Perfected Strike+1"],"picked":"Iron Wave","floor":29},{"not_picked":["ReplayTheSpireMod:Corrosion Curse","Run Through"],"picked":"Anger","floor":31},{"not_picked":["Offering","Brutality"],"picked":"Barricade","floor":33},{"not_picked":["ReplayTheSpireMod:Limb From Limb","Heavy Blade"],"picked":"Body Slam","floor":35},{"not_picked":["Twin Strike","Searing Blow"],"picked":"Shrug It Off","floor":37},{"not_picked":["Thunderclap+1","Fire Breathing+1"],"picked":"Armaments+1","floor":38},{"not_picked":["Headbutt+1","Flex+1"],"picked":"Clothesline","floor":39}],"player_experience":87029,"relics_obtained":[{"floor":7,"key":"Pantograph"},{"floor":11,"key":"infinitespire:PuzzleCube"},{"floor":13,"key":"Tiny Chest"},{"floor":23,"key":"Ornamental Fan"},{"floor":24,"key":"Golden Egg"},{"floor":26,"key":"Anchor"},{"floor":27,"key":"Garlic"}],"event_choices":[{"damage_healed":0,"gold_gain":0,"player_choice":"Success","damage_taken":25,"relics_obtained":["HollowMod:StagPassRelic"],"max_hp_gain":0,"max_hp_loss":0,"event_name":"Scrap Ooze","floor":2,"gold_loss":0},{"damage_healed":0,"gold_gain":0,"player_choice":"Upgraded","damage_taken":0,"max_hp_gain":0,"max_hp_loss":0,"event_name":"Upgrade Shrine","floor":21,"gold_loss":0,"cards_upgraded":["Metallicize"]},{"damage_healed":0,"gold_gain":0,"player_choice":"Stole Relic","damage_taken":0,"relics_obtained":["Calipers"],"max_hp_gain":0,"max_hp_loss":0,"event_name":"Addict","floor":25,"gold_loss":0,"cards_obtained":["Shame"]},{"damage_healed":0,"gold_gain":0,"player_choice":"Full Heal","damage_taken":0,"max_hp_gain":0,"max_hp_loss":0,"event_name":"Wheel of Change","floor":36,"gold_loss":0}],"is_beta":false,"boss_relics":[{"not_picked":["Busted Crown","Fusion Hammer"],"picked":"construct:ClawGrip"},{"not_picked":["Tiny House","Black Star"],"picked":"Empty Cage"}],"items_purged_floors":[],"is_endless":false,"potions_floor_spawned":[4,5,7,23,27,29,37,38],"killed_by":"Giant Head","ascension_level":1}}