{"host":"2lo6hma6kymb0g9i","time":1607760649,"event":{"mods":["BaseMod","Colored Map","DeckTracker","Minty Spire (QoL Compilation)"],"gold_per_floor":[112,131,142,142,142,142,167,167,167,190,190,225,243,263,263,391,391,410,410,410,423,238,238,259,302,302,302,302,321,321,357,357,488,488,502,502,307,307,330,361,361,181,181,181,202,222,222,222,222,222,222],"floor_reached":50,"playtime":5012,"items_purged":["Defend_G+1","Strike_G+1","Strike_G+1"],"score":721,"play_id":"072dec3f-d9b9-4130-aa53-1a9b5eee7fca","local_time":"20201212171049","is_ascension_mode":true,"campfire_choices":[{"data":"Neutralize","floor":6,"key":"SMITH"},{"data":"Dagger Throw","floor":8,"key":"SMITH"},{"data":"Envenom","floor":11,"key":"SMITH"},{"data":"Footwork","floor":15,"key":"SMITH"},{"data":"Catalyst","floor":23,"key":"SMITH"},{"data":"Corpse Explosion","floor":27,"key":"SMITH"},{"data":"Backflip","floor":30,"key":"SMITH"},{"floor":32,"key":"REST"},{"data":"Well Laid Plans","floor":41,"key":"SMITH"},{"data":"Madness","floor":44,"key":"SMITH"},{"floor":47,"key":"REST"},{"floor":49,"key":"REST"}],"circlet_count":0,"master_deck":["Strike_G+1","Strike_G+1","Strike_G+1","Defend_G+1","Defend_G+1","Defend_G+1","Defend_G+1","Neutralize+1","PiercingWail","Dagger Throw+1","Deflect","Escape Plan","Catalyst+1","Footwork+1","Backflip+1","Corpse Explosion+1","Quick Slash","Catalyst+1","Prepared+1","Bane","Well Laid Plans+1","Night Terror","Madness","Madness+1","Panacea","Sucker Punch+1","Prepared","Chrysalis","Parasite","Bouncing Flask+1"],"relics":["Ring of the Snake","Pocketwatch","Golden Idol","StrikeDummy","Mercury Hourglass","Cursed Key","Membership Card","Juzu Bracelet","Red Mask","SlaversCollar","Snake Skull","HandDrill","Happy Flower"],"acts_visited":["Exordium","TheCity","TheBeyond"],"potions_floor_usage":[12,31,39,45],"damage_taken":[{"damage":0,"enemies":"Cultist","floor":1,"turns":5},{"damage":0,"enemies":"2 Louse","floor":2,"turns":3},{"damage":1,"enemies":"Small Slimes","floor":3,"turns":4},{"damage":0,"enemies":"2 Fungi Beasts","floor":7,"turns":4},{"damage":2,"enemies":"Exordium Wildlife","floor":10,"turns":3},{"damage":10,"enemies":"3 Sentries","floor":12,"turns":7},{"damage":1,"enemies":"Gremlin Gang","floor":13,"turns":4},{"damage":3,"enemies":"Blue Slaver","floor":14,"turns":2},{"damage":18,"enemies":"Hexaghost","floor":16,"turns":10},{"damage":4,"enemies":"3 Byrds","floor":18,"turns":2},{"damage":0,"enemies":"Chosen","floor":21,"turns":3},{"damage":0,"enemies":"3 Cultists","floor":24,"turns":2},{"damage":14,"enemies":"Slavers","floor":25,"turns":3},{"damage":4,"enemies":"Snake Plant","floor":29,"turns":3},{"damage":0,"enemies":"Masked Bandits","floor":31,"turns":1},{"damage":34,"enemies":"Collector","floor":33,"turns":7},{"damage":5,"enemies":"3 Darklings","floor":35,"turns":2},{"damage":8,"enemies":"Orb Walker","floor":39,"turns":3},{"damage":13,"enemies":"Giant Head","floor":40,"turns":5},{"damage":20,"enemies":"Writhing Mass","floor":45,"turns":4},{"damage":0,"enemies":"Jaw Worm Horde","floor":46,"turns":2},{"damage":52,"enemies":"Awakened One","floor":50,"turns":6}],"seed_played":"-5833097169483675746","potions_obtained":[{"floor":7,"key":"SteroidPotion"},{"floor":10,"key":"ColorlessPotion"},{"floor":13,"key":"FearPotion"},{"floor":21,"key":"Fire Potion"},{"floor":25,"key":"LiquidMemories"},{"floor":33,"key":"Regen Potion"},{"floor":45,"key":"Poison Potion"}],"is_trial":false,"path_per_floor":["M","M","M","?","?","R","M","R","T","M","R","E","M","M","R","B",null,"M","?","?","M","$","R","M","E","T","R","?","M","R","?","R","B",null,"M","?","$","?","M","E","R","$","T","R","M","M","R","?","R","B"],"character_chosen":"THE_SILENT","items_purchased":["Membership Card","Snake Skull","HandDrill","Prepared","Chrysalis"],"campfire_rested":3,"item_purchase_floors":[22,37,37,42,42],"current_hp_per_floor":[63,63,62,47,52,52,52,52,52,50,50,40,39,36,36,18,56,52,52,52,52,52,52,52,38,38,38,38,34,34,34,54,20,56,51,42,42,42,43,30,30,30,30,30,10,10,30,30,50,0,0],"gold":222,"neow_bonus":"ONE_RARE_RELIC","is_daily":false,"chose_seed":false,"campfire_upgraded":9,"win_rate":0.0,"timestamp":1607760649,"path_taken":["M","M","M","?","?","R","M","R","T","M","R","E","M","M","R","BOSS","M","?","?","M","?","R","?","E","T","R","?","M","R","?","R","BOSS","M","?","$","?","M","E","R","$","T","R","M","M","R","?","R","BOSS"],"items_purchased_type":["Relic","Relic","Relic","Card","Card"],"build_version":"2020-11-30","purchased_purges":3,"victory":false,"max_hp_per_floor":[63,63,63,63,68,68,68,68,68,68,68,68,68,68,68,68,68,68,68,68,68,68,68,68,68,68,68,68,68,68,68,68,68,68,68,68,68,68,68,68,68,68,68,68,68,68,68,68,68,68,68],"card_choices":[{"not_picked":["Dodge and Roll","Bane"],"picked":"PiercingWail","floor":1},{"not_picked":["Underhanded Strike","Dodge and Roll"],"picked":"Dagger Throw","floor":2},{"not_picked":["Poisoned Stab","Masterful Stab"],"picked":"Deflect","floor":3},{"not_picked":["Calculated Gamble","Catalyst"],"picked":"Escape Plan","floor":7},{"not_picked":["Poisoned Stab","Flechettes"],"picked":"Envenom","floor":10},{"not_picked":["Endless Agony","Night Terror"],"picked":"Catalyst","floor":12},{"not_picked":["Flying Knee","Cloak And Dagger"],"picked":"Footwork","floor":13},{"not_picked":["Caltrops","Dodge and Roll"],"picked":"Backflip","floor":14},{"not_picked":["Wraith Form v2","Night Terror"],"picked":"Corpse Explosion","floor":16},{"not_picked":["Finisher","Expertise"],"picked":"Quick Slash","floor":18},{"not_picked":["Acrobatics","Crippling Poison+1"],"picked":"Catalyst+1","floor":21},{"not_picked":["Poisoned Stab","PiercingWail","Blade Dance+1"],"picked":"SKIP","floor":24},{"not_picked":["All Out Attack","Dash+1"],"picked":"Prepared+1","floor":25},{"not_picked":["Underhanded Strike","Prepared"],"picked":"Well Laid Plans","floor":29},{"not_picked":["Venomology","Tools of the Trade"],"picked":"Night Terror","floor":33},{"not_picked":["Cloak And Dagger+1","Underhanded Strike+1","Accuracy+1"],"picked":"SKIP","floor":35},{"not_picked":["Trip","Finesse"],"picked":"Panacea","floor":38},{"not_picked":["Dodge and Roll","Quick Slash","Flying Knee+1"],"picked":"SKIP","floor":39},{"not_picked":["Infinite Blades","Dodge and Roll","Sucker Punch+1"],"picked":"SKIP","floor":40},{"not_picked":["Infinite Blades","Dodge and Roll"],"picked":"Sucker Punch+1","floor":40},{"not_picked":["Backflip","Footwork+1"],"picked":"Bouncing Flask+1","floor":45},{"not_picked":["Dodge and Roll","Skewer+1","Quick Slash+1"],"picked":"SKIP","floor":46}],"player_experience":769919,"relics_obtained":[{"floor":9,"key":"StrikeDummy"},{"floor":12,"key":"Mercury Hourglass"},{"floor":25,"key":"Juzu Bracelet"},{"floor":31,"key":"Red Mask"},{"floor":40,"key":"Happy Flower"}],"event_choices":[{"damage_healed":0,"gold_gain":0,"player_choice":"Take Damage","damage_taken":15,"relics_obtained":["Golden Idol"],"max_hp_gain":0,"max_hp_loss":0,"event_name":"Golden Idol","floor":4,"gold_loss":0},{"damage_healed":0,"gold_gain":0,"player_choice":"Donut","damage_taken":0,"max_hp_gain":5,"max_hp_loss":0,"event_name":"Big Fish","floor":5,"gold_loss":0},{"damage_healed":0,"gold_gain":0,"player_choice":"Simplicity","damage_taken":0,"max_hp_gain":0,"max_hp_loss":0,"event_name":"Back to Basics","floor":19,"gold_loss":0,"cards_upgraded":["Strike_G","Strike_G","Strike_G","Strike_G","Strike_G","Defend_G","Defend_G","Defend_G","Defend_G","Defend_G"]},{"damage_healed":0,"gold_gain":0,"player_choice":"Ignored","damage_taken":0,"max_hp_gain":0,"max_hp_loss":0,"event_name":"Ghosts","floor":20,"gold_loss":0},{"damage_healed":0,"gold_gain":0,"cards_transformed":["Survivor"],"player_choice":"Transformed","damage_taken":0,"max_hp_gain":0,"max_hp_loss":0,"event_name":"Transmorgrifier","floor":28,"gold_loss":0,"cards_obtained":["Bane"]},{"damage_healed":0,"gold_gain":0,"player_choice":"Fought Bandits","damage_taken":0,"max_hp_gain":0,"max_hp_loss":0,"event_name":"Masked Bandits","floor":31,"gold_loss":0},{"damage_healed":0,"gold_gain":0,"player_choice":"Embrace Madness","damage_taken":9,"max_hp_gain":0,"max_hp_loss":0,"event_name":"Winding Halls","floor":36,"gold_loss":0,"cards_obtained":["Madness","Madness"]},{"damage_healed":0,"gold_gain":0,"player_choice":"Memory 1","damage_taken":0,"max_hp_gain":0,"max_hp_loss":0,"event_name":"SensoryStone","floor":38,"gold_loss":0},{"cards_removed":["Envenom"],"damage_healed":0,"gold_gain":0,"player_choice":"Removed Power","damage_taken":0,"max_hp_gain":0,"max_hp_loss":0,"event_name":"Falling","floor":48,"gold_loss":0}],"is_beta":false,"boss_relics":[{"not_picked":["Ectoplasm","Empty Cage"],"picked":"Cursed Key"},{"not_picked":["Runic Dome","Astrolabe"],"picked":"SlaversCollar"}],"items_purged_floors":[22,37,42],"is_endless":false,"potions_floor_spawned":[7,10,13,21,25,33,35,45],"killed_by":"Awakened One","ascension_level":8}}