{"host":"f5gffvlv6a66yqkd","time":1607790371,"event":{"mods":["2.2 Compatiblity","BaseMod","Colored Map","DeckTracker","Keyboard Shortcuts","Minty Spire (QoL Compilation)","Permanent Neow","Quick Restart","Relic Stats","StSLib","SuperFastMode"],"gold_per_floor":[119,119,119,44,56,81,81,92,161,191,239,239,68,82,82,156,156,167,167,82,82,82,82,96,96,96,112,112,138,78,91,91,167,167,178,98,117,17,37,37,56,77,128,139,151,163,194,194,194,194,194,194],"floor_reached":51,"playtime":2052,"items_purged":["Strike_G","Strike_G","Strike_G"],"score":1364,"play_id":"2fe8ddcd-867d-4f01-a48a-c9b7b1981a08","local_time":"20201213012611","is_ascension_mode":true,"campfire_choices":[{"data":"Neutralize","floor":7.0,"key":"SMITH"},{"data":"Bouncing Flask","floor":12.0,"key":"SMITH"},{"data":"Noxious Fumes","floor":15.0,"key":"SMITH"},{"data":"Adrenaline","floor":23.0,"key":"SMITH"},{"data":"Prepared","floor":25.0,"key":"SMITH"},{"data":"Acrobatics","floor":28.0,"key":"SMITH"},{"data":"Grand Finale","floor":32.0,"key":"SMITH"},{"data":"Deflect","floor":40.0,"key":"SMITH"},{"floor":49.0,"key":"RECALL"}],"circlet_count":0,"master_deck":["AscendersBane","Defend_G","Defend_G","Defend_G","Defend_G","Defend_G","Survivor","Neutralize+1","Dagger Throw","Acrobatics+1","Crippling Poison","Bouncing Flask+1","Adrenaline+1","Noxious Fumes+1","Prepared+1","Grand Finale+1","Deflect+1","Reflex"],"relics":["Ring of the Snake","NeowsBlessing","StrikeDummy","Happy Flower","Bottled Lightning","Torii","Vajra","Runic Pyramid","Ancient Tea Set","Matryoshka","Oddly Smooth Stone","The Courier","CeramicFish","SlaversCollar","Juzu Bracelet","Centennial Puzzle"],"acts_visited":["Exordium","TheCity","TheBeyond"],"potions_floor_usage":[51,51],"damage_taken":[{"damage":0.0,"enemies":"Cultist","floor":1.0,"turns":1.0},{"damage":0.0,"enemies":"2 Louse","floor":5.0,"turns":1.0},{"damage":0.0,"enemies":"Gremlin Nob","floor":6.0,"turns":1.0},{"damage":0.0,"enemies":"Small Slimes","floor":8.0,"turns":3.0},{"damage":12.0,"enemies":"Lagavulin","floor":10.0,"turns":5.0},{"damage":1.0,"enemies":"Looter","floor":14.0,"turns":3.0},{"damage":6.0,"enemies":"Hexaghost","floor":16.0,"turns":8.0},{"damage":4.0,"enemies":"Chosen","floor":18.0,"turns":6.0},{"damage":1.0,"enemies":"Shell Parasite","floor":24.0,"turns":3.0},{"damage":1.0,"enemies":"Snake Plant","floor":27.0,"turns":3.0},{"damage":3.0,"enemies":"Book of Stabbing","floor":29.0,"turns":5.0},{"damage":0.0,"enemies":"3 Cultists","floor":31.0,"turns":2.0},{"damage":24.0,"enemies":"Collector","floor":33.0,"turns":6.0},{"damage":3.0,"enemies":"Orb Walker","floor":35.0,"turns":4.0},{"damage":0.0,"enemies":"3 Shapes","floor":37.0,"turns":5.0},{"damage":9.0,"enemies":"Jaw Worm Horde","floor":39.0,"turns":3.0},{"damage":2.0,"enemies":"Spire Growth","floor":41.0,"turns":4.0},{"damage":0.0,"enemies":"4 Shapes","floor":42.0,"turns":6.0},{"damage":7.0,"enemies":"Writhing Mass","floor":44.0,"turns":5.0},{"damage":0.0,"enemies":"Maw","floor":45.0,"turns":6.0},{"damage":7.0,"enemies":"Spire Growth","floor":46.0,"turns":4.0},{"damage":6.0,"enemies":"Reptomancer","floor":47.0,"turns":4.0},{"damage":18.0,"enemies":"Awakened One","floor":50.0,"turns":12.0},{"damage":21,"enemies":"Donu and Deca","floor":51,"turns":6}],"seed_played":"2282291006915810748","potions_obtained":[{"floor":6.0,"key":"SmokeBomb"},{"floor":8.0,"key":"Poison Potion"},{"floor":14.0,"key":"Poison Potion"},{"floor":27.0,"key":"Regen Potion"},{"floor":29.0,"key":"Fruit Juice"},{"floor":37.0,"key":"Block Potion"},{"floor":41.0,"key":"Fire Potion"},{"floor":42.0,"key":"SkillPotion"}],"is_trial":false,"path_per_floor":["M","T","?","?","M","E","R","M","T","E","T","R","$","M","R","B",null,"M","?","?","?","T","R","M","R","T","M","R","E","$","M","R","B",null,"M","$","M","$","M","R","M","M","T","M","M","M","E","?","R","B","B"],"character_chosen":"THE_SILENT","items_purchased":["Adrenaline","Noxious Fumes"],"campfire_rested":0,"item_purchase_floors":[13,13],"current_hp_per_floor":[59,59,59,59,59,59,59,59,59,47,47,47,47,46,46,40,60,56,56,56,56,56,56,55,55,55,54,54,51,51,51,51,27,56,53,53,58,58,49,49,47,47,47,40,40,33,27,27,27,9,0,0],"gold":194,"neow_bonus":"THREE_ENEMY_KILL","is_daily":false,"chose_seed":false,"campfire_upgraded":8,"win_rate":0.0,"timestamp":1607790371,"path_taken":["M","?","?","?","M","E","R","M","T","E","?","R","$","M","R","BOSS","M","?","?","?","?","R","M","R","T","?","R","E","$","M","R","BOSS","BOSS","M","?","M","?","M","R","M","M","T","M","M","M","E","?","R","BOSS","BOSS"],"items_purchased_type":["Card","Card"],"build_version":"2020-11-30","purchased_purges":3,"victory":false,"max_hp_per_floor":[66,66,66,66,66,66,66,66,66,66,66,66,66,66,66,66,66,66,66,66,66,66,66,66,66,66,66,66,66,66,66,66,66,66,66,66,71,71,71,71,71,71,71,71,71,71,71,71,71,71,71,71],"relic_stats":{"Centennial Puzzle":[6],"Happy Flower":[34],"Torii":49,"counters":[24,106],"CeramicFish":9,"Juzu Bracelet":0,"obtain_stats":[{"NeowsBlessing":0,"Happy Flower":6,"Torii":10,"CeramicFish":29,"Vajra":11,"Oddly Smooth Stone":26,"The Courier":26,"Juzu Bracelet":43,"Ancient Tea Set":20,"SlaversCollar":34,"Centennial Puzzle":47,"Matryoshka":22,"Bottled Lightning":9,"StrikeDummy":2,"Ring of the Snake":0,"Runic Pyramid":17},{"NeowsBlessing":0,"Happy Flower":3,"Torii":5,"CeramicFish":11,"Vajra":5,"Oddly Smooth Stone":9,"The Courier":9,"Juzu Bracelet":18,"Ancient Tea Set":8,"SlaversCollar":13,"Centennial Puzzle":22,"Matryoshka":8,"Bottled Lightning":4,"StrikeDummy":1,"Ring of the Snake":0,"Runic Pyramid":7},{"NeowsBlessing":0,"Happy Flower":3,"Torii":11,"CeramicFish":39,"Vajra":11,"Oddly Smooth Stone":31,"The Courier":31,"Juzu Bracelet":69,"Ancient Tea Set":28,"SlaversCollar":47,"Centennial Puzzle":88,"Matryoshka":28,"Bottled Lightning":6,"StrikeDummy":1,"Ring of the Snake":0,"Runic Pyramid":22}],"Ring of the Snake":[48]},"card_choices":[{"not_picked":["Acrobatics","Calculated Gamble"],"picked":"Dagger Throw","floor":1.0},{"not_picked":["Heel Hook","Leg Sweep"],"picked":"Acrobatics","floor":5.0},{"not_picked":["PiercingWail","Acrobatics"],"picked":"Crippling Poison","floor":6.0},{"not_picked":["Predator","Setup"],"picked":"Bouncing Flask","floor":8.0},{"not_picked":["Blade Dance","Masterful Stab","Eviscerate"],"picked":"SKIP","floor":10.0},{"not_picked":["Terror","Underhanded Strike"],"picked":"Prepared","floor":14.0},{"not_picked":["Wraith Form v2","Glass Knife"],"picked":"Grand Finale","floor":16.0},{"not_picked":["Sucker Punch","Outmaneuver","Dagger Throw"],"picked":"SKIP","floor":18.0},{"not_picked":["Sucker Punch","Underhanded Strike"],"picked":"Deflect","floor":24.0},{"not_picked":["Poisoned Stab","Backflip","Quick Slash"],"picked":"SKIP","floor":27.0},{"not_picked":["Poisoned Stab","Backflip","Quick Slash"],"picked":"SKIP","floor":27.0},{"not_picked":["PiercingWail","Accuracy","Backstab"],"picked":"SKIP","floor":29.0},{"not_picked":["Blade Dance","Skewer","Distraction"],"picked":"SKIP","floor":31.0},{"not_picked":["Flying Knee","Deflect","Blade Dance"],"picked":"SKIP","floor":35.0},{"not_picked":["Dagger Spray","Leg Sweep","Choke+1"],"picked":"SKIP","floor":37.0},{"not_picked":["Outmaneuver","Leg Sweep","Dagger Spray+1"],"picked":"SKIP","floor":39.0},{"not_picked":["Caltrops+1","Accuracy","Dagger Spray"],"picked":"SKIP","floor":41.0},{"not_picked":["Underhanded Strike","Riddle With Holes"],"picked":"Reflex","floor":42.0},{"not_picked":["Expertise","Blade Dance+1","Bane"],"picked":"SKIP","floor":44.0},{"not_picked":["Caltrops","Deflect","Blade Dance+1"],"picked":"SKIP","floor":45.0},{"not_picked":["Riddle With Holes","Phantasmal Killer","Underhanded Strike"],"picked":"SKIP","floor":46.0},{"not_picked":["Flechettes","Dagger Throw","Deflect+1"],"picked":"SKIP","floor":47.0}],"player_experience":1448714,"relics_obtained":[{"floor":2.0,"key":"StrikeDummy"},{"floor":6.0,"key":"Happy Flower"},{"floor":9.0,"key":"Bottled Lightning"},{"floor":10.0,"key":"Torii"},{"floor":11.0,"key":"Vajra"},{"floor":22.0,"key":"Matryoshka"},{"floor":26.0,"key":"Oddly Smooth Stone"},{"floor":26.0,"key":"The Courier"},{"floor":29.0,"key":"CeramicFish"},{"floor":43.0,"key":"Juzu Bracelet"},{"floor":47.0,"key":"Centennial Puzzle"}],"event_choices":[{"damage_healed":0.0,"max_hp_gain":0.0,"max_hp_loss":0.0,"gold_gain":0.0,"event_name":"Liars Game","player_choice":"Ignored","floor":3.0,"gold_loss":0.0,"damage_taken":0.0},{"cards_removed":["Strike_G"],"damage_healed":0.0,"max_hp_gain":0.0,"max_hp_loss":0.0,"gold_gain":0.0,"event_name":"The Cleric","player_choice":"Card Removal","floor":4.0,"gold_loss":75.0,"damage_taken":0.0},{"cards_removed":["Strike_G"],"damage_healed":0.0,"max_hp_gain":0.0,"max_hp_loss":0.0,"gold_gain":0.0,"event_name":"Back to Basics","player_choice":"Elegance","floor":19.0,"gold_loss":0.0,"damage_taken":0.0},{"damage_healed":0.0,"max_hp_gain":0.0,"max_hp_loss":0.0,"gold_gain":0.0,"event_name":"Addict","player_choice":"Obtained Relic","floor":20.0,"gold_loss":85.0,"damage_taken":0.0,"relics_obtained":["Ancient Tea Set"]},{"damage_healed":0.0,"max_hp_gain":0.0,"max_hp_loss":0.0,"gold_gain":0.0,"event_name":"Cursed Tome","player_choice":"Ignored","floor":21.0,"gold_loss":0.0,"damage_taken":0.0},{"damage_healed":0.0,"max_hp_gain":0.0,"max_hp_loss":0.0,"gold_gain":0.0,"event_name":"Mysterious Sphere","player_choice":"Ignored","floor":48.0,"gold_loss":0.0,"damage_taken":0.0}],"is_beta":false,"boss_relics":[{"not_picked":["Sozu","Black Star"],"picked":"Runic Pyramid"},{"not_picked":["Pandora\u0027s Box","Velvet Choker"],"picked":"SlaversCollar"}],"items_purged_floors":[30,36,38],"is_endless":false,"potions_floor_spawned":[6,8,14,18,27,29,37,41,42,45,47],"killed_by":"Donu and Deca","ascension_level":20}}