{"host":"e87rn453naquue3h","time":1607752697,"event":{"mods":["AchievementEnabler","BaseMod","Minty Spire (QoL Compilation)","Relic Stats","StSLib"],"gold_per_floor":[114,128,142,142,157,187,2,12,63,77,77,77,77,95,95,191,191,209,225,1,1,17,17,17,17,67,67,67,84,104,203,203,298,298,311,109,159,159,173,173,198,216,216,216,235,235,255,283,283,283],"floor_reached":51,"playtime":3414,"items_purged":["Writhe"],"score":1149,"play_id":"dc3d9cd3-22d3-4dc8-8c3c-c8370ab9051c","local_time":"20201212005817","is_ascension_mode":true,"campfire_choices":[{"floor":11,"key":"REST"},{"floor":13,"key":"REST"},{"data":"WindmillStrike","floor":15,"key":"SMITH"},{"floor":23,"key":"REST"},{"data":"Devotion","floor":25,"key":"SMITH"},{"data":"Fasting2","floor":28,"key":"SMITH"},{"data":"Wallop","floor":32,"key":"SMITH"},{"data":"Ragnarok","floor":40,"key":"SMITH"},{"floor":44,"key":"REST"},{"data":"Devotion","floor":46,"key":"SMITH"},{"floor":49,"key":"REST"}],"circlet_count":0,"master_deck":["AscendersBane","Strike_P","Strike_P","Strike_P","Defend_P","Defend_P","Eruption+1","Vigilance","WindmillStrike+1","CutThroughFate","Meditate","Pray","Flash of Steel","Vault","Weave","Vengeance","Devotion+1","JustLucky","Fasting2+1","Pray","Wallop+1","EmptyMind","Devotion+1","Ragnarok+1","Wireheading","Secret Weapon"],"relics":["PureWater","FossilizedHelix","Pantograph","Membership Card","Akabeko","Philosopher\u0027s Stone","Singing Bowl","MealTicket","Damaru","Ancient Tea Set","Sozu","CloakClasp","Thread and Needle","Blood Vial","TeardropLocket"],"acts_visited":["Exordium","TheCity","TheBeyond"],"potions_floor_usage":[16,29,41,50],"damage_taken":[{"damage":0,"enemies":"Cultist","floor":1,"turns":2},{"damage":6,"enemies":"2 Louse","floor":2,"turns":2},{"damage":8,"enemies":"Jaw Worm","floor":3,"turns":4},{"damage":0,"enemies":"Looter","floor":5,"turns":1},{"damage":37,"enemies":"3 Sentries","floor":6,"turns":10},{"damage":8,"enemies":"3 Louse","floor":8,"turns":3},{"damage":0,"enemies":"Red Slaver","floor":10,"turns":2},{"damage":0,"enemies":"Gremlin Gang","floor":14,"turns":4},{"damage":32,"enemies":"The Guardian","floor":16,"turns":10},{"damage":33,"enemies":"3 Byrds","floor":18,"turns":7},{"damage":0,"enemies":"Chosen","floor":19,"turns":3},{"damage":0,"enemies":"Snecko","floor":22,"turns":4},{"damage":0,"enemies":"3 Cultists","floor":29,"turns":4},{"damage":0,"enemies":"Centurion and Healer","floor":30,"turns":4},{"damage":0,"enemies":"Champ","floor":33,"turns":7},{"damage":0,"enemies":"3 Shapes","floor":35,"turns":3},{"damage":0,"enemies":"Mind Bloom Boss Battle","floor":37,"turns":4},{"damage":0,"enemies":"Orb Walker","floor":39,"turns":2},{"damage":34,"enemies":"Reptomancer","floor":41,"turns":4},{"damage":7,"enemies":"4 Shapes","floor":42,"turns":5},{"damage":0,"enemies":"3 Darklings","floor":45,"turns":5},{"damage":0,"enemies":"Sphere and 2 Shapes","floor":47,"turns":2},{"damage":45,"enemies":"Nemesis","floor":48,"turns":6},{"damage":71,"enemies":"Awakened One","floor":50,"turns":8}],"seed_played":"5473570013094365441","potions_obtained":[{"floor":1,"key":"Dexterity Potion"},{"floor":3,"key":"FairyPotion"},{"floor":10,"key":"Ancient Potion"},{"floor":14,"key":"PowerPotion"},{"floor":22,"key":"Strength Potion"},{"floor":29,"key":"SmokeBomb"},{"floor":33,"key":"DistilledChaos"}],"is_trial":false,"path_per_floor":["M","M","M","?","M","E","$","M","T","M","R","?","R","M","R","B",null,"M","M","$","?","M","R","?","R","T","?","R","M","M","?","R","B",null,"M","$","?","?","M","R","E","M","T","R","M","R","M","E","R","B",null],"character_chosen":"WATCHER","items_purchased":["Membership Card","Flash of Steel","Singing Bowl","MealTicket","Fasting2","Ragnarok","Wireheading","Secret Weapon"],"campfire_rested":5,"item_purchase_floors":[7,7,20,20,20,36,36,36],"current_hp_per_floor":[65,59,51,51,51,14,14,6,6,6,27,27,48,48,48,40,64,31,31,31,31,31,52,52,52,52,52,52,54,56,56,56,76,76,78,78,80,80,82,82,50,45,45,70,74,74,78,37,64,20],"gold":283,"neow_bonus":"UPGRADE_CARD","is_daily":false,"chose_seed":false,"campfire_upgraded":6,"win_rate":0.0,"timestamp":1607752697,"path_taken":["M","M","M","?","M","E","$","?","T","M","R","?","R","?","R","BOSS","M","M","$","?","?","R","?","R","T","?","R","M","M","?","R","BOSS","M","$","?","?","M","R","E","M","T","R","?","R","?","E","R","BOSS"],"items_purchased_type":["Relic","Card","Relic","Relic","Card","Card","Card","Card"],"build_version":"2020-11-30","purchased_purges":1,"victory":true,"max_hp_per_floor":[72,72,72,72,72,72,72,72,72,72,72,72,72,72,72,72,72,72,72,72,72,72,72,72,72,72,72,72,74,76,76,76,76,76,78,78,80,80,82,82,84,86,86,86,88,88,90,92,92,92],"relic_stats":{"Sozu":3,"Blood Vial":8,"Singing Bowl":20,"counters":[24,106],"Pantograph":69,"MealTicket":0,"CloakClasp":[57],"obtain_stats":[{"Singing Bowl":20,"Damaru":24,"Thread and Needle":41,"CloakClasp":37,"TeardropLocket":48,"Ancient Tea Set":26,"Akabeko":9,"Sozu":34,"Blood Vial":43,"Pantograph":6,"Philosopher\u0027s Stone":17,"MealTicket":20,"Membership Card":7,"PureWater":0,"FossilizedHelix":4},{"Singing Bowl":11,"Damaru":12,"Thread and Needle":19,"CloakClasp":17,"TeardropLocket":23,"Ancient Tea Set":12,"Akabeko":6,"Sozu":15,"Blood Vial":20,"Pantograph":5,"Philosopher\u0027s Stone":9,"MealTicket":11,"Membership Card":5,"PureWater":0,"FossilizedHelix":3},{"Singing Bowl":48,"Damaru":52,"Thread and Needle":80,"CloakClasp":74,"TeardropLocket":98,"Ancient Tea Set":52,"Akabeko":22,"Sozu":67,"Blood Vial":85,"Pantograph":19,"Philosopher\u0027s Stone":38,"MealTicket":48,"Membership Card":19,"PureWater":0,"FossilizedHelix":8}]},"card_choices":[{"not_picked":["EmptyMind","WaveOfTheHand"],"picked":"WindmillStrike","floor":1},{"not_picked":["EmptyBody","Crescendo"],"picked":"CutThroughFate","floor":2},{"not_picked":["FollowUp","PathToVictory"],"picked":"Meditate","floor":3},{"not_picked":["PathToVictory","ThirdEye"],"picked":"Pray","floor":5},{"not_picked":["Consecrate","BowlingBash","PathToVictory"],"picked":"SKIP","floor":6},{"not_picked":["Study","EmptyFist"],"picked":"Vault","floor":8},{"not_picked":["CarveReality","DeceiveReality"],"picked":"Weave","floor":10},{"not_picked":["EmptyFist","Prostrate"],"picked":"Vengeance","floor":14},{"not_picked":["DevaForm","Scrawl"],"picked":"Devotion","floor":16},{"not_picked":["Study+1","EmptyBody+1","SignatureMove+1"],"picked":"SKIP","floor":18},{"not_picked":["Weave","BowlingBash"],"picked":"JustLucky","floor":19},{"not_picked":["PathToVictory","SashWhip+1"],"picked":"Pray","floor":22},{"not_picked":["EmptyMind","ThirdEye+1","EmptyBody"],"picked":"Singing Bowl","floor":29},{"not_picked":["FlurryOfBlows","WreathOfFlame","FlyingSleeves"],"picked":"Singing Bowl","floor":30},{"not_picked":["LessonLearned","DeusExMachina"],"picked":"Devotion","floor":33},{"not_picked":["EmptyBody","Consecrate+1","ClearTheMind+1"],"picked":"Singing Bowl","floor":35},{"not_picked":["ReachHeaven","CrushJoints","Adaptation"],"picked":"Singing Bowl","floor":37},{"not_picked":["Vengeance","FlurryOfBlows+1","DeceiveReality+1"],"picked":"Singing Bowl","floor":39},{"not_picked":["InnerPeace","Consecrate","FlyingSleeves+1"],"picked":"Singing Bowl","floor":41},{"not_picked":["ClearTheMind","Adaptation+1","BowlingBash+1"],"picked":"Singing Bowl","floor":42},{"not_picked":["Wireheading+1","EmptyFist","FearNoEvil"],"picked":"Singing Bowl","floor":45},{"not_picked":["BowlingBash","Consecrate+1","WreathOfFlame+1"],"picked":"Singing Bowl","floor":47},{"not_picked":["LessonLearned","InnerPeace","CrushJoints+1"],"picked":"Singing Bowl","floor":48}],"player_experience":2252112,"relics_obtained":[{"floor":6,"key":"Pantograph"},{"floor":9,"key":"Akabeko"},{"floor":26,"key":"Ancient Tea Set"},{"floor":37,"key":"CloakClasp"},{"floor":41,"key":"Thread and Needle"},{"floor":43,"key":"Blood Vial"},{"floor":48,"key":"TeardropLocket"}],"event_choices":[{"damage_healed":0,"gold_gain":0,"player_choice":"Gave Potion","damage_taken":0,"relics_obtained":["FossilizedHelix"],"max_hp_gain":0,"max_hp_loss":0,"event_name":"WeMeetAgain","floor":4,"gold_loss":0},{"damage_healed":0,"gold_gain":0,"player_choice":"Cursed","damage_taken":0,"max_hp_gain":0,"max_hp_loss":0,"event_name":"Wheel of Change","floor":12,"gold_loss":0,"cards_obtained":["Decay"]},{"cards_removed":["Decay"],"damage_healed":0,"gold_gain":0,"player_choice":"Purged","damage_taken":0,"max_hp_gain":0,"max_hp_loss":0,"event_name":"Purifier","floor":21,"gold_loss":0},{"damage_healed":0,"gold_gain":0,"player_choice":"Opened","damage_taken":0,"relics_obtained":["Damaru"],"max_hp_gain":0,"max_hp_loss":0,"event_name":"The Mausoleum","floor":24,"gold_loss":0,"cards_obtained":["Writhe"]},{"damage_healed":0,"gold_gain":0,"cards_transformed":["Strike_P","Defend_P"],"player_choice":"Became Test Subject","damage_taken":0,"max_hp_gain":0,"max_hp_loss":0,"event_name":"Drug Dealer","floor":27,"gold_loss":0,"cards_obtained":["Wallop","EmptyMind"]},{"damage_healed":0,"gold_gain":99,"player_choice":"Stole From Cult","damage_taken":0,"max_hp_gain":0,"max_hp_loss":0,"event_name":"Nest","floor":31,"gold_loss":0},{"damage_healed":0,"gold_gain":0,"player_choice":"Fight","damage_taken":0,"max_hp_gain":0,"max_hp_loss":0,"event_name":"MindBloom","floor":37,"gold_loss":0},{"cards_removed":["Defend_P"],"damage_healed":0,"gold_gain":0,"player_choice":"Purged","damage_taken":0,"max_hp_gain":0,"max_hp_loss":0,"event_name":"Purifier","floor":38,"gold_loss":0}],"is_beta":false,"boss_relics":[{"not_picked":["Astrolabe","Calling Bell"],"picked":"Philosopher\u0027s Stone"},{"not_picked":["Coffee Dripper","HolyWater"],"picked":"Sozu"}],"items_purged_floors":[36],"is_endless":false,"potions_floor_spawned":[1,3,10,14,22,29,33,39,42,47],"ascension_level":11}}