{"host":"by8i6f8xc0ywpsd5","time":1607732027,"event":{"mods":["BaseMod","Colored Map","Minty Spire (QoL Compilation)","Relic Stats"],"gold_per_floor":[212,27,44,44,119,149,0,0,0,30,30,61,78,91,91,166,166,182,182,207,122,122,122,149,149,149,181,191,221,221,241,241,316,316,332,383,1382,1382,354,354,389,147,147,165,196,211,244,259,259,259,259,259,6,33,33],"floor_reached":56,"playtime":2634,"items_purged":["Normality","Normality","Thunderclap"],"score":2436,"play_id":"d513bf5d-66d3-4c4f-b9a5-711f8bebe263","local_time":"20201212021347","is_ascension_mode":true,"campfire_choices":[{"data":"Immolate","floor":8.0,"key":"SMITH"},{"data":"Spot Weakness","floor":11.0,"key":"SMITH"},{"data":"Sword Boomerang","floor":15.0,"key":"SMITH"},{"data":"Exhume","floor":23.0,"key":"SMITH"},{"data":"Shrug It Off","floor":25.0,"key":"SMITH"},{"data":"Battle Trance","floor":32.0,"key":"SMITH"},{"data":"Body Slam","floor":40.0,"key":"PURGE"},{"floor":49,"key":"RECALL"},{"data":"Dual Wield","floor":52,"key":"SMITH"}],"circlet_count":0,"master_deck":["AscendersBane","Bash","Sword Boomerang","Sword Boomerang+1","Spot Weakness+1","Immolate+1","Reaper","Reaper","Shrug It Off+1","Headbutt","Exhume+1","Pummel","Dual Wield+1","Feel No Pain","Dual Wield","Fire Breathing","Inflame","Dual Wield","Armaments+1","Power Through+1","Battle Trance+1","Demon Form","Fiend Fire","Offering+1","Shockwave+1","Power Through+1","Feel No Pain+1","Headbutt","Barricade"],"relics":["Burning Blood","Sling","Mummified Hand","Orichalcum","Pear","Centennial Puzzle","Pandora\u0027s Box","Enchiridion","Red Mask","Strawberry","Bottled Lightning","Turnip","Anchor","Peace Pipe","Snecko Eye","Lizard Tail","Brimstone","Toxic Egg 2","Charon\u0027s Ashes","Ginger","Membership Card","Ancient Tea Set","Happy Flower","Toolbox","Bird Faced Urn"],"acts_visited":["Exordium","TheCity","TheBeyond","TheEnding"],"potions_floor_usage":[54,55],"damage_taken":[{"damage":6.0,"enemies":"Cultist","floor":1.0,"turns":4.0},{"damage":5.0,"enemies":"Small Slimes","floor":3.0,"turns":3.0},{"damage":8.0,"enemies":"Gremlin Nob","floor":6.0,"turns":3.0},{"damage":4.0,"enemies":"3 Sentries","floor":10.0,"turns":2.0},{"damage":14.0,"enemies":"Lagavulin","floor":12.0,"turns":4.0},{"damage":2.0,"enemies":"Jaw Worm","floor":13.0,"turns":3.0},{"damage":13.0,"enemies":"Looter","floor":14.0,"turns":5.0},{"damage":104.0,"enemies":"Slime Boss","floor":16.0,"turns":12.0},{"damage":50.0,"enemies":"3 Byrds","floor":18.0,"turns":4.0},{"damage":7.0,"enemies":"Masked Bandits","floor":20.0,"turns":2.0},{"damage":67.0,"enemies":"Gremlin Leader","floor":24.0,"turns":8.0},{"damage":15.0,"enemies":"Book of Stabbing","floor":27.0,"turns":3.0},{"damage":16.0,"enemies":"Chosen","floor":28.0,"turns":4.0},{"damage":79.0,"enemies":"Gremlin Leader","floor":29.0,"turns":9.0},{"damage":14.0,"enemies":"Snecko","floor":31.0,"turns":7.0},{"damage":62.0,"enemies":"Automaton","floor":33.0,"turns":7.0},{"damage":7.0,"enemies":"3 Darklings","floor":35.0,"turns":3.0},{"damage":0.0,"enemies":"2 Orb Walkers","floor":36.0,"turns":2.0},{"damage":66,"enemies":"Nemesis","floor":41,"turns":7},{"damage":46,"enemies":"3 Shapes","floor":44,"turns":3},{"damage":12,"enemies":"Reptomancer","floor":45,"turns":3},{"damage":3,"enemies":"Maw","floor":46,"turns":3},{"damage":6,"enemies":"Nemesis","floor":47,"turns":3},{"damage":10,"enemies":"Transient","floor":48,"turns":6},{"damage":34,"enemies":"Time Eater","floor":50,"turns":4},{"damage":56,"enemies":"Shield and Spear","floor":54,"turns":4},{"damage":125,"enemies":"The Heart","floor":55,"turns":7}],"seed_played":"7474708028760614433","potions_obtained":[{"floor":3.0,"key":"CultistPotion"},{"floor":6.0,"key":"FairyPotion"},{"floor":10.0,"key":"DuplicationPotion"},{"floor":16.0,"key":"AttackPotion"},{"floor":24.0,"key":"BloodPotion"},{"floor":28.0,"key":"SkillPotion"},{"floor":31.0,"key":"Swift Potion"},{"floor":54,"key":"BlessingOfTheForge"}],"is_trial":false,"path_per_floor":["M","$","M","?","?","E","$","R","T","E","R","E","M","M","R","B",null,"M","?","?","?","?","R","E","R","T","E","M","E","?","M","R","B",null,"M","?","?","?","$","R","E","$","T","M","E","M","E","M","R","B",null,"R","$","E","B",null],"character_chosen":"IRONCLAD","items_purchased":["Sling","Sword Boomerang","Reaper","Brimstone","Fiend Fire","Toxic Egg 2","Charon\u0027s Ashes","Membership Card","Shockwave+1","Headbutt","Toolbox","Barricade"],"campfire_rested":0,"item_purchase_floors":[2,2,7,39,39,39,39,42,42,53,53,53],"current_hp_per_floor":[68,68,69,69,58,56,56,56,56,85,85,77,81,82,82,24,70,53,32,58,65,65,65,43,43,43,58,52,83,83,85,85,29,76,89,92,92,82,82,82,69,69,69,76,92,92,92,88,88,92,92,92,92,87,89],"gold":33,"neow_bonus":"HUNDRED_GOLD","is_daily":false,"chose_seed":false,"campfire_upgraded":7,"win_rate":0.0,"timestamp":1607732027,"path_taken":["M","$","M","?","?","E","?","R","T","E","R","E","M","M","R","BOSS","M","?","?","?","?","R","E","R","T","E","M","E","?","M","R","BOSS","M","?","?","?","$","R","E","?","T","M","E","M","E","?","R","BOSS","R","$","E","BOSS"],"items_purchased_type":["Relic","Card","Card","Relic","Card","Relic","Relic","Relic","Card","Card","Relic","Card"],"build_version":"2020-11-30","purchased_purges":3,"victory":true,"max_hp_per_floor":[75,75,75,75,75,75,75,75,75,85,85,85,85,85,85,85,85,85,85,85,92,92,92,92,92,92,92,92,92,92,92,92,92,92,92,92,92,92,92,92,92,92,92,92,92,92,92,92,92,92,92,92,92,92,92],"relic_stats":{"Happy Flower":[7],"counters":[27,125],"Charon\u0027s Ashes":[365],"Ginger":[7],"Orichalcum":[186],"Burning Blood":134,"Peace Pipe":1,"Centennial Puzzle":[60],"Lizard Tail":0,"Mummified Hand":[132],"Bird Faced Urn":[11],"Snecko Eye":[89,77,105,93],"Pandora\u0027s Box":["Thunderclap","Pummel","Dual Wield","Feel No Pain","Body Slam","Dual Wield","Fire Breathing","Inflame","Dual Wield"],"Turnip":[7],"obtain_stats":[{"Enchiridion":19,"Ginger":41,"Sling":2,"Ancient Tea Set":45,"Burning Blood":0,"Centennial Puzzle":12,"Lizard Tail":36,"Mummified Hand":6,"Strawberry":21,"Toolbox":53,"Red Mask":20,"Toxic Egg 2":39,"Pear":10,"Happy Flower":47,"Charon\u0027s Ashes":39,"Orichalcum":9,"Peace Pipe":29,"Anchor":27,"Brimstone":39,"Bird Faced Urn":54,"Snecko Eye":34,"Pandora\u0027s Box":17,"Turnip":26,"Bottled Lightning":24,"Membership Card":42},{"Enchiridion":9,"Ginger":19,"Sling":1,"Ancient Tea Set":21,"Burning Blood":0,"Centennial Puzzle":5,"Lizard Tail":18,"Mummified Hand":3,"Strawberry":10,"Toolbox":25,"Red Mask":10,"Toxic Egg 2":18,"Pear":4,"Happy Flower":23,"Charon\u0027s Ashes":18,"Orichalcum":3,"Peace Pipe":14,"Anchor":12,"Brimstone":18,"Bird Faced Urn":26,"Snecko Eye":16,"Pandora\u0027s Box":8,"Turnip":11,"Bottled Lightning":11,"Membership Card":19},{"Enchiridion":40,"Ginger":92,"Sling":4,"Ancient Tea Set":98,"Burning Blood":0,"Centennial Puzzle":16,"Lizard Tail":85,"Mummified Hand":10,"Strawberry":42,"Toolbox":114,"Red Mask":42,"Toxic Egg 2":85,"Pear":12,"Happy Flower":104,"Charon\u0027s Ashes":85,"Orichalcum":10,"Peace Pipe":66,"Anchor":53,"Brimstone":85,"Bird Faced Urn":118,"Snecko Eye":80,"Pandora\u0027s Box":36,"Turnip":50,"Bottled Lightning":50,"Membership Card":92}]},"card_choices":[{"not_picked":["Headbutt","Flex"],"picked":"Sword Boomerang","floor":1.0},{"not_picked":["Anger","Wild Strike"],"picked":"Spot Weakness","floor":3.0},{"not_picked":["Warcry","Anger"],"picked":"Immolate","floor":6.0},{"not_picked":["Entrench","Metallicize"],"picked":"Reaper","floor":10.0},{"not_picked":["Entrench","Flame Barrier","Rampage"],"picked":"SKIP","floor":12.0},{"not_picked":["Second Wind","Clothesline"],"picked":"Shrug It Off","floor":13.0},{"not_picked":["Dark Embrace","Sword Boomerang"],"picked":"Headbutt","floor":14.0},{"not_picked":["Barricade","Double Tap"],"picked":"Exhume","floor":16.0},{"not_picked":["Pummel","Shrug It Off"],"picked":"Armaments+1","floor":18.0},{"not_picked":["Second Wind","True Grit","Perfected Strike"],"picked":"SKIP","floor":24.0},{"not_picked":["Pummel","Cleave"],"picked":"Power Through+1","floor":27.0},{"not_picked":["Warcry","Entrench+1"],"picked":"Battle Trance","floor":28.0},{"not_picked":["Rampage+1","Anger","Shrug It Off"],"picked":"SKIP","floor":29.0},{"not_picked":["Body Slam","Second Wind","Pommel Strike"],"picked":"SKIP","floor":31.0},{"not_picked":["Juggernaut","Exhume"],"picked":"Demon Form","floor":33.0},{"not_picked":["Rampage","Searing Blow","Body Slam"],"picked":"SKIP","floor":35.0},{"not_picked":["Pummel","Anger"],"picked":"Offering+1","floor":41},{"not_picked":["Cleave+1","Sword Boomerang","Clothesline"],"picked":"SKIP","floor":44},{"not_picked":["Power Through+1","Carnage","Thunderclap"],"picked":"SKIP","floor":45},{"not_picked":["Carnage","Thunderclap"],"picked":"Power Through+1","floor":45},{"not_picked":["Warcry+1","Sword Boomerang+1"],"picked":"Feel No Pain+1","floor":46},{"not_picked":["Warcry+1","Dropkick","Iron Wave"],"picked":"SKIP","floor":47},{"not_picked":["Warcry+1","Rage+1","Twin Strike+1"],"picked":"SKIP","floor":48},{"not_picked":["Warcry+1","Wild Strike+1","Pommel Strike"],"picked":"SKIP","floor":54}],"player_experience":1643532,"relics_obtained":[{"floor":6.0,"key":"Mummified Hand"},{"floor":9.0,"key":"Orichalcum"},{"floor":10.0,"key":"Pear"},{"floor":12.0,"key":"Centennial Puzzle"},{"floor":19.0,"key":"Enchiridion"},{"floor":20.0,"key":"Red Mask"},{"floor":24.0,"key":"Bottled Lightning"},{"floor":26.0,"key":"Turnip"},{"floor":27.0,"key":"Anchor"},{"floor":29.0,"key":"Peace Pipe"},{"floor":36.0,"key":"Lizard Tail"},{"floor":41,"key":"Ginger"},{"floor":45,"key":"Ancient Tea Set"},{"floor":47,"key":"Happy Flower"},{"floor":54,"key":"Bird Faced Urn"}],"event_choices":[{"damage_healed":0.0,"max_hp_gain":0.0,"max_hp_loss":0.0,"gold_gain":0.0,"event_name":"The Cleric","player_choice":"Leave","floor":4.0,"gold_loss":0.0,"damage_taken":0.0},{"damage_healed":0.0,"max_hp_gain":0.0,"max_hp_loss":0.0,"gold_gain":75.0,"event_name":"World of Goop","player_choice":"Gather Gold","floor":5.0,"gold_loss":0.0,"damage_taken":11.0},{"damage_healed":0.0,"max_hp_gain":0.0,"max_hp_loss":0.0,"gold_gain":0.0,"event_name":"Cursed Tome","player_choice":"Obtained Book","floor":19.0,"gold_loss":0.0,"damage_taken":21.0},{"damage_healed":0.0,"max_hp_gain":0.0,"max_hp_loss":0.0,"gold_gain":0.0,"event_name":"Masked Bandits","player_choice":"Fought Bandits","floor":20.0,"gold_loss":0.0,"damage_taken":0.0},{"damage_healed":0.0,"max_hp_gain":0.0,"max_hp_loss":0.0,"gold_gain":0.0,"event_name":"Addict","player_choice":"Obtained Relic","floor":21.0,"gold_loss":85.0,"damage_taken":0.0,"relics_obtained":["Strawberry"]},{"damage_healed":0.0,"max_hp_gain":0.0,"max_hp_loss":0.0,"gold_gain":0.0,"event_name":"The Mausoleum","player_choice":"Ignored","floor":22.0,"gold_loss":0.0,"damage_taken":0.0},{"damage_healed":0.0,"max_hp_gain":0.0,"max_hp_loss":0.0,"gold_gain":0.0,"event_name":"Vampires","player_choice":"Ignored","floor":30.0,"gold_loss":0.0,"damage_taken":0.0},{"damage_healed":0.0,"max_hp_gain":0.0,"max_hp_loss":0.0,"gold_gain":0.0,"event_name":"Mysterious Sphere","player_choice":"Fight","floor":36.0,"gold_loss":0.0,"damage_taken":0.0},{"damage_healed":0.0,"max_hp_gain":0.0,"max_hp_loss":0.0,"gold_gain":999.0,"event_name":"MindBloom","player_choice":"Gold","floor":37.0,"gold_loss":0.0,"damage_taken":0.0,"cards_obtained":["Normality","Normality"]},{"damage_healed":0.0,"max_hp_gain":0.0,"max_hp_loss":0.0,"gold_gain":0.0,"event_name":"SensoryStone","player_choice":"Memory 3","floor":38.0,"gold_loss":0.0,"damage_taken":10.0}],"is_beta":false,"boss_relics":[{"not_picked":["Fusion Hammer","Black Blood"],"picked":"Pandora\u0027s Box"},{"not_picked":["Calling Bell","Tiny House"],"picked":"Snecko Eye"}],"items_purged_floors":[39,42,53],"is_endless":false,"potions_floor_spawned":[3,6,10,13,16,24,28,31,41,46,47,48,54],"ascension_level":19}}