{"host":"ok3pmhc1fiz31noj","time":1607793450,"event":{"mods":["AchievementEnabler","BaseMod","Colored Map","Minty Spire (QoL Compilation)","Quick Restart","Replay The Spire","StSLib"],"gold_per_floor":[118,193,193,204,154,154,164,164,189,114,114,14,38,62,62,166,166,194,208,226,245,262,262,264,264],"floor_reached":24,"playtime":672,"items_purged":["Defend_G","Defend_G"],"score":215,"play_id":"06b03a93-4743-4601-9b6f-82379a2cd8fc","local_time":"20201213011730","is_ascension_mode":false,"campfire_choices":[{"data":"Survivor","floor":6,"key":"SMITH"},{"data":"Deadly Poison","floor":11,"key":"SMITH"},{"data":"Corpse Explosion","floor":15,"key":"SMITH"},{"floor":23,"key":"REST"}],"circlet_count":0,"master_deck":["Survivor+1","Neutralize","Deadly Poison+1","Corpse Explosion+1","Burst","ReplayTheSpireMod:Scrap Shanks","Caltrops","Bouncing Flask","Replay:Bag of Tricks","ReplayTheSpireMod:Shiv Toss","Expertise","Deadly Poison"],"relics":["Ring of the Snake","NeowsBlessing","Replay:Bandana","Pandora\u0027s Box"],"acts_visited":["Exordium","TheCity"],"potions_floor_usage":[14,16,21,22],"damage_taken":[{"damage":0,"enemies":"2 Louse","floor":1,"turns":1},{"damage":0,"enemies":"Jaw Worm","floor":4,"turns":1},{"damage":0,"enemies":"Small Slimes","floor":7,"turns":1},{"damage":0,"enemies":"Looter","floor":13,"turns":3},{"damage":9,"enemies":"Gremlin Gang","floor":14,"turns":5},{"damage":36,"enemies":"Hexaghost","floor":16,"turns":8},{"damage":0,"enemies":"Chosen","floor":18,"turns":4},{"damage":10,"enemies":"Spheric Guardian","floor":19,"turns":3},{"damage":11,"enemies":"Chosen and Byrds","floor":20,"turns":4},{"damage":6,"enemies":"Cultist and Chosen","floor":21,"turns":2},{"damage":18,"enemies":"3 Cultists","floor":22,"turns":3},{"damage":47,"enemies":"Slavers","floor":24,"turns":2}],"seed_played":"-7828870640679723324","potions_obtained":[{"floor":4,"key":"Fire Potion"},{"floor":7,"key":"BlessingOfTheForge"},{"floor":13,"key":"SteroidPotion"},{"floor":14,"key":"PowerPotion"},{"floor":19,"key":"Fire Potion"}],"is_trial":false,"path_per_floor":["M","?","?","M","?","R","M","?","T","$","R","$","M","M","R","B",null,"M","M","M","M","M","R","E"],"character_chosen":"THE_SILENT","items_purchased":[],"campfire_rested":1,"item_purchase_floors":[],"current_hp_per_floor":[70,59,59,59,59,59,59,59,59,59,59,59,59,50,50,14,70,70,60,49,43,25,46,0,0],"gold":264,"neow_bonus":"THREE_ENEMY_KILL","is_daily":false,"chose_seed":false,"campfire_upgraded":3,"win_rate":0.0,"timestamp":1607793450,"path_taken":["M","?","?","M","?","R","M","?","T","?","R","$","M","?","R","BOSS","M","?","M","M","M","R","E"],"items_purchased_type":[],"build_version":"2020-11-30","purchased_purges":2,"victory":false,"max_hp_per_floor":[70,70,70,70,70,70,70,70,70,70,70,70,70,70,70,70,70,70,70,70,70,70,70,70,70],"card_choices":[{"not_picked":["Flying Knee","Sucker Punch","Reflex"],"picked":"SKIP","floor":1},{"not_picked":["Dagger Spray","Slice","ReplayTheSpireMod:The Works"],"picked":"SKIP","floor":4},{"not_picked":["Heel Hook","Expertise"],"picked":"Deadly Poison","floor":7},{"not_picked":["Blade Dance","Concentrate","Hidden Blade"],"picked":"SKIP","floor":13},{"not_picked":["Deflect","Backstab"],"picked":"Corpse Explosion","floor":14},{"not_picked":["A Thousand Cuts","Venomology"],"picked":"Burst","floor":16},{"not_picked":["Toxin Wave","Underhanded Strike","Sneak Up"],"picked":"SKIP","floor":18},{"not_picked":["Bane","Cloak And Dagger","Dodge and Roll"],"picked":"SKIP","floor":19},{"not_picked":["Toxin Wave","Backstab","Endless Agony"],"picked":"SKIP","floor":20},{"not_picked":["Replay:Poison Smokescreen","PiercingWail"],"picked":"Deadly Poison","floor":21},{"not_picked":["Slice","Fluid Movement","Cloak And Dagger+1"],"picked":"SKIP","floor":22}],"player_experience":179852,"relics_obtained":[{"floor":9,"key":"Replay:Bandana"}],"event_choices":[{"damage_healed":0,"gold_gain":75,"player_choice":"Gather Gold","damage_taken":11,"max_hp_gain":0,"max_hp_loss":0,"event_name":"World of Goop","floor":2,"gold_loss":0},{"damage_healed":0,"gold_gain":0,"player_choice":"Ignored","damage_taken":0,"max_hp_gain":0,"max_hp_loss":0,"event_name":"Shining Light","floor":3,"gold_loss":0},{"cards_removed":["Strike_G"],"damage_healed":0,"gold_gain":0,"player_choice":"Card Removal","damage_taken":0,"max_hp_gain":0,"max_hp_loss":0,"event_name":"The Cleric","floor":5,"gold_loss":50}],"is_beta":false,"boss_relics":[{"not_picked":["Replay:Wanted Poster","Philosopher\u0027s Stone"],"picked":"Pandora\u0027s Box"}],"items_purged_floors":[10,12],"is_endless":false,"potions_floor_spawned":[4,7,13,14,19],"killed_by":"Slavers","ascension_level":0}}