{"host":"ev90652pwodlruol","time":1607764687,"event":{"mods":["AchievementEnabler","Act Like it!","Aspiration","BaseMod","Bestiary","BetterRewards","Conspire","Gensokyo","Hubris","Koishi","Luminous","Marisa£®ÏF”Í°°ƒß¿Ì…≥£©","Minty Spire (QoL Compilation)","Replay The Spire","StSLib","SuperFastMode","vexMod"],"gold_per_floor":[115,130,141,156,174,208,208,228,282,316,7,7,7,19,19,115,115,135,11,29,39,51,51,80,80,80,8,19,19,44,61,61,159,159,172,172,178,188,198,220,220,250,273,286,286,301,87,112,112,112,112,112,19,39,29],"floor_reached":56,"playtime":3660,"items_purged":["Koishi:BasicStrike","Koishi:BasicStrike","Koishi:BasicDefend","Koishi:BasicDefend","Koishi:BasicDefend","Koishi:BasicDefend","Koishi:BasicStrike","Koishi:BasicStrike","Parasite","Koishi:Jaunt"],"score":1528,"play_id":"45d52a08-19b0-4b2b-a81b-758bd90d32b1","local_time":"20201212171807","is_ascension_mode":true,"campfire_choices":[{"floor":7.0,"key":"REST"},{"data":"Koishi:PhantomStrike","floor":15,"key":"SMITH"},{"data":"Koishi:RacingHeart","floor":23,"key":"SMITH"},{"data":"Koishi:HauntingSlash","floor":25,"key":"SMITH"},{"data":"Koishi:UnconsciousUprising","floor":32,"key":"SMITH"},{"data":"Koishi:VengefulSpirit","floor":41,"key":"SMITH"},{"floor":45,"key":"RECALL"},{"data":"Koishi:BramblyRoseGarden","floor":49,"key":"SMITH"},{"data":"Koishi:RollingInRichesHeart","floor":52,"key":"SMITH"}],"circlet_count":0,"master_deck":["Koishi:Provoke","Koishi:HauntingSlash+1","Koishi:SpiritedAway","Koishi:UnconsciousUprising+1","Koishi:FleetingPhantom","Koishi:SuperEgo","Koishi:RacingHeart+1","Koishi:GrowingPain+1","Koishi:PhantomStrike+1","Koishi:ImGoingToCallYouNow+1","Koishi:RacingHeart","Koishi:FidgetySnatcher+1","Koishi:RacingHeart+1","Koishi:VengefulSpirit+1","Koishi:Ego","Koishi:RollingInRichesHeart+1","Koishi:UnconsciousUprising+1","Koishi:PhantomBarrier+1","Koishi:UnconsciousUprising+1","Koishi:BloodcurdlingScream+1","Koishi:ReleaseOfTheId+1","Koishi:BramblyRoseGarden+1","Koishi:Jaunt+1"],"relics":["Koishi:ImaginaryFriend","Bird Faced Urn","hubris:GlazedTorus","vexMod:Spyglass","Iron Hammer","Centennial Puzzle","Bag of Preparation","Shuriken","Membership Card","Mercury Hourglass","Gensokyo:Justice","hubris:RunicObelisk","Guide Book","Replay:Bottled Flurry","Potion Belt","Koishi:TeethAndClaws","Philosopher\u0027s Stone","hubris:ToyBattleship","Boot","Koishi:BloodstainedWhiteRose","Oddly Smooth Stone","ReplayTheSpireMod:TigerMarble","Toy Ornithopter","vexMod:BarristanHead"],"acts_visited":["Gensokyo:Gensokyo","TheCity","TheBeyond","TheEnding"],"potions_floor_usage":[10,16,16,24,37,40,50,50,55,55,55],"damage_taken":[{"damage":1.0,"enemies":"Gensokyo:2_Kodama","floor":1.0,"turns":4.0},{"damage":0.0,"enemies":"Gensokyo:Gryphon","floor":2.0,"turns":4.0},{"damage":4.0,"enemies":"Gensokyo:Python","floor":3.0,"turns":4.0},{"damage":7.0,"enemies":"Gensokyo:VengefulSpirit","floor":4.0,"turns":5.0},{"damage":0.0,"enemies":"Gensokyo:LivingMonolith","floor":5.0,"turns":3.0},{"damage":5.0,"enemies":"Gensokyo:Mamizou","floor":6.0,"turns":6.0},{"damage":6.0,"enemies":"Gensokyo:Python_and_Kodama","floor":8.0,"turns":6.0},{"damage":8,"enemies":"Gensokyo:Aya","floor":10,"turns":6},{"damage":0,"enemies":"Gensokyo:5_Fairies","floor":14,"turns":3},{"damage":30,"enemies":"Gensokyo:Yukari","floor":16,"turns":10},{"damage":10,"enemies":"Shell Parasite","floor":18,"turns":5},{"damage":6,"enemies":"2 Thieves","floor":20,"turns":3},{"damage":8,"enemies":"Snake Plant","floor":21,"turns":3},{"damage":13,"enemies":"Centurion and Healer","floor":22,"turns":4},{"damage":37,"enemies":"Slavers","floor":24,"turns":5},{"damage":30,"enemies":"Shelled Parasite and Fungi","floor":28,"turns":4},{"damage":13,"enemies":"conspire:SneckoGhost","floor":30,"turns":4},{"damage":4,"enemies":"3 Cultists","floor":31,"turns":4},{"damage":17,"enemies":"conspire:MysteriousRune","floor":33,"turns":8},{"damage":1,"enemies":"3 Shapes","floor":35,"turns":4},{"damage":7,"enemies":"3 Darklings","floor":37,"turns":3},{"damage":8,"enemies":"Jaw Worm Horde","floor":38,"turns":3},{"damage":0,"enemies":"Writhing Mass","floor":39,"turns":4},{"damage":49,"enemies":"Reptomancer","floor":40,"turns":5},{"damage":3,"enemies":"R_Hoarder","floor":42,"turns":7},{"damage":11,"enemies":"3 Darklings","floor":44,"turns":4},{"damage":12,"enemies":"4 Shapes","floor":46,"turns":3},{"damage":40,"enemies":"Reptomancer","floor":48,"turns":6},{"damage":17,"enemies":"hubris:GrandSnecko","floor":50,"turns":9},{"damage":5,"enemies":"Shield and Spear","floor":54,"turns":6},{"damage":74,"enemies":"The Heart","floor":55,"turns":8}],"seed_played":"3499510443202818182","potions_obtained":[{"floor":4.0,"key":"Block Potion"},{"floor":5.0,"key":"SpeedPotion"},{"floor":8.0,"key":"Block Potion"},{"floor":14,"key":"Fruit Juice"},{"floor":16,"key":"Energy Potion"},{"floor":20,"key":"Reflective Coating"},{"floor":21,"key":"Strength Potion"},{"floor":37,"key":"LiquidMemories"},{"floor":38,"key":"Energy Potion"},{"floor":40,"key":"PowerPotion"},{"floor":48,"key":"PowerPotion"},{"floor":54,"key":"FearPotion"}],"is_trial":false,"path_per_floor":["M","M","M","M","M","E","R","M","T","E","$","?","$","M","R","B",null,"M","$","M","M","M","R","E","R","T","$","M","$","E","M","R","B",null,"M","$","M","M","M","E","R","E","T","M","R","M","$","E","R","B",null,"R","$","E","B",null],"character_chosen":"KOISHI","items_purchased":["Bird Faced Urn","hubris:GlazedTorus","vexMod:Spyglass","Iron Hammer","FairyPotion","Membership Card","Mercury Hourglass","Guide Book","Potion Belt","Oddly Smooth Stone","ReplayTheSpireMod:TigerMarble","Elixir"],"campfire_rested":1,"item_purchase_floors":[0,0,0,0,0,11,11,19,27,47,47,53],"current_hp_per_floor":[29,31,28,22,23,22,40,40,40,44,44,44,44,44,44,28,65,65,65,64,65,65,65,46,46,46,46,60,60,65,65,65,65,65,65,5,31,56,65,60,60,65,65,65,65,63,62,44,44,62,62,62,62,62,57],"gold":29,"neow_bonus":"","is_daily":false,"chose_seed":false,"campfire_upgraded":7,"win_rate":0.0,"timestamp":1607764687,"path_taken":["M","?","M","?","M","E","R","?","T","E","$","?","?","?","R","BOSS","M","?","?","M","M","R","E","R","T","$","M","$","E","M","R","BOSS","M","?","M","M","M","E","R","E","T","M","R","M","$","E","R","BOSS","R","$","E","BOSS"],"items_purchased_type":["Relic","Relic","Relic","Relic","Potion","Relic","Relic","Relic","Relic","Relic","Relic","Potion"],"build_version":"2020-11-30","purchased_purges":10,"victory":true,"max_hp_per_floor":[60,60,60,60,60,60,60,60,60,60,60,60,60,60,60,65,65,65,65,65,65,65,65,65,65,65,65,65,65,65,65,65,65,65,65,65,65,65,65,65,65,65,65,65,65,65,62,62,62,62,62,62,62,62,62],"card_choices":[{"not_picked":["Koishi:PredatoryInstincts","Koishi:BloodcurdlingScream"],"picked":"Koishi:SpiritedAway","floor":1.0},{"not_picked":["Koishi:CatchAndRose","Koishi:UnseenTerror"],"picked":"Koishi:UnconsciousUprising","floor":2.0},{"not_picked":["Koishi:Prune","Koishi:UnansweredLove"],"picked":"Koishi:FleetingPhantom","floor":3.0},{"not_picked":["Koishi:Whimsy","Koishi:DreadfulBlow"],"picked":"Koishi:DanmakuParanoia","floor":4.0},{"not_picked":["Koishi:PredatoryInstincts","Koishi:ReflexRadar"],"picked":"Koishi:SuperEgo","floor":5.0},{"not_picked":["Koishi:Jaunt","Koishi:JumpScare"],"picked":"Koishi:RacingHeart","floor":6.0},{"not_picked":["Koishi:SpiritedAway","Koishi:UnansweredLove"],"picked":"Koishi:Jaunt","floor":8.0},{"not_picked":["Koishi:Vanish","Koishi:TraumaticStroke"],"picked":"Koishi:GrowingPain","floor":10},{"not_picked":["Koishi:PhantomBarrier","Koishi:PhilosophyOfTheDespised"],"picked":"Koishi:PhantomStrike","floor":14},{"not_picked":["Koishi:MindStellarRelief","Koishi:RoseHell"],"picked":"Koishi:ImGoingToCallYouNow","floor":16},{"not_picked":["Koishi:ReflexRadar","Koishi:FleetingPhantom","Koishi:Prune+1"],"picked":"SKIP","floor":18},{"not_picked":["Koishi:RorschachInDanmaku","Koishi:Bloodlust+1"],"picked":"Koishi:RacingHeart","floor":20},{"not_picked":["Koishi:SubterraneanRose","Koishi:JumpScare"],"picked":"Koishi:FidgetySnatcher+1","floor":21},{"not_picked":["Koishi:FourthEye","Koishi:JumpScare","Koishi:StrangeCloudFist"],"picked":"SKIP","floor":22},{"not_picked":["Koishi:Prune+1","Koishi:UnconsciousUprising"],"picked":"Koishi:RacingHeart+1","floor":24},{"not_picked":["Koishi:SprinkleStarAndHeart","Koishi:Prune"],"picked":"Koishi:VengefulSpirit","floor":28},{"not_picked":["Koishi:VengefulSpirit+1","Koishi:UnconsciousUprising+1"],"picked":"Koishi:Ego","floor":30},{"not_picked":["Koishi:ParalyzingFear","Koishi:StrangeCloudFist+1","Koishi:UnconsciousUprising"],"picked":"SKIP","floor":31},{"not_picked":["Koishi:MentalBreakdown","Koishi:FormlessExistence"],"picked":"Koishi:RollingInRichesHeart","floor":33},{"not_picked":["Koishi:SpiritedAway","Koishi:PhantomStrike"],"picked":"Koishi:UnconsciousUprising+1","floor":35},{"not_picked":["Koishi:Prune","Koishi:ParalyzingFear"],"picked":"Koishi:PhantomBarrier+1","floor":37},{"not_picked":["Koishi:StrangeCloudFist","Koishi:PhantomStrike","Koishi:ReflexRadar+1"],"picked":"SKIP","floor":38},{"not_picked":["Koishi:RacingHeart+1","Koishi:ApparitionsStalkTheNight"],"picked":"Koishi:UnconsciousUprising+1","floor":39},{"not_picked":["Koishi:SpiritedAway+1","Koishi:SprinkleStarAndHeart+1"],"picked":"Koishi:BloodcurdlingScream+1","floor":40},{"not_picked":["Koishi:FidgetySnatcher","Koishi:MentalBreakdown"],"picked":"Koishi:ReleaseOfTheId+1","floor":42},{"not_picked":["Koishi:Vanish","Koishi:PhantomBarrier"],"picked":"Koishi:BramblyRoseGarden","floor":44},{"not_picked":["Koishi:SpiritedAway","Koishi:CatchAndRose","Koishi:FourthEye+1"],"picked":"SKIP","floor":46},{"not_picked":["Koishi:EmbersOfLove","Koishi:UnansweredLove"],"picked":"Koishi:Jaunt+1","floor":48},{"not_picked":["Koishi:Bloodlust+1","Koishi:DreadfulBlow","Koishi:EmbryosDream"],"picked":"SKIP","floor":54}],"player_experience":243300,"relics_obtained":[{"floor":6.0,"key":"Centennial Puzzle"},{"floor":9.0,"key":"Bag of Preparation"},{"floor":10,"key":"Shuriken"},{"floor":24,"key":"Replay:Bottled Flurry"},{"floor":30,"key":"Koishi:TeethAndClaws"},{"floor":40,"key":"hubris:ToyBattleship"},{"floor":42,"key":"Boot"},{"floor":43,"key":"Koishi:BloodstainedWhiteRose"},{"floor":48,"key":"Toy Ornithopter"},{"floor":54,"key":"vexMod:BarristanHead"}],"event_choices":[],"is_beta":false,"boss_relics":[{"not_picked":["Replay:Bronze Core","Abe\u0027s Treasure"],"picked":"hubris:RunicObelisk"},{"not_picked":["hubris:CrackedHourglass","vexMod:TanglingVine"],"picked":"Philosopher\u0027s Stone"}],"items_purged_floors":[11,19,36,36,36,36,36,36,47,53],"is_endless":false,"potions_floor_spawned":[4,5,8,14,16,20,21,22,37,38,40,48,54],"ascension_level":1}}