{"host":"qwz3y0t0usr5zywl","time":1607798826,"event":{"mods":["BaseMod","Colored Map","Colored Powertips","Hermit","Marisa????????","Minty Spire (QoL Compilation)","Rare Cards Sparkle","Replay The Spire","StSLib","The Animator","The Cursed"],"gold_per_floor":[118,140,140,166,176,176,176,176],"floor_reached":7,"playtime":528,"items_purged":[],"score":43,"play_id":"44e600e9-9742-4539-bdcf-e829ad6613c4","local_time":"20201212134706","is_ascension_mode":false,"campfire_choices":[{"data":"animator:Vanir","floor":6.0,"key":"SMITH"}],"circlet_count":0,"master_deck":["animator:Strike_Konosuba","animator:Defend_Konosuba","animator:Strike","animator:Strike","animator:Strike","animator:Defend","animator:Defend","animator:Defend","animator:Kazuma","animator:Aqua","animator:Aqua","animator:Souei","animator:Vanir+1","animator:Mitsurugi"],"relics":["animator:LivingPicture","animator:TheMissingPiece","NeowsBlessing"],"acts_visited":["Exordium"],"potions_floor_usage":[],"damage_taken":[{"damage":0.0,"enemies":"2 Louse","floor":1.0,"turns":1.0},{"damage":0.0,"enemies":"Small Slimes","floor":2.0,"turns":1.0},{"damage":0.0,"enemies":"Cultist","floor":4.0,"turns":1.0},{"damage":1.0,"enemies":"Exordium Wildlife","floor":5.0,"turns":4.0},{"damage":6,"enemies":"3 Sentries","floor":7,"turns":3}],"seed_played":"-426227415153424596","potions_obtained":[{"floor":1.0,"key":"ColorlessPotion"},{"floor":5.0,"key":"Dexterity Potion"}],"is_trial":false,"path_per_floor":["M","M","?","M","M","R","E"],"character_chosen":"THE_ANIMATOR","items_purchased":[],"campfire_rested":0,"item_purchase_floors":[],"current_hp_per_floor":[66,66,71,71,72,72,66,66],"gold":176,"neow_bonus":"THREE_ENEMY_KILL","is_daily":false,"chose_seed":false,"campfire_upgraded":1,"win_rate":0.0,"timestamp":1607798826,"path_taken":["M","M","?","M","M","R","E"],"items_purchased_type":[],"build_version":"2020-11-30","purchased_purges":0,"victory":false,"max_hp_per_floor":[66,66,71,71,72,72,72,72],"card_choices":[{"not_picked":["animator:YaoHaDucy","animator:Geryuganshoop"],"picked":"animator:Aqua","floor":1.0},{"not_picked":["animator:ElricAlphonse","animator:LizardPriest"],"picked":"animator:Souei","floor":2.0},{"not_picked":["animator:Sloth","animator:Shuna"],"picked":"animator:Vanir","floor":4.0},{"not_picked":["animator:YunYun","animator:Kazuma"],"picked":"animator:Mitsurugi","floor":5.0}],"player_experience":116385,"relics_obtained":[],"event_choices":[{"damage_healed":0.0,"max_hp_gain":5.0,"max_hp_loss":0.0,"gold_gain":0.0,"event_name":"Big Fish","player_choice":"Donut","floor":3.0,"gold_loss":0.0,"damage_taken":0.0}],"is_beta":false,"boss_relics":[],"items_purged_floors":[],"is_endless":false,"potions_floor_spawned":[1,5],"killed_by":"3 Sentries","ascension_level":0}}