{"host":"y9jgkjnf95sujozk","time":1607737969,"event":{"mods":["2.2 Compatiblity","AchievementEnabler","BaseMod","Block Reminder","Colored Map","Colored Powertips","Downfall","Friendly Minions","GifTheSpireLib","Hermit","Highlight Path","MarisaÅiñ∂âJÅ@ñÇóùçπÅj","Minty Spire (QoL Compilation)","Random Character Button","Rare Cards Sparkle","Replay The Spire","StSLib","SuperFastMode","The Animator","The Bug Knight","The Cursed","The Servant 0.9.4"],"gold_per_floor":[214,224,234,252,58,58,90,90,90,90,165,165,175,175,175,280,280,299,349,361,361,361],"floor_reached":21,"playtime":673,"items_purged":[],"score":214,"play_id":"0463236b-a18b-4abe-9efa-87bb7b3ffdd9","local_time":"20201212025249","is_ascension_mode":true,"campfire_choices":[{"floor":6,"key":"REST"},{"data":"TheCursedMod:AntiAging","floor":8,"key":"SMITH"},{"data":"TheCursedMod:HellfireBreathing","floor":10,"key":"SMITH"},{"floor":15,"key":"REST"}],"circlet_count":0,"master_deck":["TheCursedMod:Strike_TheCursed","TheCursedMod:Strike_TheCursed+1","TheCursedMod:Strike_TheCursed","TheCursedMod:Strike_TheCursed","TheCursedMod:Defend_TheCursed","TheCursedMod:Defend_TheCursed","TheCursedMod:Defend_TheCursed","TheCursedMod:Defend_TheCursed","TheCursedMod:CursedWand","TheCursedMod:CleanUpWorkshop","TheCursedMod:Dregs","TheCursedMod:CursedMace+1","TheCursedMod:CursedBoomerang","TheCursedMod:SpitefulStrike","TheCursedMod:CursedSpellbook","TheCursedMod:CursedMace","TheCursedMod:CursedShiv","TheCursedMod:WearCloak","TheCursedMod:HellfireBreathing+1","TheCursedMod:AntiAging+1","TheCursedMod:DarkBarrier","TheCursedMod:CollectTribute","TheCursedMod:SpitefulPlan","TheCursedMod:SoulCrush"],"relics":["TheCursedMod:BlackMagic101","Pen Nib","Matryoshka","ReplayTheSpireMod:Ring of Addiction","ReplayTheSpireMod:Ring of Collecting","Toy Ornithopter","Chameleon Ring","Coffee Dripper"],"acts_visited":["Exordium","TheCity"],"potions_floor_usage":[4,7,16,16,16,21],"damage_taken":[{"damage":0,"enemies":"Cultist","floor":1,"turns":5},{"damage":1,"enemies":"Jaw Worm","floor":2,"turns":5},{"damage":0,"enemies":"2 Louse","floor":3,"turns":2},{"damage":0,"enemies":"2 Fungi Beasts","floor":4,"turns":3},{"damage":0,"enemies":"Gremlin Nob","floor":7,"turns":3},{"damage":4,"enemies":"Large Slime","floor":13,"turns":5},{"damage":35,"enemies":"Hexaghost","floor":16,"turns":5},{"damage":9,"enemies":"3 Byrds","floor":18,"turns":4},{"damage":17,"enemies":"Spheric Guardian","floor":20,"turns":4},{"damage":79,"enemies":"Shelled Parasite and Fungi","floor":21,"turns":6}],"seed_played":"4205837156990745031","potions_obtained":[{"floor":3,"key":"ColorlessPotion"},{"floor":4,"key":"Fruit Juice"},{"floor":12,"key":"Guardian:BlockOnCardUsePotion"},{"floor":12,"key":"Strength Potion"},{"floor":12,"key":"CultistPotion"},{"floor":18,"key":"Regen Potion"}],"is_trial":false,"path_per_floor":["M","M","M","M","$","R","E","R","T","R","?","?","M","?","R","B",null,"M","?","M","M"],"character_chosen":"THE_CURSED","items_purchased":["TheCursedMod:CursedMace","TheCursedMod:CursedShiv","TheCursedMod:WearCloak","TheCursedMod:HellfireBreathing"],"campfire_rested":2,"item_purchase_floors":[5,5,5,5],"current_hp_per_floor":[75,74,74,79,79,80,80,80,80,80,69,69,68,51,75,46,81,75,75,61,0,0],"gold":361,"neow_bonus":"HUNDRED_GOLD","is_daily":false,"chose_seed":false,"campfire_upgraded":2,"win_rate":0.0,"timestamp":1607737969,"path_taken":["M","M","M","?","$","R","E","R","T","R","?","?","M","?","R","BOSS","M","?","M","?"],"items_purchased_type":["Card","Card","Card","Card"],"build_version":"2020-11-30","purchased_purges":0,"victory":false,"max_hp_per_floor":[75,75,75,80,80,80,80,80,80,80,80,80,83,83,83,81,81,84,84,85,88,88],"card_choices":[{"not_picked":["TheCursedMod:FuryStrike","TheCursedMod:Stretching"],"picked":"TheCursedMod:CursedMace","floor":1},{"not_picked":["TheCursedMod:CircleOfFlame","TheCursedMod:CursedShiv"],"picked":"TheCursedMod:CursedBoomerang","floor":2},{"not_picked":["TheCursedMod:Neurasthenia","TheCursedMod:CursedArmor"],"picked":"TheCursedMod:SpitefulStrike","floor":3},{"not_picked":["TheCursedMod:CircleOfFlame","TheCursedMod:SmokeScreen"],"picked":"TheCursedMod:CursedSpellbook","floor":4},{"not_picked":["TheCursedMod:Neurasthenia","TheCursedMod:FleshFromBone"],"picked":"TheCursedMod:AntiAging","floor":7},{"not_picked":["TheCursedMod:CursedShiv","TheCursedMod:HellsGateOpen"],"picked":"TheCursedMod:DarkBarrier","floor":13},{"not_picked":["TheCursedMod:ForbiddenAlchemy","TheCursedMod:CircleOfAbyss"],"picked":"TheCursedMod:CollectTribute","floor":16},{"not_picked":["TheCursedMod:CircleOfCorruption","TheCursedMod:ReleasedKnowledge"],"picked":"TheCursedMod:SpitefulPlan","floor":18},{"not_picked":["TheCursedMod:SpitefulPlan","TheCursedMod:BloodBarrier"],"picked":"TheCursedMod:SoulCrush","floor":20}],"player_experience":87644,"relics_obtained":[{"floor":7,"key":"Pen Nib"},{"floor":9,"key":"Matryoshka"},{"floor":12,"key":"ReplayTheSpireMod:Ring of Addiction"},{"floor":12,"key":"ReplayTheSpireMod:Ring of Collecting"},{"floor":12,"key":"Toy Ornithopter"},{"floor":12,"key":"Chameleon Ring"}],"event_choices":[{"damage_healed":0,"gold_gain":75,"player_choice":"Gather Gold","damage_taken":11,"max_hp_gain":0,"max_hp_loss":0,"event_name":"World of Goop","floor":11,"gold_loss":0},{"damage_healed":0,"gold_gain":0,"player_choice":"Entered Light","damage_taken":17,"max_hp_gain":0,"max_hp_loss":0,"event_name":"Shining Light","floor":14,"gold_loss":0,"cards_upgraded":["TheCursedMod:CursedMace","TheCursedMod:Strike_TheCursed"]},{"damage_healed":0,"gold_gain":100,"player_choice":"Bet on Murderer","damage_taken":0,"max_hp_gain":0,"max_hp_loss":0,"event_name":"The Joust","floor":19,"gold_loss":50}],"is_beta":false,"boss_relics":[{"not_picked":["Kintsugi","Replay:Bronze Core"],"picked":"Coffee Dripper"}],"items_purged_floors":[],"is_endless":false,"potions_floor_spawned":[3,4,18],"killed_by":"Shelled Parasite and Fungi","ascension_level":1}}