{"host":"thn8o1tmql8xszd5","time":1607791772,"event":{"mods":["AchievementEnabler","BaseMod","Block Reminder","Colored Map","Highlight Path","Minty Spire (QoL Compilation)","Permanent Neow","Quick Restart","Relic Stats","Robot Space Explorer","StSLib"],"gold_per_floor":[113,113,38,51,51,51,66,66,66,80,106,106,117,2,2,103,103,121,121,44,62,80,115,115,134,134,150,150,75,75,110,110,206,206,224,224,80,90,110,110,143,156,156,156,186,210,225,251,251,251],"floor_reached":51,"playtime":3573,"items_purged":["RobotSpaceExplorer:Strike"],"score":888,"play_id":"71bcb061-2d4f-4922-b0b9-f8b30d805610","local_time":"20201212114932","is_ascension_mode":true,"campfire_choices":[{"data":"RobotSpaceExplorer:DoubleFind","floor":6.0,"key":"SMITH"},{"data":"RobotSpaceExplorer:RigExplosive","floor":12.0,"key":"SMITH"},{"data":"RobotSpaceExplorer:ToxicBomb","floor":15.0,"key":"SMITH"},{"floor":24.0,"key":"REST"},{"floor":32.0,"key":"REST"},{"floor":40,"key":"REST"},{"floor":44,"key":"REST"},{"floor":49,"key":"REST"}],"circlet_count":0,"master_deck":["RobotSpaceExplorer:Strike+1","RobotSpaceExplorer:Strike","RobotSpaceExplorer:Defend","RobotSpaceExplorer:Defend+1","RobotSpaceExplorer:Defend+1","RobotSpaceExplorer:Defend+1","RobotSpaceExplorer:Scan","RobotSpaceExplorer:MiniLasers","RobotSpaceExplorer:Electropulse","RobotSpaceExplorer:RigExplosive+1","RobotSpaceExplorer:DoubleFind+1","RobotSpaceExplorer:ShockKick+1","RobotSpaceExplorer:Discharger","RobotSpaceExplorer:ToxicBomb+1","RobotSpaceExplorer:FreezeRay","RobotSpaceExplorer:Electropulse+1","RobotSpaceExplorer:Electroshield","RobotSpaceExplorer:ShockKick+1","RobotSpaceExplorer:PowerCollector+1","RobotSpaceExplorer:ShockKick+1","RobotSpaceExplorer:SlimeMissile+1","RobotSpaceExplorer:StunGrenade+1"],"relics":["RobotSpaceExplorer:RoboCore","Bag of Marbles","Incense Burner","Bag of Preparation","Fusion Hammer","Blue Candle","Bottled Tornado","Mercury Hourglass","Enchiridion","War Paint","Tiny Chest","Busted Crown","ClockworkSouvenir","StoneCalendar","Pear","StrikeDummy","Nunchaku","Whetstone"],"acts_visited":["Exordium","TheCity","TheBeyond"],"potions_floor_usage":[39,41,42,45,47,48,50,50,50],"damage_taken":[{"damage":0.0,"enemies":"2 Louse","floor":1.0,"turns":1.0},{"damage":8.0,"enemies":"Cultist","floor":4.0,"turns":4.0},{"damage":3.0,"enemies":"Small Slimes","floor":7.0,"turns":3.0},{"damage":4.0,"enemies":"Exordium Wildlife","floor":10.0,"turns":2.0},{"damage":1.0,"enemies":"3 Sentries","floor":11.0,"turns":3.0},{"damage":0.0,"enemies":"Exordium Thugs","floor":13.0,"turns":1.0},{"damage":11.0,"enemies":"Slime Boss","floor":16.0,"turns":6.0},{"damage":15.0,"enemies":"3 Byrds","floor":18.0,"turns":5.0},{"damage":4.0,"enemies":"2 Thieves","floor":21.0,"turns":2.0},{"damage":2.0,"enemies":"Sentry and Sphere","floor":22.0,"turns":3.0},{"damage":27.0,"enemies":"Book of Stabbing","floor":23.0,"turns":5.0},{"damage":0.0,"enemies":"Snecko","floor":25.0,"turns":3.0},{"damage":5.0,"enemies":"Shelled Parasite and Fungi","floor":27.0,"turns":3.0},{"damage":0.0,"enemies":"Gremlin Leader","floor":31.0,"turns":2.0},{"damage":7.0,"enemies":"Automaton","floor":33.0,"turns":6.0},{"damage":4.0,"enemies":"3 Shapes","floor":35.0,"turns":1.0},{"damage":4,"enemies":"Orb Walker","floor":38,"turns":2},{"damage":3,"enemies":"Sphere and 2 Shapes","floor":39,"turns":2},{"damage":5,"enemies":"Nemesis","floor":41,"turns":5},{"damage":2,"enemies":"Jaw Worm Horde","floor":42,"turns":2},{"damage":4,"enemies":"Reptomancer","floor":45,"turns":3},{"damage":1,"enemies":"Transient","floor":47,"turns":5},{"damage":9,"enemies":"Nemesis","floor":48,"turns":5},{"damage":47,"enemies":"Awakened One","floor":50,"turns":7}],"seed_played":"-189585275428249134","potions_obtained":[{"floor":4.0,"key":"BlessingOfTheForge"},{"floor":10.0,"key":"RobotSpaceExplorer:RecyclePotion"},{"floor":11.0,"key":"SpeedPotion"},{"floor":16.0,"key":"PowerPotion"},{"floor":19.0,"key":"Fire Potion"},{"floor":19.0,"key":"RobotSpaceExplorer:LiquidFusion"},{"floor":21.0,"key":"Block Potion"},{"floor":22.0,"key":"Fire Potion"},{"floor":27.0,"key":"SkillPotion"},{"floor":33.0,"key":"Dexterity Potion"}],"is_trial":false,"path_per_floor":["M","?","$","M","?","R","M","?","T","M","E","R","M","$","R","B",null,"M","?","$","M","M","E","R","M","T","M","?","?","T","E","R","B",null,"M","?","$","M","M","R","E","M","T","R","E","T","M","E","R","B",null],"character_chosen":"RobotSpaceExplorer","items_purchased":["RobotSpaceExplorer:ToxicBomb","RobotSpaceExplorer:FreezeRay","RobotSpaceExplorer:Electroshield","ClockworkSouvenir"],"campfire_rested":5,"item_purchase_floors":[14,14,20,37],"current_hp_per_floor":[75,75,75,67,52,52,49,54,54,50,49,49,49,49,49,38,80,65,65,65,61,59,32,56,56,56,51,35,35,35,35,59,52,80,76,76,76,72,69,80,75,73,83,90,86,86,85,76,90,43],"gold":251,"neow_bonus":"THREE_CARDS","is_daily":false,"chose_seed":false,"campfire_upgraded":3,"win_rate":0.0,"timestamp":1607791772,"path_taken":["M","?","?","M","?","R","M","?","T","M","E","R","M","$","R","BOSS","M","?","?","M","M","E","R","M","T","M","?","?","?","E","R","BOSS","M","?","?","M","M","R","E","?","T","R","E","?","?","E","R","BOSS"],"items_purchased_type":["Card","Card","Card","Relic"],"build_version":"2020-11-30","purchased_purges":1,"victory":true,"max_hp_per_floor":[75,75,75,75,75,75,75,80,80,80,80,80,80,80,80,80,80,80,80,80,80,80,80,80,80,80,80,80,80,80,80,80,80,80,80,80,80,80,80,80,80,80,90,90,90,90,90,90,90,90],"relic_stats":{"Nunchaku":[4],"Busted Crown":18,"counters":[24,80],"Blue Candle":[0],"Tiny Chest":1,"StoneCalendar":[52],"Bag of Preparation":[38],"Whetstone":["RobotSpaceExplorer:ShockKick","RobotSpaceExplorer:Strike"],"War Paint":["RobotSpaceExplorer:Defend","RobotSpaceExplorer:Defend"],"obtain_stats":[{"Pear":43,"Blue Candle":18,"Enchiridion":28,"RobotSpaceExplorer:RoboCore":0,"StoneCalendar":41,"Incense Burner":9,"Bag of Preparation":11,"Whetstone":48,"Bottled Tornado":23,"War Paint":30,"Mercury Hourglass":26,"ClockworkSouvenir":37,"Nunchaku":46,"Busted Crown":34,"Tiny Chest":31,"Fusion Hammer":17,"Bag of Marbles":4,"StrikeDummy":45},{"Pear":20,"Blue Candle":8,"Enchiridion":13,"RobotSpaceExplorer:RoboCore":0,"StoneCalendar":19,"Incense Burner":3,"Bag of Preparation":5,"Whetstone":23,"Bottled Tornado":11,"War Paint":13,"Mercury Hourglass":12,"ClockworkSouvenir":16,"Nunchaku":21,"Busted Crown":15,"Tiny Chest":14,"Fusion Hammer":7,"Bag of Marbles":2,"StrikeDummy":21},{"Pear":60,"Blue Candle":25,"Enchiridion":41,"RobotSpaceExplorer:RoboCore":0,"StoneCalendar":58,"Incense Burner":8,"Bag of Preparation":13,"Whetstone":73,"Bottled Tornado":35,"War Paint":41,"Mercury Hourglass":38,"ClockworkSouvenir":50,"Nunchaku":63,"Busted Crown":49,"Tiny Chest":43,"Fusion Hammer":20,"Bag of Marbles":5,"StrikeDummy":63}],"Mercury Hourglass":[142]},"card_choices":[{"not_picked":["RobotSpaceExplorer:MetalStrike","RobotSpaceExplorer:MiniBoosters"],"picked":"RobotSpaceExplorer:Electropulse","floor":0.0},{"not_picked":["RobotSpaceExplorer:Pulsar","RobotSpaceExplorer:Electropulse"],"picked":"RobotSpaceExplorer:RigExplosive","floor":1.0},{"not_picked":["RobotSpaceExplorer:DualCore","RobotSpaceExplorer:RigExplosive"],"picked":"RobotSpaceExplorer:ShockKick","floor":4.0},{"not_picked":["RobotSpaceExplorer:FrostMissile","RobotSpaceExplorer:ImprovisedAttack"],"picked":"RobotSpaceExplorer:Discharger","floor":7.0},{"not_picked":["RobotSpaceExplorer:Discharger","RobotSpaceExplorer:MiniBoosters","RobotSpaceExplorer:GlueShot"],"picked":"SKIP","floor":10.0},{"not_picked":["RobotSpaceExplorer:SurgingStrike","RobotSpaceExplorer:Discharger","RobotSpaceExplorer:MiniDrones"],"picked":"SKIP","floor":11.0},{"not_picked":["RobotSpaceExplorer:MiniBoosters","RobotSpaceExplorer:MiniDrones","RobotSpaceExplorer:LaserBurst"],"picked":"SKIP","floor":13.0},{"not_picked":["RobotSpaceExplorer:Explosion","RobotSpaceExplorer:Comet"],"picked":"RobotSpaceExplorer:Exploration","floor":16.0},{"not_picked":["RobotSpaceExplorer:Counterblock","RobotSpaceExplorer:GlueShot+1"],"picked":"RobotSpaceExplorer:Electropulse+1","floor":18.0},{"not_picked":["RobotSpaceExplorer:FreezeRay+1","RobotSpaceExplorer:FranticSearch","RobotSpaceExplorer:GearShield"],"picked":"SKIP","floor":21.0},{"not_picked":["RobotSpaceExplorer:MiniBoosters","RobotSpaceExplorer:ScrapToss"],"picked":"RobotSpaceExplorer:ShockKick","floor":22.0},{"not_picked":["RobotSpaceExplorer:PowerGlove","RobotSpaceExplorer:BigMissile"],"picked":"RobotSpaceExplorer:PowerCollector+1","floor":23.0},{"not_picked":["RobotSpaceExplorer:FranticSearch","RobotSpaceExplorer:ImprovisedAttack","RobotSpaceExplorer:Counterblock"],"picked":"SKIP","floor":25.0},{"not_picked":["RobotSpaceExplorer:Pulsar","RobotSpaceExplorer:SelfCleaning"],"picked":"RobotSpaceExplorer:ShockKick+1","floor":27.0},{"not_picked":["RobotSpaceExplorer:Probe","RobotSpaceExplorer:ScrapShield","RobotSpaceExplorer:GlueShot+1"],"picked":"SKIP","floor":31.0},{"not_picked":["RobotSpaceExplorer:ImprovisedAttack"],"picked":"SKIP","floor":35},{"not_picked":[],"picked":"RobotSpaceExplorer:SlimeMissile+1","floor":38},{"not_picked":["RobotSpaceExplorer:SurgingStrike"],"picked":"SKIP","floor":39},{"not_picked":[],"picked":"RobotSpaceExplorer:StunGrenade+1","floor":41},{"not_picked":["RobotSpaceExplorer:BigMissile"],"picked":"SKIP","floor":42},{"not_picked":["RobotSpaceExplorer:Pulsar+1"],"picked":"SKIP","floor":45},{"not_picked":["RobotSpaceExplorer:JunkDive"],"picked":"SKIP","floor":47},{"not_picked":["RobotSpaceExplorer:Pulsar"],"picked":"SKIP","floor":48}],"player_experience":423051,"relics_obtained":[{"floor":4.0,"key":"Bag of Marbles"},{"floor":9.0,"key":"Incense Burner"},{"floor":11.0,"key":"Bag of Preparation"},{"floor":18.0,"key":"Blue Candle"},{"floor":23.0,"key":"Bottled Tornado"},{"floor":26.0,"key":"Mercury Hourglass"},{"floor":28.0,"key":"Enchiridion"},{"floor":30.0,"key":"War Paint"},{"floor":31.0,"key":"Tiny Chest"},{"floor":41,"key":"StoneCalendar"},{"floor":43,"key":"Pear"},{"floor":45,"key":"StrikeDummy"},{"floor":46,"key":"Nunchaku"},{"floor":48,"key":"Whetstone"}],"event_choices":[{"damage_healed":0.0,"max_hp_gain":0.0,"max_hp_loss":0.0,"gold_gain":0.0,"event_name":"Match and Keep!","player_choice":"2 cards matched","floor":2.0,"gold_loss":0.0,"damage_taken":0.0,"cards_obtained":["RobotSpaceExplorer:LuckyFind","RobotSpaceExplorer:DoubleFind"]},{"damage_healed":0.0,"max_hp_gain":0.0,"max_hp_loss":0.0,"gold_gain":0.0,"event_name":"Shining Light","player_choice":"Entered Light","floor":5.0,"gold_loss":0.0,"damage_taken":15.0,"cards_upgraded":["RobotSpaceExplorer:Defend","RobotSpaceExplorer:ShockKick"]},{"damage_healed":0.0,"max_hp_gain":5.0,"max_hp_loss":0.0,"gold_gain":0.0,"event_name":"Big Fish","player_choice":"Donut","floor":8.0,"gold_loss":0.0,"damage_taken":0.0},{"damage_healed":0.0,"max_hp_gain":0.0,"max_hp_loss":0.0,"gold_gain":0.0,"event_name":"Lab","player_choice":"Got Potions","floor":19.0,"gold_loss":0.0,"damage_taken":0.0},{"damage_healed":0.0,"max_hp_gain":0.0,"max_hp_loss":0.0,"gold_gain":0.0,"event_name":"Cursed Tome","player_choice":"Obtained Book","floor":28.0,"gold_loss":0.0,"damage_taken":16.0},{"cards_removed":["RobotSpaceExplorer:Strike"],"damage_healed":0.0,"max_hp_gain":0.0,"max_hp_loss":0.0,"gold_gain":0.0,"event_name":"Beggar","player_choice":"Gave Gold","floor":29.0,"gold_loss":75.0,"damage_taken":0.0},{"damage_healed":0,"gold_gain":0,"player_choice":"Ignored","damage_taken":0,"max_hp_gain":0,"max_hp_loss":0,"event_name":"SecretPortal","floor":36,"gold_loss":0}],"is_beta":false,"boss_relics":[{"not_picked":["Ectoplasm","Sozu"],"picked":"Fusion Hammer"},{"not_picked":["SlaversCollar","Runic Pyramid"],"picked":"Busted Crown"}],"items_purged_floors":[3],"is_endless":false,"potions_floor_spawned":[4,10,11,16,21,22,27,33,38,39,41,47,48],"ascension_level":1}}