{"host":"Ilker","time":1607797700,"event":{"mods":["BaseMod","Bestiary","Block Reminder","Colored Map","DeckTracker","Highlight Path","Minty Spire (QoL Compilation)","Quick Restart","Relic Sorter","Relic Stats"],"gold_per_floor":[119,30,40,40,57,84,84,112,112,112,112,143,161,186,186,262,262,276,17,36,51,69,69,99,99,99,111,144,144,144,144,144,222,222,234,234,251,262,275,275,275,275],"floor_reached":41,"playtime":2717,"items_purged":["Defend_R"],"score":922,"play_id":"5ac63cde-549f-4fb6-8b90-a1dbd2cb5527","local_time":"20201212212820","is_ascension_mode":true,"campfire_choices":[{"data":"Bash","floor":7.0,"key":"SMITH"},{"floor":10.0,"key":"REST"},{"data":"Armaments","floor":15.0,"key":"SMITH"},{"data":"Feel No Pain","floor":23.0,"key":"SMITH"},{"floor":25.0,"key":"REST"},{"floor":30.0,"key":"REST"},{"floor":32,"key":"REST"}],"circlet_count":0,"master_deck":["AscendersBane","Strike_R","Strike_R","Strike_R","Defend_R","Defend_R+1","Defend_R","Bash+1","Pummel","Cleave","Fire Breathing","Clothesline","Shrug It Off","Armaments+1","Spot Weakness","Clash","Corruption","Pommel Strike","Dark Embrace","Rampage","True Grit","Pummel","Whirlwind","Feel No Pain+1","Bloodletting","RitualDagger","Juggernaut","Disarm+1","Metallicize"],"relics":["Burning Blood","War Paint","Pantograph","Cursed Key","Toy Ornithopter","Mummified Hand","Sozu","Kunai","InkBottle","Shuriken","Letter Opener"],"acts_visited":["Exordium","TheCity","TheBeyond"],"potions_floor_usage":[],"damage_taken":[{"damage":6.0,"enemies":"Cultist","floor":1.0,"turns":3.0},{"damage":2.0,"enemies":"2 Louse","floor":3.0,"turns":3.0},{"damage":9.0,"enemies":"Small Slimes","floor":5.0,"turns":3.0},{"damage":12.0,"enemies":"3 Sentries","floor":6.0,"turns":5.0},{"damage":20.0,"enemies":"Lagavulin","floor":8.0,"turns":5.0},{"damage":7.0,"enemies":"3 Sentries","floor":12.0,"turns":5.0},{"damage":11.0,"enemies":"Looter","floor":13.0,"turns":5.0},{"damage":11.0,"enemies":"Gremlin Nob","floor":14.0,"turns":3.0},{"damage":53.0,"enemies":"The Guardian","floor":16.0,"turns":12.0},{"damage":16.0,"enemies":"Shell Parasite","floor":18.0,"turns":2.0},{"damage":0.0,"enemies":"3 Byrds","floor":20.0,"turns":4.0},{"damage":0.0,"enemies":"Cultist and Chosen","floor":21.0,"turns":3.0},{"damage":28.0,"enemies":"Snake Plant","floor":22.0,"turns":4.0},{"damage":35.0,"enemies":"Slavers","floor":24.0,"turns":5.0},{"damage":9.0,"enemies":"Centurion and Healer","floor":27.0,"turns":6.0},{"damage":28.0,"enemies":"Book of Stabbing","floor":28.0,"turns":5.0},{"damage":41,"enemies":"Automaton","floor":33,"turns":10},{"damage":15,"enemies":"3 Shapes","floor":35,"turns":8},{"damage":24,"enemies":"3 Darklings","floor":37,"turns":4},{"damage":13,"enemies":"4 Shapes","floor":38,"turns":4},{"damage":8,"enemies":"Transient","floor":39,"turns":6},{"damage":32,"enemies":"Nemesis","floor":41,"turns":5}],"seed_played":"-3479053977030480647","potions_obtained":[{"floor":6.0,"key":"SteroidPotion"},{"floor":8.0,"key":"DuplicationPotion"},{"floor":14.0,"key":"DuplicationPotion"},{"floor":16.0,"key":"Energy Potion"}],"is_trial":false,"path_per_floor":["M","$","M","?","M","E","R","E","T","R","?","E","M","E","R","B",null,"M","$","M","M","M","R","E","R","T","M","E","?","R","?","R","B",null,"M","?","M","M","M","?","E"],"character_chosen":"IRONCLAD","items_purchased":["Fire Breathing","Dark Embrace","Rampage","True Grit"],"campfire_rested":4,"item_purchase_floors":[2,19,19,19],"current_hp_per_floor":[68,68,72,65,62,56,56,47,47,69,69,68,63,63,63,21,62,52,52,63,69,47,47,18,40,40,37,15,9,31,31,53,40,66,57,57,39,32,30,30,0,0],"gold":275,"neow_bonus":"THREE_CARDS","is_daily":false,"chose_seed":false,"campfire_upgraded":3,"win_rate":0.0,"timestamp":1607797700,"path_taken":["M","$","M","?","M","E","R","E","T","R","?","E","M","E","R","BOSS","M","$","M","M","M","R","E","R","T","M","E","?","R","?","R","BOSS","M","?","M","M","M","?","E"],"items_purchased_type":["Card","Card","Card","Card"],"build_version":"2020-12-07","purchased_purges":1,"victory":false,"max_hp_per_floor":[75,75,75,75,75,75,75,75,75,75,75,75,75,75,75,75,75,75,75,75,75,75,75,75,75,75,75,75,75,75,75,75,75,75,75,75,75,75,75,75,75,75],"relic_stats":{"counters":[22,110],"Letter Opener":[60],"War Paint":["Defend_R","Warcry"],"Cursed Key":0,"Burning Blood":126,"Sozu":4,"Mummified Hand":[57],"Shuriken":[32],"Pantograph":22,"Kunai":[32],"obtain_stats":[{"Sozu":17,"Mummified Hand":9,"Shuriken":12,"Pantograph":26,"Kunai":8,"Letter Opener":28,"War Paint":24,"Cursed Key":34,"Burning Blood":0,"Toy Ornithopter":6,"InkBottle":14},{"Sozu":9,"Mummified Hand":5,"Shuriken":6,"Pantograph":14,"Kunai":5,"Letter Opener":16,"War Paint":14,"Cursed Key":17,"Burning Blood":0,"Toy Ornithopter":4,"InkBottle":8},{"Sozu":44,"Mummified Hand":19,"Shuriken":24,"Pantograph":62,"Kunai":19,"Letter Opener":73,"War Paint":62,"Cursed Key":83,"Burning Blood":0,"Toy Ornithopter":14,"InkBottle":32}],"Toy Ornithopter":20,"InkBottle":[30]},"card_choices":[{"not_picked":["Wild Strike","Havoc"],"picked":"Pummel","floor":0.0},{"not_picked":["True Grit","Wild Strike"],"picked":"Cleave","floor":1.0},{"not_picked":["Dropkick","Body Slam"],"picked":"Clothesline","floor":3.0},{"not_picked":["Pommel Strike","Dark Embrace"],"picked":"Shrug It Off","floor":5.0},{"not_picked":["Wild Strike","Clothesline","Flex"],"picked":"SKIP","floor":6.0},{"not_picked":["Wild Strike","Evolve","Flex"],"picked":"SKIP","floor":8.0},{"not_picked":["Clothesline","Seeing Red"],"picked":"Spot Weakness","floor":12.0},{"not_picked":["Thunderclap","Rupture"],"picked":"Clash","floor":13.0},{"not_picked":["Armaments","Havoc","Infernal Blade"],"picked":"SKIP","floor":14.0},{"not_picked":["Juggernaut","Bludgeon"],"picked":"Corruption","floor":16.0},{"not_picked":["Uppercut","Thunderclap"],"picked":"Pommel Strike","floor":18.0},{"not_picked":["Sword Boomerang","Flex"],"picked":"Pummel","floor":20.0},{"not_picked":["Anger","Dropkick"],"picked":"Whirlwind","floor":21.0},{"not_picked":["Heavy Blade","Cleave"],"picked":"Feel No Pain","floor":22.0},{"not_picked":["Flex","Brutality"],"picked":"Warcry","floor":24.0},{"not_picked":["Reckless Charge","Sword Boomerang"],"picked":"Bloodletting","floor":27.0},{"not_picked":["Sword Boomerang","Perfected Strike","Twin Strike"],"picked":"SKIP","floor":28.0},{"not_picked":["Barricade","Immolate"],"picked":"Juggernaut","floor":33},{"not_picked":["Perfected Strike","Armaments","Combust+1"],"picked":"SKIP","floor":35},{"not_picked":["Shrug It Off","Flame Barrier+1"],"picked":"Disarm+1","floor":37},{"not_picked":["Searing Blow","Armaments","Twin Strike"],"picked":"SKIP","floor":38},{"not_picked":["Barricade","Cleave"],"picked":"Metallicize","floor":39}],"player_experience":1632035,"relics_obtained":[{"floor":6.0,"key":"Toy Ornithopter"},{"floor":8.0,"key":"Kunai"},{"floor":9.0,"key":"Mummified Hand"},{"floor":12.0,"key":"Shuriken"},{"floor":14.0,"key":"InkBottle"},{"floor":24.0,"key":"War Paint"},{"floor":26.0,"key":"Pantograph"},{"floor":28.0,"key":"Letter Opener"}],"event_choices":[{"cards_removed":["Strike_R"],"damage_healed":0.0,"max_hp_gain":0.0,"max_hp_loss":0.0,"gold_gain":0.0,"event_name":"Golden Wing","player_choice":"Card Removal","floor":4.0,"gold_loss":0.0,"damage_taken":7.0},{"damage_healed":0.0,"max_hp_gain":0.0,"max_hp_loss":0.0,"gold_gain":0.0,"cards_transformed":["Strike_R"],"event_name":"Living Wall","player_choice":"Change","floor":11.0,"gold_loss":0.0,"damage_taken":0.0,"cards_obtained":["Armaments"]},{"damage_healed":0.0,"max_hp_gain":0.0,"max_hp_loss":0.0,"gold_gain":0.0,"event_name":"Nest","player_choice":"Joined the Cult","floor":29.0,"gold_loss":0.0,"damage_taken":6.0,"cards_obtained":["RitualDagger"]},{"damage_healed":0,"gold_gain":0,"player_choice":"Ignored","damage_taken":0,"max_hp_gain":0,"max_hp_loss":0,"event_name":"The Mausoleum","floor":31,"gold_loss":0},{"cards_removed":["Warcry"],"damage_healed":0,"gold_gain":0,"player_choice":"Removed Skill","damage_taken":0,"max_hp_gain":0,"max_hp_loss":0,"event_name":"Falling","floor":36,"gold_loss":0},{"damage_healed":0,"gold_gain":0,"player_choice":"Ignored","damage_taken":0,"max_hp_gain":0,"max_hp_loss":0,"event_name":"SecretPortal","floor":40,"gold_loss":0}],"is_beta":true,"boss_relics":[{"not_picked":["Ectoplasm","Runic Cube"],"picked":"Sozu"},{"not_picked":["SlaversCollar","Empty Cage"],"picked":"Cursed Key"}],"items_purged_floors":[19],"is_endless":false,"potions_floor_spawned":[6,8,14,16,21,22,27,28],"killed_by":"Nemesis","ascension_level":20}}