{"host":"6p0attdrtjqaih7v","time":1607755194,"event":{"mods":["2.2 Compatiblity","AchievementEnabler","Bard","BaseMod","Better Skull","Better Third Choice","Colored Powertips","Hermit","Highlight Path","Jorbs\u0027s Wanderer Trilogy","Key Reminder","Minty Spire (QoL Compilation)","Permanent Neow","Quick Restart","Random Character Button","Relic Stats","Replay The Spire","StSLib","The Construct"],"gold_per_floor":[20,20,33,48,59,59,59,59],"floor_reached":7,"playtime":259,"items_purged":[],"score":80,"play_id":"5f81a01f-1f5a-45fd-8001-eacd1233c3d0","local_time":"20201212013954","is_ascension_mode":true,"campfire_choices":[{"data":"construct:SpinDrive","floor":6,"key":"SMITH"}],"circlet_count":0,"master_deck":["AscendersBane","construct:Strike_Gold","construct:Strike_Gold","construct:Strike_Gold","construct:Strike_Gold","construct:Strike_Gold","construct:Defend_Gold","construct:Defend_Gold","construct:Defend_Gold","construct:Defend_Gold","construct:Defend_Gold","construct:AttackMode","construct:DefenseMode","Master of Strategy","construct:SpinDrive+1","construct:NuclearCore","construct:SyphonStrike"],"relics":["construct:ClockworkPhoenix","CultistMask"],"acts_visited":["Exordium"],"potions_floor_usage":[5,7],"damage_taken":[{"damage":7,"enemies":"Small Slimes","floor":1,"turns":4},{"damage":6,"enemies":"Cultist","floor":3,"turns":3},{"damage":21,"enemies":"Jaw Worm","floor":4,"turns":7},{"damage":8,"enemies":"Blue Slaver","floor":5,"turns":4},{"damage":45,"enemies":"Lagavulin","floor":7,"turns":5}],"seed_played":"-5473831591214818500","potions_obtained":[{"floor":1,"key":"Strength Potion"},{"floor":4,"key":"BlessingOfTheForge"}],"is_trial":false,"path_per_floor":["M","?","M","M","M","R","E"],"character_chosen":"THE_CONSTRUCT_MOD","items_purchased":[],"campfire_rested":0,"item_purchase_floors":[],"current_hp_per_floor":[65,65,59,38,30,30,0,0],"gold":59,"neow_bonus":"RANDOM_COLORLESS_2","is_daily":false,"chose_seed":false,"campfire_upgraded":1,"win_rate":0.0,"timestamp":1607755194,"path_taken":["M","?","M","?","M","R","E"],"items_purchased_type":[],"build_version":"2020-11-30","purchased_purges":0,"victory":false,"max_hp_per_floor":[80,80,80,80,80,80,80,80],"relic_stats":{"counters":[5,23],"obtain_stats":[{"CultistMask":2,"construct:ClockworkPhoenix":0},{"CultistMask":1,"construct:ClockworkPhoenix":0},{"CultistMask":4,"construct:ClockworkPhoenix":0}]},"card_choices":[{"not_picked":["Thinking Ahead","Secret Technique"],"picked":"Master of Strategy","floor":0},{"not_picked":["construct:Forcefield","construct:Failsafe","construct:ModeShift"],"picked":"SKIP","floor":1},{"not_picked":["construct:Overcharge","construct:ShiftStrike"],"picked":"construct:SpinDrive","floor":3},{"not_picked":["construct:ShiftStrike","construct:SaveState"],"picked":"construct:NuclearCore","floor":4},{"not_picked":["construct:ModeShift","construct:Forcefield"],"picked":"construct:SyphonStrike","floor":5}],"player_experience":819406,"relics_obtained":[],"event_choices":[{"damage_healed":0,"gold_gain":0,"player_choice":"Trade","damage_taken":0,"relics_obtained":["CultistMask"],"max_hp_gain":0,"max_hp_loss":0,"event_name":"FaceTrader","floor":2,"gold_loss":0}],"is_beta":false,"boss_relics":[],"items_purged_floors":[],"is_endless":false,"potions_floor_spawned":[1,4],"killed_by":"Lagavulin","ascension_level":17}}