{"host":"mkv3lj8gfkr85ioo","time":1607809494,"event":{"mods":["AchievementEnabler","BaseMod","Colored Map","Minty Spire (QoL Compilation)","SuperFastMode"],"gold_per_floor":[111,123,273,285,285,315,334,384,439,439,32,59,70,70,70,70,70],"floor_reached":16,"playtime":462,"items_purged":[],"score":204,"play_id":"f1fe3623-00f3-4ed2-b835-df0c3cfd67c4","local_time":"20201213064454","is_ascension_mode":true,"campfire_choices":[{"data":"Pummel","floor":10.0,"key":"SMITH"},{"floor":15.0,"key":"REST"}],"circlet_count":0,"master_deck":["AscendersBane","Strike_R","Strike_R","Strike_R","Strike_R","Strike_R","Defend_R","Defend_R","Defend_R","Defend_R","Bash","Heavy Blade","Pummel+1","Second Wind","Flame Barrier"],"relics":["Burning Blood","Du-Vu Doll","Mummified Hand","Potion Belt","Unceasing Top","Bag of Preparation"],"acts_visited":["Exordium"],"potions_floor_usage":[16,16],"damage_taken":[{"damage":4.0,"enemies":"Small Slimes","floor":1.0,"turns":4.0},{"damage":4.0,"enemies":"Jaw Worm","floor":2.0,"turns":4.0},{"damage":1.0,"enemies":"Cultist","floor":4.0,"turns":3.0},{"damage":32.0,"enemies":"Gremlin Nob","floor":6.0,"turns":4.0},{"damage":6.0,"enemies":"Exordium Wildlife","floor":7.0,"turns":3.0},{"damage":25.0,"enemies":"3 Sentries","floor":12.0,"turns":7.0},{"damage":4.0,"enemies":"Exordium Thugs","floor":13.0,"turns":4.0},{"damage":49,"enemies":"Slime Boss","floor":16,"turns":7}],"seed_played":"-574550083596338904","potions_obtained":[{"floor":2.0,"key":"Energy Potion"},{"floor":7.0,"key":"AttackPotion"},{"floor":13.0,"key":"BlessingOfTheForge"}],"is_trial":false,"path_per_floor":["M","M","?","M","?","E","M","?","T","R","$","E","M","?","R","B"],"character_chosen":"IRONCLAD","items_purchased":["Second Wind","Unceasing Top"],"campfire_rested":1,"item_purchase_floors":[11,11],"current_hp_per_floor":[68,68,68,68,73,47,47,40,40,40,40,21,23,23,44,0,0],"gold":70,"neow_bonus":"ONE_RARE_RELIC","is_daily":false,"chose_seed":false,"campfire_upgraded":1,"win_rate":0.0,"timestamp":1607809494,"path_taken":["M","M","?","M","?","E","M","?","T","R","$","E","?","?","R","BOSS"],"items_purchased_type":["Card","Relic"],"build_version":"2020-11-30","purchased_purges":0,"victory":false,"max_hp_per_floor":[68,68,68,68,73,73,73,73,73,73,73,73,73,73,73,73,73],"card_choices":[{"not_picked":["Anger","Disarm","Perfected Strike"],"picked":"SKIP","floor":1.0},{"not_picked":["True Grit","Shrug It Off"],"picked":"Heavy Blade","floor":2.0},{"not_picked":["Armaments","Rupture","Heavy Blade"],"picked":"SKIP","floor":4.0},{"not_picked":["Shrug It Off","Perfected Strike"],"picked":"Pummel","floor":6.0},{"not_picked":["Clothesline","Wild Strike","Anger"],"picked":"SKIP","floor":7.0},{"not_picked":["Havoc","Body Slam","Hemokinesis"],"picked":"SKIP","floor":12.0},{"not_picked":["Armaments","Cleave"],"picked":"Flame Barrier","floor":13.0}],"player_experience":134450,"relics_obtained":[{"floor":6.0,"key":"Mummified Hand"},{"floor":9.0,"key":"Potion Belt"},{"floor":12.0,"key":"Bag of Preparation"}],"event_choices":[{"damage_healed":0.0,"max_hp_gain":0.0,"max_hp_loss":0.0,"gold_gain":150.0,"event_name":"Liars Game","player_choice":"AGREE","floor":3.0,"gold_loss":0.0,"damage_taken":0.0,"cards_obtained":["Doubt"]},{"damage_healed":0.0,"max_hp_gain":5.0,"max_hp_loss":0.0,"gold_gain":0.0,"event_name":"Big Fish","player_choice":"Donut","floor":5.0,"gold_loss":0.0,"damage_taken":0.0},{"damage_healed":0.0,"max_hp_gain":0.0,"max_hp_loss":0.0,"gold_gain":50.0,"event_name":"FaceTrader","player_choice":"Touch","floor":8.0,"gold_loss":0.0,"damage_taken":7.0},{"cards_removed":["Doubt"],"damage_healed":0.0,"max_hp_gain":0.0,"max_hp_loss":0.0,"gold_gain":0.0,"event_name":"Purifier","player_choice":"Purged","floor":14.0,"gold_loss":0.0,"damage_taken":0.0}],"is_beta":false,"boss_relics":[],"items_purged_floors":[],"is_endless":false,"potions_floor_spawned":[2,7,13],"killed_by":"Slime Boss","ascension_level":17}}