{"host":"8xp52u5o8fcssvzz","time":1607763366,"event":{"mods":["2.2 Compatiblity","AchievementEnabler","Act Like it!","Aspiration","BaseMod","Better Altar","Better Match","Better Note","Better Sensory Stone","Better Skull","Better Third Choice","BetterRewards","Colored Map","Conspire","Downfall","GifTheSpireLib","Googly Eyes","Halation","Hallownest","Highlight Path","Hubris","Infinite Spire","Jorbs\u0027s Wanderer Trilogy","Marisa????????","Mimic Mod","Minty Spire (QoL Compilation)","Replay The Spire","Spicy Shops","StSLib","Stuff the Spire","The Blackbeard","The Gatherer","The Necromancer","The Runesmith","The Servant 0.9.4","Unceasing Turn Reminder","everything is the same but u backflip on backflip"],"gold_per_floor":[109,59,59,59,75,75,75,108,160,160,110,110,124,139,139,259,259,297,297,360,285,296,296,346,346,346,346,384,398,398,432,432,560,560,587,587,268,0,42,42,67,67,67],"floor_reached":41,"playtime":1645,"items_purged":["blackbeard:Cutlass+1","blackbeard:Spear+1","blackbeard:WeaponMastery"],"score":432,"play_id":"d24c42eb-866f-4ee3-b350-a30b1c7d1c2a","local_time":"20201212005606","is_ascension_mode":false,"campfire_choices":[{"data":"blackbeard:Cutlass","floor":6,"key":"SMITH"},{"data":"blackbeard:IntimidatingStrike","floor":10,"key":"SMITH"},{"data":"blackbeard:BlindAttacks","floor":12,"key":"SMITH"},{"data":"blackbeard:Fencing","floor":15,"key":"SMITH"},{"data":"blackbeard:Spear","floor":23,"key":"SMITH"},{"data":"blackbeard:CloakAndCannonball","floor":27,"key":"SMITH"},{"data":"blackbeard:CatONineTails","floor":30,"key":"SMITH"},{"data":"blackbeard:InfiniteBarrage","floor":32,"key":"SMITH"},{"data":"blackbeard:WeaponProficiency","floor":40,"key":"SMITH"}],"circlet_count":0,"master_deck":["conspire:GhostlyStrike","conspire:GhostlyStrike","conspire:GhostlyStrike","blackbeard:IntimidatingStrike+1","conspire:GhostlyDefend","conspire:GhostlyDefend","conspire:GhostlyDefend","blackbeard:Bandana","blackbeard:GoldenStrike","blackbeard:TacticalRetreat","blackbeard:BlindAttacks+1","blackbeard:Fencing+1","blackbeard:CloakAndCannonball+1","blackbeard:Rum","blackbeard:ArmorUp","blackbeard:Dagger","Sucker Punch","blackbeard:CatONineTails+1","blackbeard:InfiniteBarrage+1","blackbeard:Parrot","blackbeard:JollyRoger","blackbeard:WeaponProficiency+1","blackbeard:Recklessness","blackbeard:CannonBarrage+1"],"relics":["blackbeard:LoadTheCannons","NeowsBlessing","infinitespire:PuzzleCube","StuffTheSpire:OldFever","Coffee Dripper","halation:PrussianBluePaint","Simple Rune","Replay:WaspNest","aspiration:PoetsPen_weak","hubris:Icosahedron","Red Mask"],"acts_visited":["Exordium","TheCity","TheBeyond"],"potions_floor_usage":[33,33,39,41],"damage_taken":[{"damage":0,"enemies":"Jaw Worm","floor":1,"turns":1},{"damage":0,"enemies":"2 Louse","floor":5,"turns":1},{"damage":0,"enemies":"3 Sentries","floor":8,"turns":1},{"damage":5,"enemies":"Small Slimes","floor":13,"turns":3},{"damage":4,"enemies":"Exordium Wildlife","floor":14,"turns":2},{"damage":29,"enemies":"Hexaghost","floor":16,"turns":5},{"damage":0,"enemies":"Chosen","floor":18,"turns":3},{"damage":0,"enemies":"Shell Parasite","floor":20,"turns":4},{"damage":5,"enemies":"Shell Parasite","floor":22,"turns":3},{"damage":5,"enemies":"Replay:Snechameleon","floor":24,"turns":6},{"damage":0,"enemies":"conspire:HollyBat","floor":28,"turns":6},{"damage":6,"enemies":"Snake Plant","floor":29,"turns":2},{"damage":26,"enemies":"Snecko","floor":31,"turns":4},{"damage":10,"enemies":"conspire:MysteriousRune","floor":33,"turns":5},{"damage":40,"enemies":"3 Shapes","floor":35,"turns":5},{"damage":11,"enemies":"Orb Walker","floor":39,"turns":3},{"damage":25,"enemies":"Giant Head","floor":41,"turns":5}],"seed_played":"-6827537871472385036","potions_obtained":[{"floor":1,"key":"Energy Potion"},{"floor":8,"key":"GamblersBrew"},{"floor":16,"key":"Reflective Coating"},{"floor":18,"key":"blackbeard:OrangeJuicePotion"},{"floor":33,"key":"ColorlessPotion"},{"floor":39,"key":"Reflective Coating"}],"is_trial":false,"path_per_floor":["M","?","?","$","M","R","$","E","T","R","?","R","M","M","R","B",null,"M","AVR","MIM","?","M","R","E","?","T","R","M","M","R","M","R","B",null,"M","?","$","?","M","R","E"],"character_chosen":"BLACKBEARD_CLASS","items_purchased":["blackbeard:WeaponProficiency","blackbeard:Recklessness"],"campfire_rested":0,"item_purchase_floors":[37,37],"current_hp_per_floor":[75,75,75,75,75,75,75,75,75,75,75,75,70,66,66,37,75,75,75,75,75,70,70,65,65,65,65,65,59,59,33,33,23,75,35,35,35,35,24,24,0,0,0],"gold":67,"neow_bonus":"THREE_ENEMY_KILL","is_daily":false,"chose_seed":false,"campfire_upgraded":9,"win_rate":0.0,"timestamp":1607763366,"path_taken":["M","?","?","$","M","R","$","E","T","R","?","R","?","M","R","BOSS","M","AVR","?","?","M","R","E","?","T","R","?","M","R","M","R","BOSS","M","?","$","?","M","R","E"],"items_purchased_type":["Card","Card"],"build_version":"2020-11-30","purchased_purges":3,"victory":false,"max_hp_per_floor":[75,75,75,75,75,75,75,75,75,75,75,75,75,75,75,75,75,75,75,75,75,75,75,75,75,75,75,75,75,75,75,75,75,75,75,75,75,75,75,75,75,75,75],"card_choices":[{"not_picked":["blackbeard:BrownPants","blackbeard:Sharpening"],"picked":"blackbeard:Bandana","floor":1},{"not_picked":["blackbeard:GhostInTheRum","blackbeard:RemoveScurvy"],"picked":"blackbeard:TacticalRetreat","floor":5},{"not_picked":["blackbeard:Provisioning","blackbeard:RemoveScurvy"],"picked":"blackbeard:BlindAttacks","floor":8},{"not_picked":["blackbeard:Anchor","blackbeard:FieryDefense"],"picked":"blackbeard:Spear","floor":13},{"not_picked":["blackbeard:TerrorOfTheSeas","blackbeard:BlindAttacks"],"picked":"blackbeard:Fencing","floor":14},{"not_picked":["blackbeard:FinalBarrage","blackbeard:PirateStrength"],"picked":"blackbeard:WeaponMastery","floor":16},{"not_picked":["blackbeard:Sword","blackbeard:GoldenDefense"],"picked":"blackbeard:CloakAndCannonball","floor":18},{"not_picked":["blackbeard:BeatUp","blackbeard:WiseDefense"],"picked":"blackbeard:Rum","floor":20},{"not_picked":["blackbeard:Toast+1","blackbeard:Bandana"],"picked":"blackbeard:ArmorUp","floor":22},{"not_picked":["blackbeard:Recklessness","blackbeard:Toast+1"],"picked":"blackbeard:Dagger","floor":24},{"not_picked":["blackbeard:DelayedPain","blackbeard:Toast"],"picked":"blackbeard:CatONineTails","floor":28},{"not_picked":["blackbeard:Halberd","blackbeard:FieryDefense+1"],"picked":"blackbeard:InfiniteBarrage","floor":29},{"not_picked":["blackbeard:GoldenDefense","blackbeard:BeatUp","blackbeard:CloakAndCannonball"],"picked":"SKIP","floor":31},{"not_picked":["blackbeard:CaptainsHat","blackbeard:UndeadForm"],"picked":"blackbeard:Parrot","floor":33},{"not_picked":["blackbeard:SmithingHammer+1","blackbeard:Upgrade"],"picked":"blackbeard:JollyRoger","floor":35},{"not_picked":["blackbeard:Dagger+1","blackbeard:PirateHook"],"picked":"blackbeard:CannonBarrage+1","floor":39}],"player_experience":408316,"relics_obtained":[{"floor":8,"key":"infinitespire:PuzzleCube"},{"floor":9,"key":"StuffTheSpire:OldFever"},{"floor":24,"key":"Simple Rune"},{"floor":26,"key":"Replay:WaspNest"}],"event_choices":[{"damage_healed":0,"gold_gain":0,"player_choice":"blackbeard:GoldenStrike","damage_taken":0,"max_hp_gain":0,"max_hp_loss":0,"event_name":"blackbeard:GoldsmithEvent","floor":2,"gold_loss":0,"cards_obtained":["blackbeard:GoldenStrike"]},{"damage_healed":0,"gold_gain":0,"player_choice":"Agree","damage_taken":0,"max_hp_gain":0,"max_hp_loss":0,"event_name":"conspire:LoneGhost","floor":3,"gold_loss":0},{"cards_removed":["conspire:GhostlyDefend"],"damage_healed":0,"gold_gain":0,"player_choice":"Card Removal","damage_taken":0,"max_hp_gain":0,"max_hp_loss":0,"event_name":"The Cleric","floor":11,"gold_loss":50},{"damage_healed":0,"gold_gain":0,"player_choice":"2","damage_taken":0,"max_hp_gain":0,"max_hp_loss":0,"event_name":"betterMatch:BetterMatch","floor":21,"gold_loss":0,"cards_obtained":[]},{"cards_removed":["blackbeard:WeaponMastery"],"damage_healed":0,"gold_gain":0,"player_choice":"Take \u0026 Give","damage_taken":0,"max_hp_gain":0,"max_hp_loss":0,"event_name":"betterNote:BetterNote","floor":25,"gold_loss":0,"cards_obtained":["Sucker Punch"]},{"damage_healed":0,"gold_gain":0,"player_choice":"Paid","damage_taken":0,"relics_obtained":["Red Mask"],"max_hp_gain":0,"max_hp_loss":0,"event_name":"Tomb of Lord Red Mask","floor":38,"gold_loss":268}],"is_beta":false,"boss_relics":[{"not_picked":["halation:CatFaceCupcake","conspire:RoyalGoblet"],"picked":"Coffee Dripper"},{"not_picked":["aspiration:RunicSpoon","hubris:GrandSneckoEye"],"picked":"aspiration:PoetsPen_weak"}],"items_purged_floors":[19,37,37],"is_endless":false,"potions_floor_spawned":[1,8,16,18,28,29,31,33,39],"killed_by":"Giant Head","ascension_level":0}}