{"host":"fq9q35as5g8xdsoo","time":1607817019,"event":{"mods":["2.2 Compatiblity","AchievementEnabler","Act Like it!","Aspiration","BaseMod","Beaked The Cultist","Better Skull","Card Forge","Colored Map","Colored Powertips","Conspire","Dota2Spire","Energized Spire","Gensokyo","GifTheSpireLib","Halation","Hermit","Hubris","Marked Mod","Menagerie","Minty Spire (QoL Compilation)","Pale of the Ancients","Permanent Neow","Quick Restart","Relic Filter","Replay The Spire","Robot Space Explorer","Spicy Shops","Spikes Relics","StSLib","Stuff the Spire","SuperFastMode","The Blue Laboratory","The Construct","The Disciple","The Factory","The Gatherer","The Jungle","The Runesmith","The Servant 0.9.4","Trackpad","WarShipGirlsR/????R mod","vexMod"],"gold_per_floor":[19,19,34,34,34,34,60,80,105,105,105,105,136,136,136,240,240,259,534,550,125,125,155,155,181,257,257,257,257],"floor_reached":28,"playtime":969,"items_purged":[],"score":336,"play_id":"a90a8eec-6786-4ab1-b7d6-688cf7c2798d","local_time":"20201212155019","is_ascension_mode":true,"campfire_choices":[{"data":"Perfected Strike","floor":6,"key":"SMITH"},{"data":"Spot Weakness","floor":12,"key":"SMITH"},{"data":"Twin Strike","floor":15,"key":"SMITH"},{"data":"Armaments","floor":24,"key":"SMITH"},{"data":"BlessedFruit","floor":27,"key":"SMITH"}],"circlet_count":0,"master_deck":["conspire:GhostlyStrike","conspire:GhostlyStrike","conspire:GhostlyStrike","conspire:GhostlyStrike","conspire:GhostlyStrike","conspire:GhostlyDefend","conspire:GhostlyDefend","conspire:GhostlyDefend","Bash","Perfected Strike+1","Twin Strike+1","Spot Weakness+1","Twin Strike","hubris:StunningStrike","Perfected Strike","Flex+1","Inflame","BlessedFruit+1","BlessedFruit","Armaments+1","Berserk"],"relics":["Burning Blood","Hammer of Thor","Seething Fire","Anvil of the Gods","halation:EternalFortune","Replay:Rubber Ducky","Simple Rune","Question Card","Electric Blood","HandDrill","HeavenlyBonsai","MutagenicStrength","Tiny Chest","hubris:ChampionShield","halation:TwoAmDonut"],"acts_visited":["Exordium","TheCity"],"potions_floor_usage":[],"damage_taken":[{"damage":6,"enemies":"Cultist","floor":1,"turns":3},{"damage":2,"enemies":"Jaw Worm","floor":3,"turns":3},{"damage":26,"enemies":"3 Sentries","floor":7,"turns":8},{"damage":0,"enemies":"2 Louse","floor":8,"turns":2},{"damage":26,"enemies":"Gremlin Nob","floor":13,"turns":4},{"damage":36,"enemies":"Slime Boss","floor":16,"turns":8},{"damage":7,"enemies":"Spheric Guardian","floor":18,"turns":3},{"damage":27,"enemies":"3 Byrds","floor":20,"turns":4},{"damage":16,"enemies":"Gremlin Leader","floor":23,"turns":2},{"damage":66,"enemies":"Slavers","floor":25,"turns":5},{"damage":3,"enemies":"conspire:Head Lice","floor":28,"turns":1}],"seed_played":"-2924969764929600985","potions_obtained":[{"floor":1,"key":"blueLaboratory:HeartbeatPotion"},{"floor":3,"key":"Dota2Spire:Clarity"},{"floor":16,"key":"SpeedPotion"},{"floor":25,"key":"Weak Potion"}],"is_trial":false,"path_per_floor":["M","T","M","?","$","R","E","M","T","?","?","R","E","?","R","B",null,"M","?","M","$","?","E","R","E","T","R","E"],"character_chosen":"IRONCLAD","items_purchased":["HandDrill","Inflame","HeavenlyBonsai"],"campfire_rested":0,"item_purchase_floors":[21,21,21],"current_hp_per_floor":[96,96,96,99,99,99,79,85,85,85,85,85,65,65,65,35,99,98,98,77,77,77,67,67,9,9,9,7,7],"gold":257,"neow_bonus":"TWENTY_PERCENT_HP_BONUS","is_daily":false,"chose_seed":false,"campfire_upgraded":5,"win_rate":0.0,"timestamp":1607817019,"path_taken":["M","?","?","?","?","R","E","M","T","?","?","R","E","?","R","BOSS","M","?","?","$","?","E","R","E","T","R","E"],"items_purchased_type":["Relic","Card","Relic"],"build_version":"2020-11-30","purchased_purges":0,"victory":false,"max_hp_per_floor":[96,96,96,99,99,99,99,99,99,99,99,99,99,99,99,99,99,99,99,99,99,99,99,99,101,101,101,102,102],"card_choices":[{"not_picked":["StuffTheSpire:Slingshot","True Grit"],"picked":"Perfected Strike","floor":1},{"not_picked":["Pommel Strike","Perfected Strike"],"picked":"Twin Strike","floor":3},{"not_picked":["Shockwave","Abandon"],"picked":"Spot Weakness","floor":7},{"not_picked":["Warcry","Thunderclap"],"picked":"Twin Strike","floor":8},{"not_picked":["Thunderclap","StuffTheSpire:Slingshot","ReplayTheSpireMod:Stacked"],"picked":"SKIP","floor":13},{"not_picked":["Bludgeon","Brutality","Double Tap"],"picked":"hubris:StunningStrike","floor":16},{"not_picked":["Clothesline","Sword Boomerang","Iron Wave"],"picked":"Perfected Strike","floor":18},{"not_picked":["StuffTheSpire:Slingshot","Sword Boomerang","Feel No Pain"],"picked":"Flex+1","floor":20},{"not_picked":["Havoc","Clothesline","StuffTheSpire:RockThrow"],"picked":"Armaments","floor":23},{"not_picked":["Body Slam","ReplayTheSpireMod:Muscle Training","ReplayTheSpireMod:Strike From Hell"],"picked":"Berserk","floor":25}],"player_experience":939103,"relics_obtained":[{"floor":7,"key":"Replay:Rubber Ducky"},{"floor":9,"key":"Simple Rune"},{"floor":13,"key":"Question Card"},{"floor":23,"key":"Tiny Chest"},{"floor":25,"key":"hubris:ChampionShield"},{"floor":26,"key":"halation:TwoAmDonut"}],"event_choices":[{"damage_healed":0,"gold_gain":0,"player_choice":"Leave","damage_taken":0,"max_hp_gain":0,"max_hp_loss":0,"event_name":"The Cleric","floor":10,"gold_loss":0},{"damage_healed":0,"gold_gain":0,"player_choice":"Agree","damage_taken":0,"max_hp_gain":0,"max_hp_loss":0,"event_name":"conspire:LoneGhost","floor":11,"gold_loss":0},{"damage_healed":0,"gold_gain":275,"player_choice":"Desecrate","damage_taken":0,"max_hp_gain":0,"max_hp_loss":0,"event_name":"Golden Shrine","floor":19,"gold_loss":0,"cards_obtained":["Regret"]},{"damage_healed":0,"gold_gain":0,"player_choice":"Inject Mutagens","damage_taken":0,"relics_obtained":["MutagenicStrength"],"max_hp_gain":0,"max_hp_loss":0,"event_name":"Drug Dealer","floor":22,"gold_loss":0}],"is_beta":false,"boss_relics":[{"not_picked":["aspiration:PoetsPen_weak","trackpad:Coffee"],"picked":"Electric Blood"}],"items_purged_floors":[],"is_endless":false,"potions_floor_spawned":[1,3,16,20,25],"killed_by":"conspire:Head Lice","ascension_level":2}}