{"host":"calynag5ibgivyo2","time":1607741292,"event":{"mods":["AchievementEnabler","BaseMod","Colored Map","DeckTracker","Minty Spire (QoL Compilation)","StSLib"],"gold_per_floor":[119,132,132,149,162,187,202,202,202,127,127,0,26,43,43,140,140,155,167,179,189,44,75,75,75,75],"floor_reached":25,"playtime":1259,"items_purged":["Strike_P","Strike_P"],"score":270,"play_id":"19eb08bc-2dc0-4046-8474-ef290f5a6f2c","local_time":"20201211184812","is_ascension_mode":true,"campfire_choices":[{"floor":8.0,"key":"REST"},{"data":"LessonLearned","floor":15.0,"key":"SMITH"},{"floor":24,"key":"REST"}],"circlet_count":0,"master_deck":["Strike_P+1","Strike_P+1","Defend_P+1","Defend_P","Defend_P+1","Defend_P+1","Eruption+1","Vigilance+1","LessonLearned+1","CarveReality+1","ReachHeaven+1","BattleHymn+1","Study+1","Wireheading","Protect+1","CurseOfTheBell","MasterReality","Eruption+1","EmptyMind"],"relics":["PureWater","Matryoshka","Centennial Puzzle","Gremlin Horn","FaceOfCleric","Meat on the Bone","Calling Bell","Toy Ornithopter","Question Card","Du-Vu Doll","DollysMirror","White Beast Statue"],"acts_visited":["Exordium","TheCity"],"potions_floor_usage":[23,23],"damage_taken":[{"damage":0.0,"enemies":"2 Louse","floor":1.0,"turns":3.0},{"damage":0.0,"enemies":"Small Slimes","floor":2.0,"turns":2.0},{"damage":0.0,"enemies":"Cultist","floor":4.0,"turns":3.0},{"damage":5.0,"enemies":"Lots of Slimes","floor":5.0,"turns":3.0},{"damage":19.0,"enemies":"3 Sentries","floor":6.0,"turns":7.0},{"damage":1.0,"enemies":"3 Louse","floor":7.0,"turns":5.0},{"damage":8.0,"enemies":"Lagavulin","floor":13.0,"turns":5.0},{"damage":0.0,"enemies":"2 Fungi Beasts","floor":14.0,"turns":2.0},{"damage":18.0,"enemies":"The Guardian","floor":16.0,"turns":13.0},{"damage":18.0,"enemies":"2 Thieves","floor":18.0,"turns":5.0},{"damage":10.0,"enemies":"Shell Parasite","floor":19.0,"turns":4.0},{"damage":22.0,"enemies":"Cultist and Chosen","floor":20.0,"turns":6.0},{"damage":33.0,"enemies":"Chosen and Byrds","floor":21.0,"turns":8.0},{"damage":20,"enemies":"Slavers","floor":23,"turns":3},{"damage":58,"enemies":"Book of Stabbing","floor":25,"turns":6}],"seed_played":"-8388995804936460892","potions_obtained":[{"floor":1.0,"key":"StancePotion"},{"floor":2.0,"key":"FearPotion"},{"floor":5.0,"key":"FearPotion"},{"floor":14.0,"key":"Dexterity Potion"},{"floor":16.0,"key":"SteroidPotion"},{"floor":18.0,"key":"AttackPotion"}],"is_trial":false,"path_per_floor":["M","M","?","M","M","E","M","R","T","$","?","$","E","M","R","B",null,"M","M","M","M","$","E","R","E"],"character_chosen":"WATCHER","items_purchased":["Protect","DollysMirror"],"campfire_rested":2,"item_purchase_floors":[12,22],"current_hp_per_floor":[72,72,58,58,53,34,33,54,54,54,54,54,47,48,48,43,75,58,49,45,25,25,28,52,0,0],"gold":75,"neow_bonus":"ONE_RANDOM_RARE_CARD","is_daily":false,"chose_seed":false,"campfire_upgraded":1,"win_rate":0.0,"timestamp":1607741292,"path_taken":["M","M","?","M","M","E","M","R","T","$","?","$","E","M","R","BOSS","M","?","?","M","$","E","R","E"],"items_purchased_type":["Card","Relic"],"build_version":"2020-11-30","purchased_purges":2,"victory":false,"max_hp_per_floor":[72,72,72,72,72,72,72,72,72,72,72,72,73,74,74,75,75,76,77,78,79,79,80,80,80,80],"card_choices":[{"not_picked":["CutThroughFate","BowlingBash"],"picked":"CarveReality","floor":1.0},{"not_picked":["EmptyBody","Collect"],"picked":"ReachHeaven","floor":2.0},{"not_picked":["ThirdEye","WindmillStrike"],"picked":"BattleHymn","floor":4.0},{"not_picked":["BowlingBash","SashWhip"],"picked":"Study","floor":5.0},{"not_picked":["Worship","FollowUp","Weave"],"picked":"SKIP","floor":6.0},{"not_picked":["Wallop","Fasting2"],"picked":"Wireheading","floor":7.0},{"not_picked":["Omniscience","FlurryOfBlows","Collect"],"picked":"SKIP","floor":13.0},{"not_picked":["ReachHeaven","Evaluate","ForeignInfluence"],"picked":"SKIP","floor":14.0},{"not_picked":["Protect","CutThroughFate+1","ThirdEye","BowlingBash"],"picked":"SKIP","floor":18.0},{"not_picked":["Fasting2","Evaluate","ClearTheMind"],"picked":"MasterReality","floor":19.0},{"not_picked":["EmptyFist+1","EmptyBody","ThirdEye","Wireheading"],"picked":"SKIP","floor":20.0},{"not_picked":["Halt","Worship","EmptyFist","ForeignInfluence"],"picked":"SKIP","floor":21.0},{"not_picked":["EmptyFist+1","FlurryOfBlows+1","PathToVictory"],"picked":"EmptyMind","floor":23}],"player_experience":422852,"relics_obtained":[{"floor":6.0,"key":"Matryoshka"},{"floor":9.0,"key":"Centennial Puzzle"},{"floor":9.0,"key":"Gremlin Horn"},{"floor":13.0,"key":"Meat on the Bone"},{"floor":17.0,"key":"Toy Ornithopter"},{"floor":17.0,"key":"Question Card"},{"floor":17.0,"key":"Du-Vu Doll"},{"floor":23,"key":"White Beast Statue"}],"event_choices":[{"damage_healed":0.0,"max_hp_gain":0.0,"max_hp_loss":0.0,"gold_gain":0.0,"event_name":"Shining Light","player_choice":"Entered Light","floor":3.0,"gold_loss":0.0,"damage_taken":14.0,"cards_upgraded":["Strike_P","ReachHeaven"]},{"damage_healed":0.0,"max_hp_gain":0.0,"max_hp_loss":0.0,"gold_gain":0.0,"event_name":"FaceTrader","player_choice":"Trade","floor":11.0,"gold_loss":0.0,"damage_taken":0.0,"relics_obtained":["FaceOfCleric"]}],"is_beta":false,"boss_relics":[{"not_picked":["Pandora\u0027s Box","Coffee Dripper"],"picked":"Calling Bell"}],"items_purged_floors":[10,12],"is_endless":false,"potions_floor_spawned":[1,2,5,14,16,18],"killed_by":"Book of Stabbing","ascension_level":3}}