{"host":"foq4mrde4mssg7vt","time":1607794291,"event":{"mods":["AchievementEnabler","BaseMod","Colored Map","Colored Powertips","Highlight Path","Minty Spire (QoL Compilation)","Relic Stats","everything is the same but u backflip on backflip"],"gold_per_floor":[110,110,128,25,41,68,82,114,114,145,155,185,196,207,207,303,303,318,329,329,348,87,87,112,132,132,145,145,33,62,75,75,175,175,189,189,189,206,206,231,243,267,279,320,24,38,54,6,6,6,6,6,6,40,40,40],"floor_reached":55,"playtime":3213,"items_purged":["Strike_B","Defend_B"],"score":1164,"play_id":"4329a2a3-74d7-4aac-b43e-3969c260b9c1","local_time":"20201213013131","is_ascension_mode":true,"campfire_choices":[{"data":"Loop","floor":15.0,"key":"SMITH"},{"data":"Apotheosis","floor":23.0,"key":"SMITH"},{"data":"Biased Cognition","floor":28.0,"key":"SMITH"},{"data":"Consume","floor":32.0,"key":"SMITH"},{"floor":41.0,"key":"REST"},{"floor":49.0,"key":"RECALL"},{"floor":52.0,"key":"REST"}],"circlet_count":0,"master_deck":["Defend_B","Defend_B","Defend_B","Zap","Dualcast","Loop+1","Ball Lightning","Gash","FTL","Gash","Cold Snap","Glacier","Barrage","Biased Cognition+1","CurseOfTheBell","Capacitor","Apotheosis+1","Consume+1","Capacitor","Glacier+1","Multi-Cast+1","Blizzard+1","Buffer","Hologram+1","Conserve Battery+1","Self Repair+1","Stack+1","Turbo"],"relics":["Cracked Core","Strawberry","Letter Opener","Thread and Needle","HornCleat","Bottled Flame","Pear","Calling Bell","StrikeDummy","Pocketwatch","Unceasing Top","Molten Egg 2","Smiling Mask","Astrolabe","MawBank","Boot","Mummified Hand","Nunchaku"],"acts_visited":["Exordium","TheCity","TheBeyond","TheEnding"],"potions_floor_usage":[55,55],"damage_taken":[{"damage":0.0,"enemies":"Small Slimes","floor":1.0,"turns":2.0},{"damage":4.0,"enemies":"Jaw Worm","floor":3.0,"turns":4.0},{"damage":0.0,"enemies":"Cultist","floor":5.0,"turns":3.0},{"damage":25.0,"enemies":"Lagavulin","floor":6.0,"turns":5.0},{"damage":7.0,"enemies":"Large Slime","floor":7.0,"turns":4.0},{"damage":8.0,"enemies":"Gremlin Nob","floor":8.0,"turns":3.0},{"damage":4.0,"enemies":"3 Sentries","floor":10.0,"turns":5.0},{"damage":3.0,"enemies":"Red Slaver","floor":11.0,"turns":3.0},{"damage":0.0,"enemies":"Gremlin Nob","floor":12.0,"turns":4.0},{"damage":3.0,"enemies":"Exordium Wildlife","floor":13.0,"turns":5.0},{"damage":0.0,"enemies":"2 Fungi Beasts","floor":14.0,"turns":2.0},{"damage":0.0,"enemies":"The Guardian","floor":16.0,"turns":11.0},{"damage":0.0,"enemies":"Chosen","floor":18.0,"turns":5.0},{"damage":1.0,"enemies":"2 Thieves","floor":19.0,"turns":4.0},{"damage":2.0,"enemies":"Snake Plant","floor":21.0,"turns":4.0},{"damage":0.0,"enemies":"Book of Stabbing","floor":24.0,"turns":5.0},{"damage":0.0,"enemies":"3 Cultists","floor":25.0,"turns":4.0},{"damage":0.0,"enemies":"Centurion and Healer","floor":27.0,"turns":5.0},{"damage":0.0,"enemies":"Gremlin Leader","floor":30.0,"turns":7.0},{"damage":9.0,"enemies":"Cultist and Chosen","floor":31.0,"turns":6.0},{"damage":38.0,"enemies":"Automaton","floor":33.0,"turns":11.0},{"damage":20.0,"enemies":"3 Shapes","floor":35.0,"turns":5.0},{"damage":28.0,"enemies":"3 Darklings","floor":38.0,"turns":7.0},{"damage":44.0,"enemies":"Reptomancer","floor":40.0,"turns":10.0},{"damage":12.0,"enemies":"Transient","floor":42.0,"turns":5.0},{"damage":12.0,"enemies":"Nemesis","floor":44.0,"turns":11.0},{"damage":0.0,"enemies":"Writhing Mass","floor":46.0,"turns":10.0},{"damage":9.0,"enemies":"4 Shapes","floor":47.0,"turns":8.0},{"damage":10.0,"enemies":"Donu and Deca","floor":50.0,"turns":13.0},{"damage":91.0,"enemies":"Shield and Spear","floor":54.0,"turns":12.0},{"damage":25,"enemies":"The Heart","floor":55,"turns":12}],"seed_played":"8565686200984649743","potions_obtained":[{"floor":3.0,"key":"Fire Potion"},{"floor":7.0,"key":"Fire Potion"},{"floor":11.0,"key":"Block Potion"},{"floor":16.0,"key":"SteroidPotion"},{"floor":19.0,"key":"Strength Potion"},{"floor":27.0,"key":"DuplicationPotion"},{"floor":31.0,"key":"SpeedPotion"},{"floor":40.0,"key":"LiquidMemories"},{"floor":44.0,"key":"Weak Potion"},{"floor":47.0,"key":"SpeedPotion"},{"floor":54.0,"key":"Weak Potion"}],"is_trial":false,"path_per_floor":["M","?","M","$","M","E","M","E","T","E","M","E","M","M","R","B",null,"M","M","?","M","$","R","E","M","T","M","R","$","E","M","R","B",null,"M","?","?","M","?","E","R","M","T","E","$","M","M","$","R","B",null,"R","$","E","B"],"character_chosen":"DEFECT","items_purchased":["Gash","FearPotion","Apotheosis","Consume","Capacitor","Mummified Hand","FocusPotion"],"campfire_rested":2,"item_purchase_floors":[4,4,22,29,29,45,48],"current_hp_per_floor":[75,80,76,76,76,51,44,36,36,32,29,39,36,36,36,36,82,82,81,81,79,79,79,79,79,79,79,79,79,79,70,70,32,81,61,61,102,74,74,30,60,48,48,36,36,46,47,47,47,47,88,102,102,21,0,0],"gold":40,"neow_bonus":"RANDOM_COMMON_RELIC","is_daily":false,"chose_seed":false,"campfire_upgraded":4,"win_rate":0.0,"timestamp":1607794291,"path_taken":["M","?","M","$","M","E","M","E","T","E","M","E","M","M","R","BOSS","M","M","?","M","$","R","E","M","T","M","R","$","E","M","R","BOSS","M","?","?","?","?","E","R","M","T","E","$","M","M","$","R","BOSS","R","$","E","BOSS"],"items_purchased_type":["Card","Potion","Card","Card","Card","Relic","Potion"],"build_version":"2020-11-30","purchased_purges":2,"victory":false,"max_hp_per_floor":[82,87,87,87,87,87,87,87,87,87,87,97,97,97,97,97,97,97,97,97,97,97,97,97,97,97,97,97,97,97,97,97,97,97,97,92,102,102,102,102,102,102,102,102,102,102,102,102,102,102,102,102,102,102,102,102],"relic_stats":{"Nunchaku":[1],"counters":[31,194],"Mummified Hand":[32],"Astrolabe":["Glacier","Multi-Cast","Blizzard"],"Letter Opener":[152],"Smiling Mask":50,"MawBank":60,"Boot":[19],"obtain_stats":[{"Pear":12,"Astrolabe":34,"Thread and Needle":8,"Letter Opener":6,"Smiling Mask":30,"MawBank":40,"Boot":44,"Calling Bell":17,"Bottled Flame":10,"Nunchaku":54,"HornCleat":9,"Mummified Hand":45,"Strawberry":0,"Molten Egg 2":26,"Cracked Core":0,"StrikeDummy":17,"Unceasing Top":24,"Pocketwatch":17},{"Pear":9,"Astrolabe":21,"Thread and Needle":6,"Letter Opener":4,"Smiling Mask":19,"MawBank":24,"Boot":26,"Calling Bell":12,"Bottled Flame":7,"Nunchaku":30,"HornCleat":6,"Mummified Hand":26,"Strawberry":0,"Molten Egg 2":17,"Cracked Core":0,"StrikeDummy":12,"Unceasing Top":16,"Pocketwatch":12},{"Pear":33,"Astrolabe":101,"Thread and Needle":21,"Letter Opener":14,"Smiling Mask":84,"MawBank":123,"Boot":139,"Calling Bell":50,"Bottled Flame":26,"Nunchaku":182,"HornCleat":21,"Mummified Hand":139,"Strawberry":0,"Molten Egg 2":72,"Cracked Core":0,"StrikeDummy":50,"Unceasing Top":68,"Pocketwatch":50}],"Unceasing Top":[1],"Pocketwatch":[234]},"card_choices":[{"not_picked":["Stack","Conserve Battery"],"picked":"Loop","floor":1.0},{"not_picked":["Sunder","Chaos"],"picked":"Ball Lightning","floor":3.0},{"not_picked":["Redo","Ball Lightning"],"picked":"FTL","floor":5.0},{"not_picked":["Hologram","Heatsinks"],"picked":"Gash","floor":6.0},{"not_picked":["Turbo","Double Energy","Redo"],"picked":"SKIP","floor":7.0},{"not_picked":["Turbo","Barrage"],"picked":"Cold Snap","floor":8.0},{"not_picked":["Force Field","Cold Snap","Rebound"],"picked":"SKIP","floor":10.0},{"not_picked":["Turbo","Force Field"],"picked":"Glacier","floor":11.0},{"not_picked":["BootSequence","Turbo"],"picked":"Barrage","floor":12.0},{"not_picked":["Steam Power","Heatsinks","Rebound"],"picked":"SKIP","floor":13.0},{"not_picked":["BootSequence","Glacier","Creative AI"],"picked":"SKIP","floor":14.0},{"not_picked":["Fission","Core Surge"],"picked":"Biased Cognition","floor":16.0},{"not_picked":["Compile Driver","Lockon","Barrage"],"picked":"SKIP","floor":18.0},{"not_picked":["Consume+1","Melter+1","Streamline"],"picked":"SKIP","floor":19.0},{"not_picked":["Static Discharge+1","Darkness+1"],"picked":"Capacitor","floor":21.0},{"not_picked":["Aggregate","Heatsinks","All For One"],"picked":"SKIP","floor":24.0},{"not_picked":["Aggregate","Heatsinks","All For One"],"picked":"SKIP","floor":24.0},{"not_picked":["Sunder","Double Energy","Heatsinks"],"picked":"SKIP","floor":25.0},{"not_picked":["Heatsinks","Gash+1","Rebound+1"],"picked":"SKIP","floor":27.0},{"not_picked":["Compile Driver+1","Auto Shields","Meteor Strike+1"],"picked":"SKIP","floor":30.0},{"not_picked":["Ball Lightning+1","Rip and Tear+1","Redo"],"picked":"SKIP","floor":31.0},{"not_picked":["Thunder Strike+1","Reboot"],"picked":"Echo Form","floor":33.0},{"not_picked":["Heatsinks+1","Rebound+1","Gash+1"],"picked":"SKIP","floor":35.0},{"not_picked":["Blizzard+1","Sunder+1","Double Energy"],"picked":"SKIP","floor":38.0},{"not_picked":["Auto Shields+1","Gash+1"],"picked":"Hologram+1","floor":40.0},{"not_picked":["Capacitor+1","Coolheaded"],"picked":"Conserve Battery+1","floor":42.0},{"not_picked":["Hologram","Doom and Gloom+1"],"picked":"Self Repair+1","floor":44.0},{"not_picked":["Compile Driver+1","Conserve Battery"],"picked":"Stack+1","floor":46.0},{"not_picked":["Streamline+1","Cold Snap+1","Rebound+1"],"picked":"SKIP","floor":47.0},{"not_picked":["Static Discharge","All For One+1"],"picked":"Turbo","floor":54.0}],"player_experience":157598,"relics_obtained":[{"floor":6.0,"key":"Letter Opener"},{"floor":8.0,"key":"Thread and Needle"},{"floor":9.0,"key":"HornCleat"},{"floor":10.0,"key":"Bottled Flame"},{"floor":12.0,"key":"Pear"},{"floor":17.0,"key":"StrikeDummy"},{"floor":17.0,"key":"Pocketwatch"},{"floor":24.0,"key":"Unceasing Top"},{"floor":26.0,"key":"Molten Egg 2"},{"floor":30.0,"key":"Smiling Mask"},{"floor":40.0,"key":"MawBank"},{"floor":44.0,"key":"Boot"},{"floor":54.0,"key":"Nunchaku"}],"event_choices":[{"damage_healed":0.0,"max_hp_gain":5.0,"max_hp_loss":0.0,"gold_gain":0.0,"event_name":"Big Fish","player_choice":"Donut","floor":2.0,"gold_loss":0.0,"damage_taken":0.0},{"damage_healed":0.0,"max_hp_gain":0.0,"max_hp_loss":0.0,"gold_gain":0.0,"event_name":"Ghosts","player_choice":"Ignored","floor":20.0,"gold_loss":0.0,"damage_taken":0.0},{"damage_healed":0.0,"max_hp_gain":0.0,"max_hp_loss":5.0,"gold_gain":0.0,"event_name":"Winding Halls","player_choice":"Max HP","floor":36.0,"gold_loss":0.0,"damage_taken":0.0},{"cards_removed":["Echo Form"],"damage_healed":31.0,"max_hp_gain":10.0,"max_hp_loss":0.0,"gold_gain":0.0,"event_name":"Bonfire Elementals","player_choice":"Offered Rare","floor":37.0,"gold_loss":0.0,"damage_taken":0.0},{"damage_healed":0.0,"max_hp_gain":0.0,"max_hp_loss":0.0,"gold_gain":0.0,"event_name":"Match and Keep!","player_choice":"1 cards matched","floor":39.0,"gold_loss":0.0,"damage_taken":0.0,"cards_obtained":["Buffer"]}],"is_beta":false,"boss_relics":[{"not_picked":["Philosopher\u0027s Stone","Busted Crown"],"picked":"Calling Bell"},{"not_picked":["Tiny House","Velvet Choker"],"picked":"Astrolabe"}],"items_purged_floors":[22,45],"is_endless":false,"potions_floor_spawned":[3,7,10,11,16,19,27,31,35,40,44,47,54],"killed_by":"The Heart","ascension_level":6}}