{"host":"milnbpnt8q6cnpmr","time":1607752442,"event":{"mods":["BaseMod","Marisa????????","Minty Spire (QoL Compilation)"],"gold_per_floor":[114,130,130,140,151,151,168,201,201,201,233,233,251,282,282,361,361,374,388,148,63,63,63,83,94,120,120,152,166,166,201,201,273,273,283,294,294,108,118,118,150,163,163,195,208,208,241,241,241,241],"floor_reached":51,"playtime":3559,"items_purged":["Strike_MRS","DC+1"],"score":1731,"play_id":"560106c7-e760-4884-a75e-6deb8d26a293","local_time":"20201211215402","is_ascension_mode":true,"campfire_choices":[{"data":"DC","floor":6.0,"key":"SMITH"},{"floor":10.0,"key":"REST"},{"data":"CasketOfStar","floor":12.0,"key":"SMITH"},{"data":"MagicChant","floor":15.0,"key":"SMITH"},{"data":"ManaConvection","floor":23.0,"key":"SMITH"},{"floor":30.0,"key":"REST"},{"floor":32,"key":"REST"},{"data":"Trip","floor":40,"key":"SMITH"},{"data":"SprinkleStarSeal","floor":46,"key":"SMITH"},{"data":"ManaConvection","floor":49,"key":"SMITH"}],"circlet_count":0,"master_deck":["AscendersBane","Strike_MRS+1","Strike_MRS+1","Defend_MRS+1","Defend_MRS+1","Defend_MRS+1","Defend_MRS+1","UpSweep","Trip+1","MilkyWay+1","CasketOfStar+1","Acceleration+1","MilkyWay","Acceleration","MagicChant+1","UltimateShortwave","AlicesGift","ManaConvection+1","Parasite","Parasite","ManaConvection+1","DeepEcoloBomb+1","OrrerysSun+1","Acceleration","SprinkleStarSeal+1"],"relics":["BewitchedHakkero","Ornamental Fan","Pocketwatch","Pantograph","Ginger","Black Star","War Paint","Smiling Mask","ShroomBag","Mercury Hourglass","Frozen Egg 2","MealTicket","BreadOfAWashokuLover","Du-Vu Doll","Sundial","Omamori","Lantern","Orichalcum","Centennial Puzzle"],"acts_visited":["Exordium","TheCity","TheBeyond"],"potions_floor_usage":[31,41,44,50,50],"damage_taken":[{"damage":7.0,"enemies":"Jaw Worm","floor":1.0,"turns":2.0},{"damage":0.0,"enemies":"2 Louse","floor":2.0,"turns":2.0},{"damage":1.0,"enemies":"Small Slimes","floor":4.0,"turns":3.0},{"damage":2.0,"enemies":"Looter","floor":5.0,"turns":3.0},{"damage":4.0,"enemies":"Gremlin Gang","floor":7.0,"turns":5.0},{"damage":15.0,"enemies":"3 Sentries","floor":8.0,"turns":3.0},{"damage":6.0,"enemies":"Lagavulin","floor":11.0,"turns":5.0},{"damage":1.0,"enemies":"2 Fungi Beasts","floor":13.0,"turns":3.0},{"damage":1.0,"enemies":"Gremlin Nob","floor":14.0,"turns":3.0},{"damage":5.0,"enemies":"Hexaghost","floor":16.0,"turns":3.0},{"damage":2.0,"enemies":"3 Byrds","floor":18.0,"turns":5.0},{"damage":14.0,"enemies":"Spheric Guardian","floor":19.0,"turns":4.0},{"damage":23.0,"enemies":"Cultist and Chosen","floor":24.0,"turns":5.0},{"damage":19.0,"enemies":"Centurion and Healer","floor":25.0,"turns":4.0},{"damage":33.0,"enemies":"Slavers","floor":28.0,"turns":5.0},{"damage":0.0,"enemies":"Snake Plant","floor":29.0,"turns":2.0},{"damage":18,"enemies":"Book of Stabbing","floor":31,"turns":4},{"damage":0,"enemies":"Automaton","floor":33,"turns":5},{"damage":5,"enemies":"3 Shapes","floor":35,"turns":3},{"damage":11,"enemies":"Orb Walker","floor":36,"turns":2},{"damage":0,"enemies":"Sphere and 2 Shapes","floor":39,"turns":4},{"damage":0,"enemies":"Giant Head","floor":41,"turns":4},{"damage":21,"enemies":"Spire Growth","floor":42,"turns":3},{"damage":0,"enemies":"Nemesis","floor":44,"turns":3},{"damage":0,"enemies":"Maw","floor":45,"turns":3},{"damage":0,"enemies":"Giant Head","floor":47,"turns":4},{"damage":15,"enemies":"Awakened One","floor":50,"turns":3}],"seed_played":"-5151868983018898795","potions_obtained":[{"floor":2.0,"key":"ColorlessPotion"},{"floor":11.0,"key":"DuplicationPotion"},{"floor":13.0,"key":"Energy Potion"},{"floor":14.0,"key":"PowerPotion"},{"floor":18.0,"key":"Fruit Juice"},{"floor":25.0,"key":"SkillPotion"},{"floor":29.0,"key":"Swift Potion"},{"floor":39,"key":"ColorlessPotion"},{"floor":42,"key":"DistilledChaos"},{"floor":44,"key":"PowerPotion"}],"is_trial":false,"path_per_floor":["M","M","?","M","M","R","M","E","T","R","E","R","M","E","R","B",null,"M","M","$","?","?","R","M","M","T","?","E","M","R","E","R","B",null,"M","M","?","$","M","R","E","M","T","E","M","R","E","?","R","B",null],"character_chosen":"MARISA","items_purchased":["War Paint","OrrerysSun+1","Swift Potion"],"campfire_rested":3,"item_purchase_floors":[20,38,38],"current_hp_per_floor":[56,56,49,48,46,46,42,27,27,48,42,42,41,40,40,60,68,66,52,52,52,52,52,29,10,15,30,1,1,23,9,31,63,72,74,67,67,75,88,88,88,67,67,71,75,75,79,79,79,75],"gold":241,"neow_bonus":"RANDOM_COLORLESS","is_daily":false,"chose_seed":false,"campfire_upgraded":7,"win_rate":0.0,"timestamp":1607752442,"path_taken":["M","M","?","M","M","R","M","E","T","R","E","R","M","E","R","BOSS","M","M","$","?","?","R","M","M","T","?","E","M","R","E","R","BOSS","M","M","?","$","M","R","E","?","T","E","M","R","E","?","R","BOSS"],"items_purchased_type":["Relic","Card","Potion"],"build_version":"2020-11-30","purchased_purges":2,"victory":true,"max_hp_per_floor":[70,70,70,70,70,70,70,70,70,70,70,70,70,70,70,70,70,70,70,70,70,70,70,70,70,75,75,75,75,75,75,75,75,75,75,75,75,75,88,88,88,88,88,88,88,88,88,88,88,88],"card_choices":[{"not_picked":["Finesse","Deep Breath"],"picked":"Trip","floor":0.0},{"not_picked":["UnstableBomb","6A"],"picked":"DC","floor":1.0},{"not_picked":["WitchOfGreed","AlicesGift"],"picked":"MilkyWay","floor":2.0},{"not_picked":["ShootingEcho","MachineGunSpark"],"picked":"CasketOfStar","floor":4.0},{"not_picked":["NonDirectionalLaser","OpenUniverse"],"picked":"Acceleration","floor":5.0},{"not_picked":["PropBag","GravityBeat"],"picked":"MilkyWay","floor":7.0},{"not_picked":["SatelliteIllusion","GrandCross","MachineGunSpark"],"picked":"SKIP","floor":8.0},{"not_picked":["NonDirectionalLaser","DC"],"picked":"Acceleration","floor":11.0},{"not_picked":["EarthLightRay","Occultation","FairyDestructionRay"],"picked":"SKIP","floor":13.0},{"not_picked":["IllusionStar","BlazeAway"],"picked":"MagicChant","floor":14.0},{"not_picked":["CollectingQuirk","AbsoluteMagnitude"],"picked":"UltimateShortwave","floor":16.0},{"not_picked":["WitchLeyline","EnergyRecoil"],"picked":"AlicesGift","floor":18.0},{"not_picked":["IllusionStar+1","SporeBomb"],"picked":"ManaConvection","floor":19.0},{"not_picked":["OneTimeOff","6A","GasGiant"],"picked":"SKIP","floor":24.0},{"not_picked":["WitchLeyline+1","MilkyWay","RefractionSpark"],"picked":"SKIP","floor":25.0},{"not_picked":["StarBarrage","SuperNova+1","MachineGunSpark"],"picked":"SKIP","floor":28.0},{"not_picked":["6A","Occultation"],"picked":"ManaConvection","floor":29.0},{"not_picked":["Acceleration","MilkyWay","WitchOfGreed+1"],"picked":"SKIP","floor":31},{"not_picked":["UnstableBomb","DragonMeteor","SporeBomb+1"],"picked":"SKIP","floor":35},{"not_picked":["StarlightTyphoon","DragonMeteor+1"],"picked":"DeepEcoloBomb+1","floor":36},{"not_picked":["DC+1","LuminesStrike+1","ShootingEcho"],"picked":"SKIP","floor":39},{"not_picked":["TreasureHunter","ShootingEcho+1","PropBag"],"picked":"SKIP","floor":41},{"not_picked":["TreasureHunter","ShootingEcho+1","PropBag"],"picked":"SKIP","floor":41},{"not_picked":["MilkyWay","ShootTheMoon","Singularity+1"],"picked":"SKIP","floor":42},{"not_picked":["MilkyWay","ShootTheMoon","Singularity+1"],"picked":"SKIP","floor":42},{"not_picked":["NonDirectionalLaser","MagicAbsorber"],"picked":"Acceleration","floor":44},{"not_picked":["ShootingEcho","SporeBomb+1"],"picked":"SprinkleStarSeal","floor":45},{"not_picked":["SuperPerseids+1","PowerUp","NonDirectionalLaser+1"],"picked":"SKIP","floor":47}],"player_experience":1140091,"relics_obtained":[{"floor":8.0,"key":"Ornamental Fan"},{"floor":9.0,"key":"Pocketwatch"},{"floor":11.0,"key":"Pantograph"},{"floor":14.0,"key":"Ginger"},{"floor":26.0,"key":"ShroomBag"},{"floor":28.0,"key":"Mercury Hourglass"},{"floor":28.0,"key":"Frozen Egg 2"},{"floor":31,"key":"MealTicket"},{"floor":31,"key":"BreadOfAWashokuLover"},{"floor":41,"key":"Du-Vu Doll"},{"floor":41,"key":"Sundial"},{"floor":44,"key":"Omamori"},{"floor":44,"key":"Lantern"},{"floor":47,"key":"Orichalcum"},{"floor":47,"key":"Centennial Puzzle"}],"event_choices":[{"cards_removed":["Strike_MRS"],"damage_healed":0.0,"max_hp_gain":0.0,"max_hp_loss":0.0,"gold_gain":0.0,"event_name":"Golden Wing","player_choice":"Card Removal","floor":3.0,"gold_loss":0.0,"damage_taken":7.0},{"damage_healed":0.0,"max_hp_gain":0.0,"max_hp_loss":0.0,"gold_gain":0.0,"event_name":"Addict","player_choice":"Obtained Relic","floor":21.0,"gold_loss":85.0,"damage_taken":0.0,"relics_obtained":["Smiling Mask"]},{"damage_healed":0.0,"max_hp_gain":0.0,"max_hp_loss":0.0,"gold_gain":0.0,"event_name":"Back to Basics","player_choice":"Simplicity","floor":22.0,"gold_loss":0.0,"damage_taken":0.0,"cards_upgraded":["Strike_MRS","Strike_MRS","Defend_MRS","Defend_MRS","Defend_MRS","Defend_MRS"]},{"damage_healed":15.0,"max_hp_gain":0.0,"max_hp_loss":0.0,"gold_gain":0.0,"event_name":"The Library","player_choice":"Heal","floor":27.0,"gold_loss":0.0,"damage_taken":0.0},{"cards_removed":["MasterSpark"],"damage_healed":0,"gold_gain":0,"player_choice":"Offered Basic","damage_taken":0,"max_hp_gain":0,"max_hp_loss":0,"event_name":"Bonfire Elementals","floor":37,"gold_loss":0},{"damage_healed":0,"gold_gain":0,"player_choice":"Ignored","damage_taken":0,"max_hp_gain":0,"max_hp_loss":0,"event_name":"Fountain of Cleansing","floor":48,"gold_loss":0}],"is_beta":false,"boss_relics":[{"not_picked":["Tiny House","Runic Dome"],"picked":"Black Star"},{"not_picked":["Astrolabe","Velvet Choker"],"picked":"BewitchedHakkero"}],"items_purged_floors":[20,38],"is_endless":false,"potions_floor_spawned":[2,11,13,14,18,25,29,39,42,44,47],"ascension_level":17}}