{"host":"fdq5pmhluajjrf8d","time":1607788754,"event":{"mods":["BaseMod","Minty Spire (QoL Compilation)"],"gold_per_floor":[113,113,131,150,168,195,195,208,208,208,239,153,153,78,78,78,78],"floor_reached":16,"playtime":418,"items_purged":["Injury"],"score":215,"play_id":"115073d6-00bc-416e-befa-4e46635cc8bb","local_time":"20201212105914","is_ascension_mode":true,"campfire_choices":[{"data":"Hyperbeam","floor":7,"key":"SMITH"},{"floor":10,"key":"REST"},{"data":"Beam Cell","floor":15,"key":"SMITH"}],"circlet_count":0,"master_deck":["AscendersBane","Strike_B","Strike_B","Strike_B","Defend_B","Defend_B","Zap","Dualcast","Hyperbeam+1","Auto Shields","Melter","Rebound","Reboot","Hologram","Reinforced Body","Beam Cell+1","Recycle","Rip and Tear"],"relics":["Cracked Core","Happy Flower","Boot","Anchor","Golden Idol"],"acts_visited":["Exordium"],"potions_floor_usage":[6,11],"damage_taken":[{"damage":0,"enemies":"Small Slimes","floor":1,"turns":2},{"damage":0,"enemies":"Cultist","floor":3,"turns":2},{"damage":0,"enemies":"2 Louse","floor":4,"turns":1},{"damage":1,"enemies":"Lots of Slimes","floor":5,"turns":2},{"damage":15,"enemies":"3 Sentries","floor":6,"turns":3},{"damage":1,"enemies":"Exordium Wildlife","floor":8,"turns":2},{"damage":8,"enemies":"Gremlin Nob","floor":11,"turns":4},{"damage":43,"enemies":"The Guardian","floor":16,"turns":9}],"seed_played":"5247542307254755478","potions_obtained":[{"floor":4,"key":"EssenceOfSteel"},{"floor":5,"key":"Explosive Potion"}],"is_trial":false,"path_per_floor":["M","?","M","M","M","E","R","M","T","R","E","$","?","$","R","B"],"character_chosen":"DEFECT","items_purchased":["Rip and Tear"],"campfire_rested":1,"item_purchase_floors":[12],"current_hp_per_floor":[46,46,46,46,45,30,30,29,29,50,42,42,42,42,42,0,0],"gold":78,"neow_bonus":"TRANSFORM_TWO_CARDS","is_daily":false,"chose_seed":false,"campfire_upgraded":2,"win_rate":0.0,"timestamp":1607788754,"path_taken":["M","?","M","M","M","E","R","?","T","R","E","?","?","$","R","BOSS"],"items_purchased_type":["Card"],"build_version":"2020-11-30","purchased_purges":1,"victory":false,"max_hp_per_floor":[71,71,71,71,71,71,71,71,71,71,71,71,71,71,71,71,71],"card_choices":[{"not_picked":["Rebound","Streamline"],"picked":"Melter","floor":1},{"not_picked":["Steam","Blizzard"],"picked":"Rebound","floor":3},{"not_picked":["Conserve Battery","Ball Lightning"],"picked":"Reboot","floor":4},{"not_picked":["Go for the Eyes","Rebound"],"picked":"Hologram","floor":5},{"not_picked":["Aggregate","Melter"],"picked":"Reinforced Body","floor":6},{"not_picked":["Compile Driver","Cold Snap"],"picked":"Beam Cell","floor":8},{"not_picked":["Stack","Doom and Gloom"],"picked":"Recycle","floor":11}],"player_experience":1824985,"relics_obtained":[{"floor":6,"key":"Happy Flower"},{"floor":9,"key":"Boot"},{"floor":11,"key":"Anchor"}],"event_choices":[{"cards_removed":["Defend_B"],"damage_healed":0,"gold_gain":0,"player_choice":"Purged","damage_taken":0,"max_hp_gain":0,"max_hp_loss":0,"event_name":"Purifier","floor":2,"gold_loss":0},{"damage_healed":0,"gold_gain":0,"player_choice":"Take Wound","damage_taken":0,"relics_obtained":["Golden Idol"],"max_hp_gain":0,"max_hp_loss":0,"event_name":"Golden Idol","floor":13,"gold_loss":0,"cards_obtained":["Injury"]}],"is_beta":false,"boss_relics":[],"items_purged_floors":[14],"is_endless":false,"potions_floor_spawned":[4,5],"killed_by":"The Guardian","ascension_level":19}}