{"host":"2hea6pl5vmah38iy","time":1607774719,"event":{"mods":["AchievementEnabler","BaseMod","Colored Map","DeckTracker","Keyboard Shortcuts","Minty Spire (QoL Compilation)","Rare Cards Sparkle","StSLib","SuperFastMode","everything is the same but u backflip on backflip"],"gold_per_floor":[19,30,41,57,71,71,71,91,91,111,122,135,150,6,6,78,78,89,107,117,117,117,117],"floor_reached":22,"playtime":1123,"items_purged":["Strike_G"],"score":307,"play_id":"20f8831a-2a57-4b99-9e5f-3c248020e2e6","local_time":"20201212210519","is_ascension_mode":true,"campfire_choices":[{"data":"Calculated Gamble","floor":6.0,"key":"SMITH"},{"data":"Footwork","floor":15.0,"key":"SMITH"}],"circlet_count":0,"master_deck":["AscendersBane","Strike_G","Strike_G","Strike_G","Defend_G","Defend_G","Defend_G","Defend_G","Survivor","Neutralize","Calculated Gamble+1","Backstab","Underhanded Strike","Eviscerate+1","PiercingWail","Backflip","Prepared","Blur","Footwork+1","Grand Finale","Acrobatics","Deflect","Malaise"],"relics":["Ring of the Snake","Blood Vial","HoveringKite"],"acts_visited":["Exordium","TheCity"],"potions_floor_usage":[],"damage_taken":[{"damage":2.0,"enemies":"Cultist","floor":1.0,"turns":4.0},{"damage":1.0,"enemies":"Jaw Worm","floor":2.0,"turns":5.0},{"damage":2.0,"enemies":"Small Slimes","floor":3.0,"turns":4.0},{"damage":7.0,"enemies":"3 Louse","floor":4.0,"turns":3.0},{"damage":11.0,"enemies":"Lots of Slimes","floor":5.0,"turns":4.0},{"damage":0.0,"enemies":"2 Fungi Beasts","floor":8.0,"turns":3.0},{"damage":13.0,"enemies":"Blue Slaver","floor":10.0,"turns":3.0},{"damage":15.0,"enemies":"Large Slime","floor":11.0,"turns":7.0},{"damage":1.0,"enemies":"Red Slaver","floor":12.0,"turns":3.0},{"damage":0.0,"enemies":"Blue Slaver","floor":13.0,"turns":3.0},{"damage":30.0,"enemies":"The Guardian","floor":16.0,"turns":15.0},{"damage":13.0,"enemies":"Chosen","floor":18.0,"turns":6.0},{"damage":2.0,"enemies":"Spheric Guardian","floor":19.0,"turns":4.0},{"damage":1.0,"enemies":"Snake Plant","floor":20.0,"turns":6.0},{"damage":22,"enemies":"Chosen and Byrds","floor":22,"turns":10}],"seed_played":"-46964401011710067","potions_obtained":[{"floor":1.0,"key":"Dexterity Potion"},{"floor":2.0,"key":"Weak Potion"},{"floor":5.0,"key":"Regen Potion"},{"floor":16.0,"key":"SteroidPotion"}],"is_trial":false,"path_per_floor":["M","M","M","M","M","R","?","M","T","M","M","M","M","$","R","B",null,"M","M","M","?","M"],"character_chosen":"THE_SILENT","items_purchased":["Footwork"],"campfire_rested":0,"item_purchase_floors":[14],"current_hp_per_floor":[61,60,58,51,40,40,40,40,40,29,16,17,19,19,19,6,54,43,43,44,38,18,18],"gold":117,"neow_bonus":"REMOVE_TWO","is_daily":false,"chose_seed":false,"campfire_upgraded":2,"win_rate":0.0,"timestamp":1607774719,"path_taken":["M","?","M","?","M","R","?","M","T","M","M","?","M","?","R","BOSS","M","M","M","?","?"],"items_purchased_type":["Card"],"build_version":"2020-11-30","purchased_purges":1,"victory":false,"max_hp_per_floor":[70,70,70,70,70,70,70,70,70,70,70,70,70,70,70,70,70,70,70,70,70,70,70],"card_choices":[{"not_picked":["Outmaneuver","Quick Slash"],"picked":"Calculated Gamble","floor":1.0},{"not_picked":["Flying Knee","Prepared"],"picked":"Backstab","floor":2.0},{"not_picked":["Quick Slash","Slice"],"picked":"Underhanded Strike","floor":3.0},{"not_picked":["Dagger Spray","Catalyst"],"picked":"Eviscerate","floor":4.0},{"not_picked":["Caltrops","Cloak And Dagger","Bullet Time"],"picked":"SKIP","floor":5.0},{"not_picked":["Bane","Cloak And Dagger"],"picked":"PiercingWail","floor":8.0},{"not_picked":["PiercingWail","Dagger Spray"],"picked":"Backflip","floor":10.0},{"not_picked":["Wraith Form v2","Distraction"],"picked":"Prepared","floor":11.0},{"not_picked":["Outmaneuver","Blade Dance"],"picked":"Blur","floor":12.0},{"not_picked":["Cloak And Dagger","Choke","All Out Attack"],"picked":"SKIP","floor":13.0},{"not_picked":["Venomology","Night Terror"],"picked":"Grand Finale","floor":16.0},{"not_picked":["Cloak And Dagger+1","Blade Dance"],"picked":"Acrobatics","floor":18.0},{"not_picked":["Blade Dance","Flying Knee"],"picked":"Deflect","floor":19.0},{"not_picked":["Noxious Fumes","All Out Attack"],"picked":"Malaise","floor":20.0}],"player_experience":403459,"relics_obtained":[{"floor":9.0,"key":"Blood Vial"}],"event_choices":[{"damage_healed":0.0,"max_hp_gain":0.0,"max_hp_loss":0.0,"gold_gain":0.0,"event_name":"Upgrade Shrine","player_choice":"Upgraded","floor":7.0,"gold_loss":0.0,"damage_taken":0.0,"cards_upgraded":["Eviscerate"]},{"damage_healed":0,"gold_gain":0,"player_choice":"","damage_taken":6,"max_hp_gain":0,"max_hp_loss":0,"event_name":"Knowing Skull","floor":21,"potions_obtained":[],"gold_loss":0,"cards_obtained":[]}],"is_beta":false,"boss_relics":[{"not_picked":["Velvet Choker","Ring of the Serpent"],"picked":"HoveringKite"}],"items_purged_floors":[14],"is_endless":false,"potions_floor_spawned":[1,2,5,11,12,16],"killed_by":"Chosen and Byrds","ascension_level":13}}