{"host":"x0ovlu53kkkog8rv","time":1607798463,"event":{"mods":["BaseMod","Colored Map","Minty Spire (QoL Compilation)","Quick Restart","SuperFastMode"],"gold_per_floor":[115,133,133,133,150,150,170,170,195,218,240,279,305,333,345,456,468,464,476,488,138,158,158,158],"floor_reached":23,"playtime":615,"items_purged":[],"score":194,"play_id":"dc4f3b3d-4c9f-428f-8f2b-e79305227956","local_time":"20201213034103","is_ascension_mode":true,"campfire_choices":[{"data":"Wild Strike","floor":8,"key":"SMITH"},{"data":"Rampage","floor":15,"key":"SMITH"}],"circlet_count":0,"master_deck":["Strike_R","Strike_R","Strike_R","Strike_R","Defend_R","Defend_R","Defend_R","Defend_R","Bash","Wild Strike+1","Reckless Charge","Intimidate","Rupture","Warcry","Rampage+1","Shrug It Off","Pommel Strike","Limit Break","Flex+1","Writhe","Inflame","Heavy Blade"],"relics":["Burning Blood","Toy Ornithopter","MawBank","Bag of Marbles","Black Star","Pocketwatch","Ginger"],"acts_visited":["Exordium","TheCity"],"potions_floor_usage":[16,16,23],"damage_taken":[{"damage":5,"enemies":"Small Slimes","floor":1,"turns":3},{"damage":6,"enemies":"2 Louse","floor":2,"turns":2},{"damage":6,"enemies":"Cultist","floor":5,"turns":3},{"damage":7,"enemies":"Looter","floor":7,"turns":2},{"damage":16,"enemies":"Blue Slaver","floor":10,"turns":3},{"damage":9,"enemies":"Red Slaver","floor":11,"turns":2},{"damage":0,"enemies":"Looter","floor":13,"turns":1},{"damage":4,"enemies":"Gremlin Gang","floor":14,"turns":5},{"damage":65,"enemies":"Hexaghost","floor":16,"turns":10},{"damage":12,"enemies":"2 Thieves","floor":18,"turns":4},{"damage":26,"enemies":"Chosen","floor":22,"turns":5},{"damage":66,"enemies":"Slavers","floor":23,"turns":5}],"seed_played":"-3026690612653112643","potions_obtained":[{"floor":2,"key":"BlessingOfTheForge"},{"floor":5,"key":"ElixirPotion"},{"floor":10,"key":"BlessingOfTheForge"},{"floor":11,"key":"HeartOfIron"},{"floor":13,"key":"Regen Potion"}],"is_trial":false,"path_per_floor":["M","M","?","?","M","?","M","R","T","M","M","T","M","M","R","B",null,"M","?","?","$","M","E"],"character_chosen":"IRONCLAD","items_purchased":["Ginger","Inflame"],"campfire_rested":0,"item_purchase_floors":[21,21],"current_hp_per_floor":[80,80,77,69,69,74,73,73,73,63,60,60,66,68,68,34,85,79,79,76,76,56,0,0],"gold":158,"neow_bonus":"TRANSFORM_CARD","is_daily":false,"chose_seed":false,"campfire_upgraded":2,"win_rate":0.0,"timestamp":1607798463,"path_taken":["M","M","?","?","?","?","M","R","T","M","M","?","M","M","R","BOSS","M","?","?","$","M","E"],"items_purchased_type":["Relic","Card"],"build_version":"2020-11-30","purchased_purges":0,"victory":false,"max_hp_per_floor":[80,80,80,80,80,85,85,85,85,85,85,85,85,85,85,85,85,85,85,85,85,85,85,85],"card_choices":[{"not_picked":["Anger","Whirlwind"],"picked":"Reckless Charge","floor":1},{"not_picked":["Heavy Blade","Anger","Sword Boomerang"],"picked":"SKIP","floor":2},{"not_picked":["Ghostly Armor","Metallicize"],"picked":"Intimidate","floor":5},{"not_picked":["Clothesline","Sword Boomerang"],"picked":"Rupture","floor":7},{"not_picked":["Flame Barrier","Sword Boomerang"],"picked":"Warcry","floor":10},{"not_picked":["Metallicize","Pummel"],"picked":"Rampage","floor":11},{"not_picked":["Heavy Blade","Anger"],"picked":"Shrug It Off","floor":13},{"not_picked":["Havoc","Combust"],"picked":"Pommel Strike","floor":14},{"not_picked":["Barricade","Impervious"],"picked":"Limit Break","floor":16},{"not_picked":["Rupture+1","Heavy Blade"],"picked":"Flex+1","floor":18},{"not_picked":["Uppercut","Entrench"],"picked":"Heavy Blade","floor":22}],"player_experience":179410,"relics_obtained":[{"floor":9,"key":"MawBank"},{"floor":12,"key":"Bag of Marbles"}],"event_choices":[{"damage_healed":0,"gold_gain":0,"player_choice":"Success","damage_taken":3,"relics_obtained":["Toy Ornithopter"],"max_hp_gain":0,"max_hp_loss":0,"event_name":"Scrap Ooze","floor":3,"gold_loss":0},{"damage_healed":0,"gold_gain":0,"player_choice":"Damaged","damage_taken":8,"max_hp_gain":0,"max_hp_loss":0,"event_name":"Wheel of Change","floor":4,"gold_loss":0},{"damage_healed":0,"gold_gain":0,"player_choice":"Donut","damage_taken":0,"max_hp_gain":5,"max_hp_loss":0,"event_name":"Big Fish","floor":6,"gold_loss":0},{"damage_healed":0,"gold_gain":0,"player_choice":"Opened","damage_taken":0,"relics_obtained":["Pocketwatch"],"max_hp_gain":0,"max_hp_loss":0,"event_name":"The Mausoleum","floor":19,"gold_loss":0,"cards_obtained":["Writhe"]},{"damage_healed":0,"gold_gain":0,"player_choice":"Punched","damage_taken":3,"max_hp_gain":0,"max_hp_loss":0,"event_name":"Designer","floor":20,"gold_loss":0}],"is_beta":false,"boss_relics":[{"not_picked":["Tiny House","Ectoplasm"],"picked":"Black Star"}],"items_purged_floors":[],"is_endless":false,"potions_floor_spawned":[2,5,10,11,13],"killed_by":"Slavers","ascension_level":1}}