{"host":"dvpvhz1t6etneyb3","time":1607744350,"event":{"mods":["AchievementEnabler","BaseMod","Colored Map","Highlight Path","Minty Spire (QoL Compilation)","Permanent Neow","Quick Restart"],"gold_per_floor":[117,117,132,20,35,35,70,70,93,107,142,157,157,157,157,229,229,207,207,218,133,113,113,147,166,166,166,196,212,13,23,23,95,95,111,136,0,0,15,15,43,43,43,68,68,103,132,132,132,132,132],"floor_reached":52,"playtime":4755,"items_purged":["Strike_P"],"score":1997,"play_id":"33973770-05cd-45dd-8015-076f3e94b730","local_time":"20201211223910","is_ascension_mode":true,"campfire_choices":[{"data":"Conclude","floor":6.0,"key":"SMITH"},{"data":"BattleHymn","floor":8.0,"key":"SMITH"},{"data":"Wallop","floor":13.0,"key":"SMITH"},{"data":"Protect","floor":15.0,"key":"SMITH"},{"data":"WaveOfTheHand","floor":23.0,"key":"SMITH"},{"data":"TalkToTheHand","floor":27.0,"key":"SMITH"},{"data":"LikeWater","floor":32.0,"key":"SMITH"},{"data":"Collect","floor":40.0,"key":"SMITH"},{"data":"LikeWater","floor":42.0,"key":"SMITH"},{"data":"ThirdEye","floor":45,"key":"SMITH"},{"floor":49,"key":"REST"}],"circlet_count":0,"master_deck":["AscendersBane","Strike_P","Defend_P","Defend_P+1","Defend_P+1","Defend_P+1","Eruption+1","Vigilance","FlurryOfBlows+1","BattleHymn+1","Conclude+1","DeceiveReality","Protect+1","Wallop+1","ClearTheMind+1","MasterReality+1","ThirdEye+1","WaveOfTheHand+1","TalkToTheHand+1","LikeWater+1","WaveOfTheHand+1","LikeWater+1","LessonLearned","Collect+1","Sanctity+1","Perseverance+1"],"relics":["PureWater","Blood Vial","Nunchaku","Oddly Smooth Stone","Ancient Tea Set","FaceOfCleric","Philosopher\u0027s Stone","Meat on the Bone","Dead Branch","TungstenRod","Strawberry","Cursed Key","GoldenEye","Red Mask","Akabeko","CeramicFish","War Paint"],"acts_visited":["Exordium","TheCity","TheBeyond"],"potions_floor_usage":[51,51],"damage_taken":[{"damage":2.0,"enemies":"Small Slimes","floor":1.0,"turns":4.0},{"damage":0.0,"enemies":"Cultist","floor":3.0,"turns":2.0},{"damage":0.0,"enemies":"2 Louse","floor":5.0,"turns":2.0},{"damage":6.0,"enemies":"3 Sentries","floor":7.0,"turns":6.0},{"damage":8.0,"enemies":"Red Slaver","floor":10.0,"turns":3.0},{"damage":0.0,"enemies":"Gremlin Nob","floor":11.0,"turns":2.0},{"damage":0.0,"enemies":"Blue Slaver","floor":12.0,"turns":3.0},{"damage":18.0,"enemies":"The Guardian","floor":16.0,"turns":14.0},{"damage":0.0,"enemies":"2 Thieves","floor":18.0,"turns":4.0},{"damage":6.0,"enemies":"Spheric Guardian","floor":20.0,"turns":4.0},{"damage":3.0,"enemies":"Book of Stabbing","floor":24.0,"turns":5.0},{"damage":6.0,"enemies":"Cultist and Chosen","floor":25.0,"turns":3.0},{"damage":32.0,"enemies":"Gremlin Leader","floor":28.0,"turns":7.0},{"damage":0.0,"enemies":"Chosen and Byrds","floor":29.0,"turns":5.0},{"damage":0.0,"enemies":"Snecko","floor":31.0,"turns":6.0},{"damage":3.0,"enemies":"Champ","floor":33.0,"turns":10.0},{"damage":1.0,"enemies":"3 Darklings","floor":35.0,"turns":5.0},{"damage":0.0,"enemies":"Mind Bloom Boss Battle","floor":36.0,"turns":9.0},{"damage":0.0,"enemies":"Orb Walker","floor":39.0,"turns":5.0},{"damage":6.0,"enemies":"Nemesis","floor":41.0,"turns":11.0},{"damage":0,"enemies":"Giant Head","floor":44,"turns":7},{"damage":27,"enemies":"Reptomancer","floor":46,"turns":6},{"damage":3,"enemies":"3 Darklings","floor":47,"turns":4},{"damage":24,"enemies":"Awakened One","floor":50,"turns":22},{"damage":11,"enemies":"Donu and Deca","floor":51,"turns":6}],"seed_played":"1523800062105494451","potions_obtained":[{"floor":5.0,"key":"Swift Potion"},{"floor":7.0,"key":"FearPotion"},{"floor":11.0,"key":"Fire Potion"},{"floor":16.0,"key":"BlessingOfTheForge"},{"floor":18.0,"key":"Ambrosia"},{"floor":28.0,"key":"LiquidBronze"},{"floor":33.0,"key":"EssenceOfSteel"},{"floor":35.0,"key":"Energy Potion"},{"floor":36.0,"key":"CultistPotion"},{"floor":41.0,"key":"Regen Potion"}],"is_trial":false,"path_per_floor":["M","?","M","$","M","R","E","R","T","M","E","M","R","?","R","B",null,"M","?","M","?","?","R","E","M","T","R","E","M","$","M","R","B",null,"M","?","?","?","M","R","E","R","T","E","R","E","M","?","R","B","B",null],"character_chosen":"WATCHER","items_purchased":["Conclude","DeceiveReality","LikeWater","WaveOfTheHand"],"campfire_rested":1,"item_purchase_floors":[4,4,30,30],"current_hp_per_floor":[65,65,67,67,69,69,65,65,65,59,61,63,63,63,63,48,68,71,71,68,68,68,68,68,65,65,65,55,58,58,61,61,61,83,85,88,88,87,88,88,83,83,83,86,86,62,62,62,89,68,75],"gold":132,"neow_bonus":"TEN_PERCENT_HP_BONUS","is_daily":false,"chose_seed":false,"campfire_upgraded":10,"win_rate":0.0,"timestamp":1607744350,"path_taken":["M","?","M","$","M","R","E","R","T","?","E","M","R","?","R","BOSS","M","?","M","?","?","R","E","M","T","R","E","M","$","?","R","BOSS","M","?","?","?","M","R","E","R","T","E","R","E","M","?","R","BOSS","BOSS"],"items_purchased_type":["Card","Card","Card","Card"],"build_version":"2020-11-30","purchased_purges":1,"victory":true,"max_hp_per_floor":[74,74,74,74,74,74,74,74,74,74,74,74,74,74,74,75,75,76,76,77,77,77,77,78,79,79,79,87,88,88,89,89,90,90,91,92,92,87,88,88,89,89,89,90,90,91,92,92,92,93,94],"card_choices":[{"not_picked":["Perseverance","Nirvana"],"picked":"FlurryOfBlows","floor":1.0},{"not_picked":["ThirdEye","ForeignInfluence"],"picked":"BattleHymn","floor":3.0},{"not_picked":["Indignation","Evaluate"],"picked":"Protect","floor":5.0},{"not_picked":["ThirdEye","Nirvana","Study"],"picked":"SKIP","floor":7.0},{"not_picked":["ThirdEye","Nirvana","Study"],"picked":"SKIP","floor":7.0},{"not_picked":["BattleHymn","FollowUp","Pray"],"picked":"SKIP","floor":10.0},{"not_picked":["CrushJoints","CarveReality"],"picked":"Wallop","floor":11.0},{"not_picked":["Prostrate","FollowUp"],"picked":"ClearTheMind","floor":12.0},{"not_picked":["Judgement","DeusExMachina"],"picked":"MasterReality","floor":16.0},{"not_picked":["Prostrate","EmptyBody"],"picked":"ThirdEye","floor":18.0},{"not_picked":["Ragnarok","FlurryOfBlows","Collect"],"picked":"SKIP","floor":20.0},{"not_picked":["SashWhip","BattleHymn"],"picked":"CrushJoints","floor":24.0},{"not_picked":["ReachHeaven","ThirdEye","Consecrate+1"],"picked":"SKIP","floor":25.0},{"not_picked":["WheelKick","FollowUp","SashWhip"],"picked":"SKIP","floor":28.0},{"not_picked":["Judgement","WaveOfTheHand","Prostrate"],"picked":"SKIP","floor":29.0},{"not_picked":["Fasting2+1","BowlingBash"],"picked":"LikeWater","floor":31.0},{"not_picked":["Judgement","Alpha"],"picked":"LessonLearned","floor":33.0},{"not_picked":["Halt","Worship"],"picked":"Collect","floor":35.0},{"not_picked":["Wallop","EmptyBody"],"picked":"Sanctity","floor":36.0},{"not_picked":["Evaluate","FlyingSleeves","ForeignInfluence"],"picked":"SKIP","floor":39.0},{"not_picked":["SashWhip","CarveReality","Nirvana+1"],"picked":"SKIP","floor":41.0},{"not_picked":["JustLucky+1","FlurryOfBlows","Fasting2"],"picked":"SKIP","floor":44},{"not_picked":["Adaptation","Evaluate+1","ClearTheMind"],"picked":"SKIP","floor":46},{"not_picked":["Evaluate+1","BowlingBash"],"picked":"Perseverance+1","floor":47}],"player_experience":1833024,"relics_obtained":[{"floor":2.0,"key":"Blood Vial"},{"floor":7.0,"key":"Nunchaku"},{"floor":9.0,"key":"Oddly Smooth Stone"},{"floor":11.0,"key":"Ancient Tea Set"},{"floor":24.0,"key":"Dead Branch"},{"floor":26.0,"key":"TungstenRod"},{"floor":28.0,"key":"Strawberry"},{"floor":36.0,"key":"GoldenEye"},{"floor":41.0,"key":"Akabeko"},{"floor":44,"key":"CeramicFish"},{"floor":46,"key":"War Paint"}],"event_choices":[{"damage_healed":0.0,"max_hp_gain":0.0,"max_hp_loss":0.0,"gold_gain":0.0,"event_name":"Wheel of Change","player_choice":"Relic","floor":2.0,"gold_loss":0.0,"damage_taken":0.0},{"damage_healed":0.0,"max_hp_gain":0.0,"max_hp_loss":0.0,"gold_gain":0.0,"event_name":"FaceTrader","player_choice":"Trade","floor":14.0,"gold_loss":0.0,"damage_taken":0.0,"relics_obtained":["FaceOfCleric"]},{"damage_healed":0.0,"max_hp_gain":0.0,"max_hp_loss":0.0,"gold_gain":0.0,"cards_transformed":["Strike_P","Strike_P"],"event_name":"Drug Dealer","player_choice":"Became Test Subject","floor":19.0,"gold_loss":0.0,"damage_taken":0.0,"cards_obtained":["WaveOfTheHand","TalkToTheHand"]},{"damage_healed":0.0,"max_hp_gain":0.0,"max_hp_loss":0.0,"gold_gain":0.0,"event_name":"Addict","player_choice":"Obtained Relic","floor":21.0,"gold_loss":85.0,"damage_taken":0.0,"relics_obtained":["Meat on the Bone"]},{"damage_healed":0.0,"max_hp_gain":0.0,"max_hp_loss":0.0,"gold_gain":0.0,"event_name":"The Woman in Blue","player_choice":"Bought 1 Potion","floor":22.0,"gold_loss":0.0,"damage_taken":0.0},{"damage_healed":0.0,"max_hp_gain":0.0,"max_hp_loss":0.0,"gold_gain":0.0,"event_name":"MindBloom","player_choice":"Fight","floor":36.0,"gold_loss":0.0,"damage_taken":0.0},{"damage_healed":0.0,"max_hp_gain":0.0,"max_hp_loss":0.0,"gold_gain":0.0,"event_name":"Tomb of Lord Red Mask","player_choice":"Paid","floor":37.0,"gold_loss":136.0,"damage_taken":0.0,"relics_obtained":["Red Mask"]},{"damage_healed":0.0,"max_hp_gain":0.0,"max_hp_loss":5.0,"gold_gain":0.0,"event_name":"Winding Halls","player_choice":"Max HP","floor":38.0,"gold_loss":0.0,"damage_taken":0.0},{"cards_removed":["CrushJoints"],"damage_healed":0,"gold_gain":0,"player_choice":"Removed Attack","damage_taken":0,"max_hp_gain":0,"max_hp_loss":0,"event_name":"Falling","floor":48,"gold_loss":0}],"is_beta":false,"boss_relics":[{"not_picked":["Astrolabe","Fusion Hammer"],"picked":"Philosopher\u0027s Stone"},{"not_picked":["Calling Bell","Pandora\u0027s Box"],"picked":"Cursed Key"}],"items_purged_floors":[30],"is_endless":false,"potions_floor_spawned":[5,7,11,16,18,28,33,35,36,41,46,47],"ascension_level":20}}