{"host":"v5cv2be8l9w346zm","time":1607734168,"event":{"mods":["AchievementEnabler","BaseMod","BetterRewards","Colored Map","Colored Powertips","Minty Spire (QoL Compilation)","Relic Stats"],"gold_per_floor":[111,131,148,148,162,497,497,497,497,512,547,559,559,592,592,690,690,700,65,164,89,100,128,146,162,162,196,206,206,206,222,222,325,325,345,361,104,104,121,121,156,170,170,170,170,18,35,45,45,45,45],"floor_reached":50,"playtime":1656,"items_purged":["Strike_R","Strike_R"],"score":908,"play_id":"61850ee5-6636-4ff9-88ab-06e4ced66656","local_time":"20201211194928","is_ascension_mode":true,"campfire_choices":[{"data":"Bash","floor":7,"key":"SMITH"},{"data":"Pommel Strike","floor":13,"key":"SMITH"},{"data":"Cleave","floor":15,"key":"SMITH"},{"data":"Feed","floor":29,"key":"SMITH"},{"data":"Bludgeon","floor":32,"key":"SMITH"},{"floor":40,"key":"RECALL"},{"data":"Sword Boomerang","floor":45,"key":"SMITH"},{"floor":49,"key":"REST"}],"circlet_count":0,"master_deck":["Strike_R","Defend_R","Defend_R","Bash+1","Pommel Strike+1","True Grit+1","Impervious+1","Armaments+1","Shockwave+1","Cleave+1","Bludgeon+1","Spot Weakness+1","Sword Boomerang+1","Spot Weakness+1","Feed+1","Ghostly Armor+1","Double Tap+1","Seeing Red+1","Parasite","Spot Weakness+1","Parasite","Shrug It Off+1"],"relics":["Burning Blood","Toxic Egg 2","Boot","Old Coin","Mercury Hourglass","Meat on the Bone","MealTicket","Sozu","StoneCalendar","InkBottle","Vajra","Shuriken","Mummified Hand","Runic Pyramid","ClockworkSouvenir","Blood Vial","Question Card","Ginger","Oddly Smooth Stone"],"acts_visited":["Exordium","TheCity","TheBeyond"],"potions_floor_usage":[11,14,16],"damage_taken":[{"damage":4,"enemies":"Jaw Worm","floor":1,"turns":4},{"damage":0,"enemies":"Small Slimes","floor":2,"turns":4},{"damage":1,"enemies":"Cultist","floor":3,"turns":3},{"damage":8,"enemies":"Blue Slaver","floor":5,"turns":5},{"damage":23,"enemies":"3 Sentries","floor":6,"turns":11},{"damage":3,"enemies":"3 Louse","floor":10,"turns":3},{"damage":16,"enemies":"Lagavulin","floor":11,"turns":7},{"damage":2,"enemies":"Looter","floor":12,"turns":3},{"damage":17,"enemies":"Gremlin Nob","floor":14,"turns":4},{"damage":31,"enemies":"The Guardian","floor":16,"turns":12},{"damage":0,"enemies":"Chosen","floor":18,"turns":3},{"damage":17,"enemies":"2 Thieves","floor":22,"turns":3},{"damage":22,"enemies":"Gremlin Leader","floor":23,"turns":5},{"damage":17,"enemies":"Centurion and Healer","floor":24,"turns":3},{"damage":35,"enemies":"Sentry and Sphere","floor":25,"turns":5},{"damage":16,"enemies":"Slavers","floor":27,"turns":3},{"damage":0,"enemies":"Snecko","floor":28,"turns":3},{"damage":21,"enemies":"Snake Plant","floor":31,"turns":3},{"damage":26,"enemies":"Automaton","floor":33,"turns":6},{"damage":6,"enemies":"Orb Walker","floor":35,"turns":2},{"damage":11,"enemies":"3 Darklings","floor":36,"turns":2},{"damage":0,"enemies":"Writhing Mass","floor":39,"turns":3},{"damage":43,"enemies":"Reptomancer","floor":41,"turns":4},{"damage":18,"enemies":"Spire Growth","floor":42,"turns":3},{"damage":36,"enemies":"Sphere and 2 Shapes","floor":47,"turns":4},{"damage":12,"enemies":"Writhing Mass","floor":48,"turns":3},{"damage":104,"enemies":"Donu and Deca","floor":50,"turns":7}],"seed_played":"4327551337441893975","potions_obtained":[{"floor":3,"key":"Ancient Potion"},{"floor":5,"key":"Weak Potion"},{"floor":6,"key":"GamblersBrew"},{"floor":10,"key":"Regen Potion"}],"is_trial":false,"path_per_floor":["M","M","M","?","M","E","R","?","T","M","E","M","R","E","R","B",null,"M","$","?","?","M","E","M","M","T","E","M","R","?","M","R","B",null,"M","M","$","?","M","R","E","M","T","?","R","$","M","M","R","B"],"character_chosen":"IRONCLAD","items_purchased":["Toxic Egg 2","Impervious+1","StoneCalendar","InkBottle","ClockworkSouvenir","Oddly Smooth Stone"],"campfire_rested":1,"item_purchase_floors":[0,0,19,19,37,46],"current_hp_per_floor":[54,60,65,70,68,51,51,43,43,46,51,55,55,56,56,43,75,81,85,85,85,74,58,59,45,45,47,56,56,38,35,35,27,79,79,74,89,89,96,96,59,65,65,65,65,80,68,64,95,0,0],"gold":45,"neow_bonus":"","is_daily":false,"chose_seed":false,"campfire_upgraded":6,"win_rate":0.0,"timestamp":1607734168,"path_taken":["M","M","M","?","M","E","R","?","T","?","E","M","R","E","R","BOSS","M","$","?","?","M","E","M","M","T","E","M","R","?","M","R","BOSS","M","M","$","?","?","R","E","M","T","?","R","$","?","M","R","BOSS"],"items_purchased_type":["Relic","Card","Relic","Relic","Relic","Relic"],"build_version":"2020-11-30","purchased_purges":2,"victory":false,"max_hp_per_floor":[80,80,80,85,85,85,85,85,85,85,85,85,85,85,85,85,85,85,85,85,85,85,85,85,88,88,88,91,91,96,96,96,96,96,96,96,96,96,96,96,96,100,100,100,100,100,104,104,104,104,104],"relic_stats":{"counters":[92,447],"StoneCalendar":[39],"Ginger":[2],"Boot":[27],"Question Card":3,"Burning Blood":261,"Mercury Hourglass":[770],"Sozu":7,"Blood Vial":51,"Shuriken":[9],"Mummified Hand":[0],"MealTicket":34,"obtain_stats":[{"Mark of the Bloom":0,"Gremlin Horn":3,"Vajra":23,"Whetstone":8,"Ginger":43,"Boot":0,"Old Coin":48,"Sozu":17,"Blood Vial":38,"Centennial Puzzle":9,"Lizard Tail":44,"HornCleat":53,"DollysMirror":28,"Strawberry":43,"MealTicket":14,"Kunai":0,"Toxic Egg 2":41,"Girya":0,"Happy Flower":28,"Oddly Smooth Stone":46,"Charon\u0027s Ashes":21,"Paper Crane":42,"Question Card":41,"Runic Dome":0,"Bottled Flame":6,"Shuriken":0,"Bird Faced Urn":42,"MutagenicStrength":20,"Molten Egg 2":0,"Black Star":34,"Nloth\u0027s Gift":22,"Meat on the Bone":12,"Darkstone Periapt":34,"Lantern":54,"Regal Pillow":31,"Singing Bowl":26,"Magic Flower":42,"StoneCalendar":23,"Snake Skull":4,"Juzu Bracelet":40,"Bag of Preparation":54,"Ancient Tea Set":37,"Smiling Mask":14,"Cursed Key":0,"Burning Blood":22,"ClockworkSouvenir":37,"Tough Bandages":6,"TheAbacus":21,"Mummified Hand":28,"Pantograph":23,"Gambling Chip":34,"Tiny Chest":0,"WingedGreaves":9,"Red Mask":39,"Red Skull":27,"InkBottle":9,"Ring of the Snake":0,"Runic Pyramid":0,"The Specimen":43,"Self Forming Clay":10,"Omamori":40,"Orichalcum":37,"Odd Mushroom":7,"Frozen Egg 2":47,"Mercury Hourglass":54,"Calling Bell":34,"Peace Pipe":45,"Cauldron":53,"Anchor":23,"Ornamental Fan":29,"Coffee Dripper":17,"Membership Card":4,"Bottled Lightning":48,"FossilizedHelix":3,"TungstenRod":0},{"Mark of the Bloom":47,"Gremlin Horn":49,"Vajra":78,"Whetstone":3,"Ginger":89,"Boot":65,"Old Coin":24,"Sozu":5,"Blood Vial":86,"Centennial Puzzle":3,"Lizard Tail":42,"HornCleat":25,"DollysMirror":10,"Strawberry":42,"MealTicket":74,"Kunai":47,"Toxic Egg 2":41,"Girya":47,"Happy Flower":37,"Oddly Smooth Stone":89,"Charon\u0027s Ashes":34,"Paper Crane":20,"Question Card":88,"Runic Dome":47,"Bottled Flame":51,"Shuriken":27,"Bird Faced Urn":20,"MutagenicStrength":58,"Molten Egg 2":47,"Black Star":14,"Nloth\u0027s Gift":58,"Meat on the Bone":4,"Darkstone Periapt":38,"Lantern":26,"Regal Pillow":64,"Singing Bowl":36,"Magic Flower":42,"StoneCalendar":59,"Snake Skull":2,"Juzu Bracelet":18,"Bag of Preparation":26,"Ancient Tea Set":16,"Smiling Mask":32,"Cursed Key":47,"Burning Blood":58,"ClockworkSouvenir":86,"Tough Bandages":3,"TheAbacus":58,"Mummified Hand":10,"Pantograph":9,"Gambling Chip":38,"Tiny Chest":27,"WingedGreaves":29,"Red Mask":40,"Red Skull":37,"InkBottle":51,"Ring of the Snake":0,"Runic Pyramid":47,"The Specimen":20,"Self Forming Clay":52,"Omamori":18,"Orichalcum":16,"Odd Mushroom":29,"Frozen Egg 2":44,"Mercury Hourglass":46,"Calling Bell":38,"Peace Pipe":43,"Cauldron":25,"Anchor":35,"Ornamental Fan":37,"Coffee Dripper":56,"Membership Card":2,"Bottled Lightning":24,"FossilizedHelix":28,"TungstenRod":47},{"Mark of the Bloom":282,"Gremlin Horn":286,"Vajra":396,"Whetstone":17,"Ginger":433,"Boot":330,"Old Coin":140,"Sozu":26,"Blood Vial":423,"Centennial Puzzle":17,"Lizard Tail":245,"HornCleat":152,"DollysMirror":49,"Strawberry":245,"MealTicket":373,"Kunai":282,"Toxic Egg 2":241,"Girya":282,"Happy Flower":218,"Oddly Smooth Stone":433,"Charon\u0027s Ashes":203,"Paper Crane":117,"Question Card":430,"Runic Dome":282,"Bottled Flame":293,"Shuriken":169,"Bird Faced Urn":117,"MutagenicStrength":312,"Molten Egg 2":282,"Black Star":76,"Nloth\u0027s Gift":312,"Meat on the Bone":20,"Darkstone Periapt":227,"Lantern":160,"Regal Pillow":326,"Singing Bowl":213,"Magic Flower":245,"StoneCalendar":314,"Snake Skull":11,"Juzu Bracelet":101,"Bag of Preparation":160,"Ancient Tea Set":87,"Smiling Mask":185,"Cursed Key":282,"Burning Blood":312,"ClockworkSouvenir":423,"Tough Bandages":17,"TheAbacus":312,"Mummified Hand":49,"Pantograph":43,"Gambling Chip":227,"Tiny Chest":169,"WingedGreaves":177,"Red Mask":234,"Red Skull":218,"InkBottle":293,"Ring of the Snake":0,"Runic Pyramid":282,"The Specimen":117,"Self Forming Clay":296,"Omamori":101,"Orichalcum":87,"Odd Mushroom":177,"Frozen Egg 2":258,"Mercury Hourglass":274,"Calling Bell":227,"Peace Pipe":251,"Cauldron":152,"Anchor":209,"Ornamental Fan":218,"Coffee Dripper":307,"Membership Card":11,"Bottled Lightning":140,"FossilizedHelix":172,"TungstenRod":282}],"InkBottle":[34],"Meat on the Bone":108},"card_choices":[{"not_picked":["Havoc+1","Combust","Dual Wield+1"],"picked":"SKIP","floor":1},{"not_picked":["Flex+1","Rampage","Heavy Blade"],"picked":"SKIP","floor":2},{"not_picked":["Havoc+1","Iron Wave","Thunderclap"],"picked":"SKIP","floor":3},{"not_picked":["Anger","Inflame"],"picked":"Armaments+1","floor":5},{"not_picked":["Searing Blow","Combust"],"picked":"Shockwave+1","floor":6},{"not_picked":["Hemokinesis","Thunderclap","Wild Strike"],"picked":"SKIP","floor":10},{"not_picked":["True Grit+1","Havoc+1","Heavy Blade"],"picked":"SKIP","floor":11},{"not_picked":["Wild Strike","Fiend Fire"],"picked":"Cleave","floor":12},{"not_picked":["Cleave","Dual Wield+1","Headbutt"],"picked":"SKIP","floor":14},{"not_picked":["Cleave","Dual Wield+1","Headbutt"],"picked":"SKIP","floor":14},{"not_picked":["Cleave","Dual Wield+1","Headbutt"],"picked":"SKIP","floor":14},{"not_picked":["Cleave","Dual Wield+1","Headbutt"],"picked":"SKIP","floor":14},{"not_picked":["Cleave","Dual Wield+1","Headbutt"],"picked":"SKIP","floor":14},{"not_picked":["Fiend Fire","Demon Form"],"picked":"Bludgeon","floor":16},{"not_picked":["Body Slam","Burning Pact+1"],"picked":"Spot Weakness+1","floor":18},{"not_picked":["Twin Strike","True Grit+1"],"picked":"Sword Boomerang","floor":22},{"not_picked":["Iron Wave","Heavy Blade"],"picked":"Spot Weakness+1","floor":23},{"not_picked":["Anger","Evolve"],"picked":"Feed","floor":24},{"not_picked":["Hemokinesis","Pommel Strike","Anger"],"picked":"SKIP","floor":25},{"not_picked":["Sword Boomerang","Twin Strike+1"],"picked":"Ghostly Armor+1","floor":27},{"not_picked":["Blood for Blood","Anger","Dark Embrace"],"picked":"SKIP","floor":28},{"not_picked":["Uppercut","Rage+1","Thunderclap+1"],"picked":"SKIP","floor":31},{"not_picked":["Bludgeon","Brutality"],"picked":"Double Tap+1","floor":33},{"not_picked":["Second Wind+1","Havoc+1"],"picked":"Seeing Red+1","floor":35},{"not_picked":["Blood for Blood+1","Bloodletting+1"],"picked":"Battle Trance+1","floor":36},{"not_picked":["Thunderclap","Infernal Blade+1","Clothesline+1"],"picked":"SKIP","floor":39},{"not_picked":["Clothesline","Combust","Perfected Strike+1"],"picked":"SKIP","floor":41},{"not_picked":["Battle Trance+1","Body Slam+1","Berserk"],"picked":"Spot Weakness+1","floor":42},{"not_picked":["Thunderclap","Body Slam+1","Iron Wave+1","Havoc+1"],"picked":"SKIP","floor":47},{"not_picked":["Wild Strike+1","Dark Embrace","Reckless Charge+1"],"picked":"Shrug It Off+1","floor":48}],"player_experience":132543,"relics_obtained":[{"floor":6,"key":"Old Coin"},{"floor":9,"key":"Mercury Hourglass"},{"floor":11,"key":"Meat on the Bone"},{"floor":14,"key":"MealTicket"},{"floor":23,"key":"Vajra"},{"floor":26,"key":"Shuriken"},{"floor":27,"key":"Mummified Hand"},{"floor":41,"key":"Question Card"},{"floor":43,"key":"Ginger"}],"event_choices":[{"damage_healed":0,"gold_gain":0,"player_choice":"Donut","damage_taken":0,"max_hp_gain":5,"max_hp_loss":0,"event_name":"Big Fish","floor":4,"gold_loss":0},{"damage_healed":0,"gold_gain":0,"player_choice":"Damaged","damage_taken":8,"max_hp_gain":0,"max_hp_loss":0,"event_name":"Wheel of Change","floor":8,"gold_loss":0},{"damage_healed":0,"gold_gain":99,"player_choice":"Stole From Cult","damage_taken":0,"max_hp_gain":0,"max_hp_loss":0,"event_name":"Nest","floor":20,"gold_loss":0},{"cards_removed":["Strike_R"],"damage_healed":0,"gold_gain":0,"player_choice":"Gave Gold","damage_taken":0,"max_hp_gain":0,"max_hp_loss":0,"event_name":"Beggar","floor":21,"gold_loss":75},{"damage_healed":0,"gold_gain":0,"player_choice":"Shed Blood","damage_taken":23,"max_hp_gain":5,"max_hp_loss":0,"event_name":"Forgotten Altar","floor":30,"gold_loss":0},{"cards_removed":["Battle Trance"],"damage_healed":0,"gold_gain":0,"player_choice":"Gave Card","damage_taken":0,"relics_obtained":["Blood Vial"],"max_hp_gain":0,"max_hp_loss":0,"event_name":"WeMeetAgain","floor":38,"gold_loss":0},{"cards_removed":["Strike_R"],"damage_healed":0,"gold_gain":0,"player_choice":"Purged","damage_taken":0,"max_hp_gain":0,"max_hp_loss":0,"event_name":"Purifier","floor":44,"gold_loss":0}],"is_beta":false,"boss_relics":[{"not_picked":["Fusion Hammer","Tiny House"],"picked":"Sozu"},{"not_picked":["Mark of Pain","Philosopher\u0027s Stone"],"picked":"Runic Pyramid"}],"items_purged_floors":[19,37],"is_endless":false,"potions_floor_spawned":[3,5,6,10,18,24,25,27,35,47,48],"killed_by":"Donu and Deca","ascension_level":5}}