{"host":"omuz9yzrsj9oc9b2","time":1607814128,"event":{"mods":["2.2 Compatiblity","BaseMod","Downfall","Minty Spire (QoL Compilation)","Replay The Spire","StSLib","The Poker Player"],"gold_per_floor":[99,99,99,128,128,138,138,149,299,224,243,272,272,296,308,308,308],"floor_reached":16,"playtime":887,"items_purged":[],"score":123,"play_id":"556f8b29-42e9-47d0-b7c7-29efa7e90b94","local_time":"20201212230208","is_ascension_mode":false,"campfire_choices":[{"floor":1,"key":"RECALL"},{"data":"champ:StanceDance","floor":10,"key":"SMITH"}],"circlet_count":0,"master_deck":["champ:Strike","champ:Strike","champ:Strike","champ:Strike","champ:Defend","champ:Defend","champ:Defend","champ:Defend","champ:Execute+1","champ:Taunt","champ:DefensiveShout","champ:FlashCut","champ:StanceDance+1","champ:BladeFlurry","champ:FanOfKnives","Slimebound:Icky","champ:DefensiveShout+1","champ:CrookedStrike","champ:CalledShot"],"relics":["champ:ChampionCrown","downfall:HeartsMalice","Replay:WaspNest","Bottled Lightning","downfall:HeartBlessingRed","Odd Mushroom","Replay:Wax Seal"],"acts_visited":["Exordium"],"potions_floor_usage":[16,16,16],"damage_taken":[{"damage":0,"enemies":"Cultist","floor":3,"turns":1},{"damage":0,"enemies":"Lagavulin","floor":4,"turns":1},{"damage":0,"enemies":"Small Slimes","floor":5,"turns":1},{"damage":8,"enemies":"Jaw Worm","floor":6,"turns":3},{"damage":24,"enemies":"Large Slime","floor":8,"turns":4},{"damage":7,"enemies":"2 Fungi Beasts","floor":11,"turns":3},{"damage":38,"enemies":"The Mushroom Lair","floor":12,"turns":3},{"damage":14,"enemies":"Blue Slaver","floor":15,"turns":3},{"damage":27,"enemies":"downfall:Watcher","floor":16,"turns":4}],"seed_played":"6452259436892980757","potions_obtained":[{"floor":6,"key":"BlessingOfTheForge"},{"floor":8,"key":"Elixir"},{"floor":11,"key":"PowerPotion"}],"is_trial":false,"path_per_floor":["R","?","M","E","M","M","T","M","?","R","M","?","?","T","M","B"],"character_chosen":"THE_CHAMP","items_purchased":[],"campfire_rested":0,"item_purchase_floors":[],"current_hp_per_floor":[90,90,90,90,90,87,87,68,68,68,61,31,31,31,20,0,0],"gold":308,"neow_bonus":"THREE_ENEMY_KILL","is_daily":false,"chose_seed":false,"campfire_upgraded":1,"win_rate":0.0,"timestamp":1607814128,"path_taken":["R","?","?","E","M","M","T","M","?","R","M","?","?","?","M","BOSS"],"items_purchased_type":[],"build_version":"2020-11-30","purchased_purges":0,"victory":false,"max_hp_per_floor":[90,90,90,90,90,90,90,90,90,90,90,90,90,90,90,90,90],"card_choices":[{"not_picked":["champ:FaceSlap","champ:FocusedDefense"],"picked":"champ:DefensiveShout","floor":3},{"not_picked":["champ:CrookedStrike","champ:BladeFlurry"],"picked":"champ:FlashCut","floor":4},{"not_picked":["champ:Haymaker","champ:AdrenalArmor"],"picked":"champ:StanceDance","floor":5},{"not_picked":["champ:RapidStrikes","champ:FaceSlap"],"picked":"champ:BladeFlurry","floor":6},{"not_picked":["champ:EnGarde","champ:Haymaker"],"picked":"champ:FanOfKnives","floor":8},{"not_picked":["champ:TornadoPunch","champ:PerfectedStrike"],"picked":"champ:DefensiveShout","floor":11},{"not_picked":["champ:EnGarde","champ:StanceDance"],"picked":"champ:CrookedStrike","floor":12},{"not_picked":["champ:PerfectForm","champ:EndlessRage"],"picked":"champ:CalledShot","floor":15}],"player_experience":237014,"relics_obtained":[{"floor":4,"key":"Replay:WaspNest"},{"floor":7,"key":"Bottled Lightning"},{"floor":12,"key":"Odd Mushroom"},{"floor":14,"key":"Replay:Wax Seal"}],"event_choices":[{"damage_healed":0,"gold_gain":0,"player_choice":"Forge","damage_taken":0,"max_hp_gain":0,"max_hp_loss":0,"event_name":"Accursed Blacksmith","floor":2,"gold_loss":0,"cards_upgraded":["champ:Execute"]},{"damage_healed":0,"gold_gain":0,"player_choice":"Fought Mushrooms","damage_taken":0,"max_hp_gain":0,"max_hp_loss":0,"event_name":"Mushrooms","floor":12,"gold_loss":0},{"damage_healed":0,"gold_gain":0,"player_choice":"Grow","damage_taken":0,"max_hp_gain":0,"max_hp_loss":0,"event_name":"Living Wall","floor":13,"gold_loss":0,"cards_upgraded":["champ:DefensiveShout"]}],"is_beta":false,"boss_relics":[],"items_purged_floors":[],"is_endless":false,"potions_floor_spawned":[6,8,11,15],"killed_by":"downfall:Watcher","ascension_level":0}}