{"host":"8pl220r0zqtv6uof","time":1607790177,"event":{"mods":["BaseMod","Colored Map","DeckTracker","Highlight Path","Keyboard Shortcuts","Minty Spire (QoL Compilation)","Quick Restart","SuperFastMode"],"gold_per_floor":[109,2528,2547,2565,2565,2594,2611,2639,2664,2664,2689,1799,1829,1843,1843,1943,1943,1962,1980,1991,1376,1376,1410,1410,1423,1501,1536,1555,1588,1688,1699,1699,1797,1797,1817,1867,1881,1881,1444,1474,1474,783,810,810,822,853,899,318,318,318],"floor_reached":51,"playtime":2213,"items_purged":["Strike_G","Shame","Strike_G","Strike_G+1","Strike_G+1","Defend_G"],"score":1328,"play_id":"4d7d30e4-835c-4193-915f-eba7a8b9d4b4","local_time":"20201213012257","is_ascension_mode":true,"campfire_choices":[{"floor":15,"key":"REST"},{"floor":24,"key":"DIG"},{"floor":32,"key":"DIG"},{"floor":41,"key":"DIG"},{"floor":44,"key":"DIG"},{"floor":49,"key":"DIG"}],"circlet_count":0,"master_deck":["Defend_G","Defend_G+1","Defend_G","Defend_G+1","Survivor","Neutralize+1","Footwork","Trip+1","Blade Dance+1","Leg Sweep+1","Bouncing Flask+1","Catalyst+1","Deadly Poison+1","Acrobatics+1","Wraith Form v2","Bane","Master of Strategy+1","Noxious Fumes","Deflect+1","Deflect+1","Malaise+1","Prepared+1","Outmaneuver+1","Catalyst+1","Deadly Poison+1","Calculated Gamble+1","Noxious Fumes+1","Reflex+1","Deadly Poison+1","Concentrate+1","Burst+1","Venomology+1","Deflect+1","Deadly Poison+1","Master of Strategy+1","Madness+1","Jack Of All Trades+1","Terror+1","Footwork","Deflect+1"],"relics":["Ring of the Snake","Tingsha","Shovel","Toxic Egg 2","Chemical X","CaptainsWheel","Bronze Scales","Oddly Smooth Stone","War Paint","Orichalcum","HandDrill","Bag of Preparation","TungstenRod","Dream Catcher","Whetstone","Toolbox","Letter Opener","Matryoshka","Molten Egg 2","Nunchaku","Mummified Hand","Kunai","Shuriken","Du-Vu Doll","Pear","InkBottle","Philosopher\u0027s Stone","Ginger","Blood Vial","Snake Skull","HornCleat","Calipers","Regal Pillow","MealTicket","OrangePellets","Ninja Scroll","Art of War","MawBank","FossilizedHelix","Mercury Hourglass","Vajra","Lizard Tail"],"acts_visited":["Exordium","TheCity","TheBeyond"],"potions_floor_usage":[6,6,11,13,13,20,23,23,33,33,40,40,50,50,50,50],"damage_taken":[{"damage":3,"enemies":"2 Louse","floor":1,"turns":3},{"damage":0,"enemies":"Cultist","floor":3,"turns":4},{"damage":2,"enemies":"Jaw Worm","floor":4,"turns":5},{"damage":19,"enemies":"3 Sentries","floor":6,"turns":6},{"damage":4,"enemies":"Blue Slaver","floor":7,"turns":4},{"damage":12,"enemies":"Gremlin Nob","floor":8,"turns":3},{"damage":18,"enemies":"3 Sentries","floor":11,"turns":8},{"damage":1,"enemies":"Lagavulin","floor":13,"turns":6},{"damage":0,"enemies":"Looter","floor":14,"turns":3},{"damage":1,"enemies":"Hexaghost","floor":16,"turns":5},{"damage":0,"enemies":"Spheric Guardian","floor":18,"turns":2},{"damage":0,"enemies":"Chosen","floor":19,"turns":3},{"damage":0,"enemies":"Centurion and Healer","floor":20,"turns":5},{"damage":16,"enemies":"Slavers","floor":23,"turns":5},{"damage":0,"enemies":"Snake Plant","floor":25,"turns":3},{"damage":0,"enemies":"Book of Stabbing","floor":27,"turns":4},{"damage":0,"enemies":"Cultist and Chosen","floor":28,"turns":4},{"damage":0,"enemies":"Gremlin Leader","floor":29,"turns":4},{"damage":4,"enemies":"Colosseum Slavers","floor":30,"turns":4},{"damage":5,"enemies":"Colosseum Nobs","floor":30,"turns":4},{"damage":0,"enemies":"Sentry and Sphere","floor":31,"turns":3},{"damage":6,"enemies":"Automaton","floor":33,"turns":6},{"damage":0,"enemies":"3 Darklings","floor":35,"turns":3},{"damage":0,"enemies":"Mind Bloom Boss Battle","floor":36,"turns":4},{"damage":0,"enemies":"3 Shapes","floor":37,"turns":3},{"damage":1,"enemies":"Nemesis","floor":40,"turns":5},{"damage":0,"enemies":"Sphere and 2 Shapes","floor":46,"turns":3},{"damage":0,"enemies":"Reptomancer","floor":47,"turns":4},{"damage":11,"enemies":"Time Eater","floor":50,"turns":4}],"seed_played":"-1210528295005308735","potions_obtained":[{"floor":1,"key":"SneckoOil"},{"floor":4,"key":"Swift Potion"},{"floor":11,"key":"CultistPotion"},{"floor":13,"key":"Explosive Potion"},{"floor":14,"key":"Explosive Potion"},{"floor":20,"key":"Block Potion"},{"floor":23,"key":"GamblersBrew"},{"floor":30,"key":"AttackPotion"},{"floor":31,"key":"ColorlessPotion"},{"floor":36,"key":"LiquidBronze"},{"floor":40,"key":"ColorlessPotion"},{"floor":46,"key":"ColorlessPotion"}],"is_trial":false,"path_per_floor":["M","$","M","M","?","E","M","E","T","?","E","$","E","M","R","B",null,"M","M","M","$","?","E","R","M","T","E","M","E","?","M","R","B",null,"M","?","M","?","$","E","R","$","T","R","?","M","E","$","R","B",null],"character_chosen":"THE_SILENT","items_purchased":["Shovel","Toxic Egg 2","Chemical X","Trip+1","Blade Dance+1","Energy Potion","Master of Strategy+1","Noxious Fumes","Orichalcum","HandDrill","Bag of Preparation","Weak Potion","SpeedPotion","Dream Catcher","Whetstone","Toolbox","Deadly Poison+1","Blood Vial","Snake Skull","Footwork","Regal Pillow","MealTicket","OrangePellets","Mercury Hourglass","Vajra"],"campfire_rested":1,"item_purchase_floors":[2,2,2,2,2,2,12,12,12,12,12,12,12,21,21,21,21,39,39,42,42,42,42,48,48],"current_hp_per_floor":[60,60,60,58,58,39,35,23,23,23,5,5,4,4,25,24,59,59,59,59,59,59,43,43,43,43,43,43,43,44,44,44,38,70,70,70,70,61,61,62,62,62,62,62,62,64,66,80,80,69],"gold":318,"neow_bonus":"ONE_RARE_RELIC","is_daily":false,"chose_seed":false,"campfire_upgraded":0,"win_rate":0.0,"timestamp":1607790177,"path_taken":["M","$","M","M","?","E","?","E","T","?","E","$","E","M","R","BOSS","M","M","M","$","?","E","R","M","T","E","M","E","?","M","R","BOSS","M","?","M","?","$","E","R","$","T","R","?","M","E","?","R","BOSS"],"items_purchased_type":["Relic","Relic","Relic","Card","Card","Potion","Card","Card","Relic","Relic","Relic","Potion","Potion","Relic","Relic","Relic","Card","Relic","Relic","Card","Relic","Relic","Relic","Relic","Relic"],"build_version":"2020-11-30","purchased_purges":6,"victory":true,"max_hp_per_floor":[70,70,70,70,70,70,70,70,70,70,70,70,70,70,70,70,70,70,70,70,70,70,70,70,70,70,70,70,70,80,80,80,80,80,80,80,80,80,80,80,80,80,80,80,80,80,80,80,80,80],"card_choices":[{"not_picked":["PiercingWail","Prepared"],"picked":"Footwork","floor":1},{"not_picked":["Backstab","Flechettes"],"picked":"Leg Sweep+1","floor":3},{"not_picked":["Dodge and Roll+1","Flechettes"],"picked":"Bouncing Flask+1","floor":4},{"not_picked":["Bullet Time+1","Slice"],"picked":"Catalyst+1","floor":6},{"not_picked":["Heel Hook","Acrobatics+1"],"picked":"Deadly Poison+1","floor":7},{"not_picked":["Dodge and Roll+1","Dagger Spray"],"picked":"Acrobatics+1","floor":8},{"not_picked":["Dagger Spray","Flechettes"],"picked":"Bane","floor":11},{"not_picked":["Glass Knife","Acrobatics+1"],"picked":"Deflect+1","floor":13},{"not_picked":["Well Laid Plans","Blade Dance+1"],"picked":"Deflect+1","floor":14},{"not_picked":["Grand Finale","Bullet Time+1"],"picked":"Malaise+1","floor":16},{"not_picked":["Blade Dance+1","Acrobatics+1"],"picked":"Prepared+1","floor":18},{"not_picked":["Backstab","Prepared+1"],"picked":"Outmaneuver+1","floor":19},{"not_picked":["Flying Knee","PiercingWail+1"],"picked":"Catalyst+1","floor":20},{"not_picked":["Unload","Choke"],"picked":"Calculated Gamble+1","floor":23},{"not_picked":["Prepared+1","Sucker Punch+1"],"picked":"Noxious Fumes+1","floor":25},{"not_picked":["Riddle With Holes+1","Outmaneuver+1","Dodge and Roll+1"],"picked":"SKIP","floor":27},{"not_picked":["Quick Slash+1","Cloak And Dagger+1"],"picked":"Reflex+1","floor":28},{"not_picked":["Poisoned Stab+1","Riddle With Holes+1"],"picked":"Deadly Poison+1","floor":29},{"not_picked":["Masterful Stab+1","Sucker Punch+1"],"picked":"Concentrate+1","floor":30},{"not_picked":["Dagger Throw+1","Backflip+1"],"picked":"Burst+1","floor":31},{"not_picked":["Tools of the Trade","Envenom"],"picked":"Venomology+1","floor":33},{"not_picked":["Cloak And Dagger+1","PiercingWail+1"],"picked":"Deflect+1","floor":35},{"not_picked":["Bullet Time+1","Infinite Blades+1"],"picked":"Well Laid Plans+1","floor":36},{"not_picked":["Quick Slash+1","All Out Attack+1"],"picked":"Deadly Poison+1","floor":37},{"not_picked":["Discovery+1","Good Instincts+1"],"picked":"Master of Strategy+1","floor":38},{"not_picked":["Deep Breath+1","Mayhem"],"picked":"Madness+1","floor":38},{"not_picked":["Dark Shackles+1","HandOfGreed+1"],"picked":"Jack Of All Trades+1","floor":38},{"not_picked":["Deadly Poison+1","Quick Slash+1"],"picked":"Terror+1","floor":40},{"not_picked":["Predator+1","Deadly Poison+1"],"picked":"Deflect+1","floor":46},{"not_picked":["Blur+1","Deflect+1","Flechettes+1"],"picked":"SKIP","floor":47}],"player_experience":112517,"relics_obtained":[{"floor":6,"key":"CaptainsWheel"},{"floor":8,"key":"Bronze Scales"},{"floor":9,"key":"Oddly Smooth Stone"},{"floor":11,"key":"War Paint"},{"floor":13,"key":"TungstenRod"},{"floor":23,"key":"Matryoshka"},{"floor":24,"key":"Molten Egg 2"},{"floor":26,"key":"Nunchaku"},{"floor":26,"key":"Mummified Hand"},{"floor":27,"key":"Kunai"},{"floor":29,"key":"Shuriken"},{"floor":30,"key":"Du-Vu Doll"},{"floor":30,"key":"Pear"},{"floor":32,"key":"InkBottle"},{"floor":36,"key":"Ginger"},{"floor":40,"key":"HornCleat"},{"floor":41,"key":"Calipers"},{"floor":43,"key":"Ninja Scroll"},{"floor":43,"key":"Art of War"},{"floor":44,"key":"MawBank"},{"floor":47,"key":"FossilizedHelix"},{"floor":49,"key":"Lizard Tail"}],"event_choices":[{"damage_healed":0,"gold_gain":0,"player_choice":"Upgraded","damage_taken":0,"max_hp_gain":0,"max_hp_loss":0,"event_name":"Upgrade Shrine","floor":5,"gold_loss":0,"cards_upgraded":["Neutralize"]},{"damage_healed":0,"gold_gain":0,"cards_transformed":["Strike_G"],"player_choice":"Change","damage_taken":0,"max_hp_gain":0,"max_hp_loss":0,"event_name":"Living Wall","floor":10,"gold_loss":0,"cards_obtained":["Wraith Form v2"]},{"damage_healed":0,"gold_gain":0,"player_choice":"Opened","damage_taken":0,"relics_obtained":["Letter Opener"],"max_hp_gain":0,"max_hp_loss":0,"event_name":"The Mausoleum","floor":22,"gold_loss":0},{"damage_healed":0,"gold_gain":0,"player_choice":"Fight","damage_taken":0,"max_hp_gain":0,"max_hp_loss":0,"event_name":"Colosseum","floor":30,"gold_loss":0},{"damage_healed":0,"gold_gain":0,"player_choice":"Fought Nobs","damage_taken":0,"max_hp_gain":0,"max_hp_loss":0,"event_name":"Colosseum","floor":30,"gold_loss":0},{"damage_healed":0,"gold_gain":0,"player_choice":"Fight","damage_taken":0,"max_hp_gain":0,"max_hp_loss":0,"event_name":"MindBloom","floor":36,"gold_loss":0},{"damage_healed":0,"gold_gain":0,"player_choice":"Memory 3","damage_taken":10,"max_hp_gain":0,"max_hp_loss":0,"event_name":"SensoryStone","floor":38,"gold_loss":0},{"cards_removed":["Well Laid Plans"],"damage_healed":0,"gold_gain":0,"player_choice":"Removed Power","damage_taken":0,"max_hp_gain":0,"max_hp_loss":0,"event_name":"Falling","floor":45,"gold_loss":0}],"is_beta":false,"boss_relics":[{"not_picked":["Runic Dome","Snecko Eye","Velvet Choker"]},{"not_picked":["Tiny House","Astrolabe"],"picked":"Philosopher\u0027s Stone"}],"items_purged_floors":[2,12,21,39,42,48],"is_endless":false,"potions_floor_spawned":[1,4,11,13,14,20,23,30,30,31,36,40,46,47],"ascension_level":6}}