{"host":"agga6lej02o7kt08","time":1607807428,"event":{"mods":["Arknights The Spire","Aspiration","BaseMod","Better Third Choice","CapriCore","Colored Map","Colored Powertips","Hermit","Hubris","Infinite Spire","Koishi","Marisa£¨Ùöéë¡¡Øª×âÞÞ£©","Minty Spire (QoL Compilation)","Reimu£¨ÚÏ???£©","Replay The Spire","Spicy Shops","StSLib","The Immortal","¡¼?Úª?ø«¡½REMEMod"],"gold_per_floor":[118,118,118,118,58,58,86,86,140,58,91,16,16,31,31,139,139,159,159,69,94,122,160,190,231,231,263,279,303,351,351,351,461,511,530,555,555,580,604,657,657,698,724,757,783,821,860,870,870,891,891,891,55,100,125],"floor_reached":56,"playtime":2345,"items_purged":["Strike_R","Strike_R"],"score":1819,"play_id":"59bb18be-5a17-4f56-b655-5cf96d038d93","local_time":"20201213061028","is_ascension_mode":true,"campfire_choices":[{"data":"Bash","floor":6.0,"key":"SMITH"},{"floor":8.0,"key":"RECALL"},{"data":"REME_Scribble","floor":13.0,"key":"SMITH"},{"data":"Strike_R","floor":15.0,"key":"PURGE"},{"data":"REME_ACTH","floor":32,"key":"SMITH"},{"data":"Defend_R","floor":49,"key":"SMITH"},{"floor":52,"key":"REST"}],"circlet_count":0,"master_deck":["Defend_R+1","Defend_R+1","Bash+1","TreasureHunter+1","Rampage+1","REME_Scribble+1","REME_ACTH+1","Inflame+1","Berserk+1"],"relics":["Burning Blood","REME_ComplimentaryCards","aspiration:Nostalgia","MiniHakkero","YidongShenshe:ReiMu","Orichalcum","Paper Frog","Replay:Bandana","Replay:Rubber Ducky","Bird Faced Urn","Empty Cage","Lantern","Counterbalance","Durian","hubris:Potato","King of Hearts","The Courier","REME_LimitBreaker","hubris:Zylophone","Torii","Tiny House","CaptainsWheel","Replay:Bottled Flurry","Quantum Egg","Letter Opener","Dream Catcher","OrangePellets","Replay:WaspNest","hubris:SlimyHat","Red Skull","hubris:BundleOfHerbs","Anchor","Bag of Marbles","hubris:IronBody","Gremlin Horn"],"acts_visited":["Exordium","TheCity","TheBeyond","TheEnding"],"potions_floor_usage":[23,27,27,55,55],"damage_taken":[{"damage":5.0,"enemies":"2 Louse","floor":1.0,"turns":2.0},{"damage":4.0,"enemies":"3 Sentries","floor":7.0,"turns":6.0},{"damage":18.0,"enemies":"Gremlin Nob","floor":11.0,"turns":4.0},{"damage":3.0,"enemies":"Jaw Worm","floor":14.0,"turns":1.0},{"damage":57,"enemies":"The Guardian","floor":16,"turns":10},{"damage":3,"enemies":"Shell Parasite","floor":18,"turns":2},{"damage":8,"enemies":"Chosen","floor":21,"turns":2},{"damage":3,"enemies":"3 Cultists","floor":22,"turns":3},{"damage":30,"enemies":"Book of Stabbing","floor":23,"turns":5},{"damage":3,"enemies":"Cultist and Chosen","floor":24,"turns":3},{"damage":3,"enemies":"REME_1_Revenger","floor":25,"turns":2},{"damage":6,"enemies":"Nightmare","floor":27,"turns":6},{"damage":0,"enemies":"Snake Plant","floor":28,"turns":1},{"damage":4,"enemies":"3 Cultists","floor":29,"turns":4},{"damage":8,"enemies":"Champ","floor":33,"turns":4},{"damage":0,"enemies":"Orb Walker","floor":35,"turns":3},{"damage":0,"enemies":"3 Darklings","floor":36,"turns":1},{"damage":0,"enemies":"Spire Growth","floor":38,"turns":1},{"damage":0,"enemies":"Jaw Worm Horde","floor":39,"turns":1},{"damage":0,"enemies":"R_Hoarder","floor":40,"turns":2},{"damage":0,"enemies":"Nightmare","floor":42,"turns":1},{"damage":0,"enemies":"Writhing Mass","floor":44,"turns":1},{"damage":0,"enemies":"Sphere and 2 Shapes","floor":45,"turns":1},{"damage":0,"enemies":"Transient","floor":46,"turns":3},{"damage":7,"enemies":"R_Hoarder","floor":47,"turns":6},{"damage":0,"enemies":"Writhing Mass","floor":48,"turns":1},{"damage":0,"enemies":"infinitespire:MassOfShapes","floor":50,"turns":1},{"damage":0,"enemies":"Shield and Spear","floor":54,"turns":1},{"damage":0,"enemies":"The Heart","floor":55,"turns":3}],"seed_played":"-3025266364383919116","potions_obtained":[{"floor":1.0,"key":"Explosive Potion"},{"floor":21,"key":"Adrenaline Potion"},{"floor":24,"key":"Dexterity Potion"},{"floor":25,"key":"Dexterity Potion"},{"floor":28,"key":"Weak Potion"},{"floor":30,"key":"ZuzhouPotion:ReiMu"},{"floor":34,"key":"Regen Potion"},{"floor":38,"key":"EssenceOfSteel"},{"floor":44,"key":"Flashbang"},{"floor":45,"key":"Elixir"}],"is_trial":false,"path_per_floor":["M","?","?","?","$","R","E","R","T","$","E","$","R","M","R_BF","B",null,"M","?","?","M","M","E","M","E","T","NM","M","M","?","AVR","R","B",null,"M","M","?","M","M","E","?","NM","T","M","M","M","E","M","R","B",null,"R","$","E","B",null],"character_chosen":"IRONCLAD","items_purchased":["Rampage+1","REME_Scribble","OrangePellets","Replay:WaspNest","hubris:SlimyHat","Red Skull","hubris:BundleOfHerbs","Anchor","Bag of Marbles"],"campfire_rested":1,"item_purchase_floors":[5,10,53,53,53,53,53,53,53],"current_hp_per_floor":[80,80,80,61,61,61,63,63,63,63,53,53,53,59,59,11,88,91,91,91,92,97,76,84,97,97,102,113,120,120,120,120,123,128,131,134,134,137,140,143,143,146,146,149,152,155,158,158,158,161,161,161,161,164,167],"gold":125,"neow_bonus":"NOSTALGIA","is_daily":false,"chose_seed":false,"campfire_upgraded":4,"win_rate":0.0,"timestamp":1607807428,"path_taken":["M","?","?","?","?","R","E","R","T","$","E","$","R","M","R_BF","BOSS","M","?","?","?","M","E","M","E","T","NM","M","M","?","AVR","R","BOSS","M","M","?","M","?","E","?","NM","T","M","M","M","E","M","R","BOSS","R","$","E","BOSS"],"items_purchased_type":["Card","Card","Relic","Relic","Relic","Relic","Relic","Relic","Relic"],"build_version":"2020-11-30","purchased_purges":2,"victory":true,"max_hp_per_floor":[80,80,80,80,80,80,80,80,80,80,82,82,82,85,85,88,88,91,91,91,94,97,100,103,111,111,114,117,120,120,120,120,123,128,131,134,134,137,140,143,143,146,146,149,152,155,158,158,158,161,161,161,161,164,167],"card_choices":[{"not_picked":["Thunderclap","Flex","Heavy Blade"],"picked":"SKIP","floor":1.0},{"not_picked":["infinitespire:Execution","infinitespire:Menacing"],"picked":"ReplayTheSpireMod:Haul","floor":4.0},{"not_picked":["Twin Strike","Anger","Wild Strike"],"picked":"SKIP","floor":7.0},{"not_picked":["Havoc","ReplayReversal","Anger"],"picked":"SKIP","floor":11.0},{"not_picked":["Fire Breathing","Cleave","Run Through"],"picked":"SKIP","floor":14.0},{"not_picked":["Eclipse","Juggernaut"],"picked":"REME_ACTH","floor":16},{"not_picked":["Wild Strike+1","Intimidate","Havoc+1"],"picked":"SKIP","floor":18},{"not_picked":["Clothesline","Cleave+1","Headbutt"],"picked":"SKIP","floor":21},{"not_picked":["Sword Boomerang","hubris:SharpeningStone","Massacre"],"picked":"SKIP","floor":22},{"not_picked":["hubris:ReadiedAction","Iron Wave+1"],"picked":"Inflame+1","floor":23},{"not_picked":["Anger","Run Through","Cleave"],"picked":"SKIP","floor":24},{"not_picked":["Sword Boomerang","Clash","Intimidate"],"picked":"SKIP","floor":25},{"not_picked":["REME_FearOfPain","Defy Death+1"],"picked":"Berserk","floor":27},{"not_picked":["Warcry","ReplayTheSpireMod:Strike From Hell","Heavy Blade"],"picked":"SKIP","floor":28},{"not_picked":["Warcry","ReplayTheSpireMod:Strike From Hell","Heavy Blade"],"picked":"SKIP","floor":28},{"not_picked":["Warcry","ReplayTheSpireMod:Strike From Hell","Heavy Blade"],"picked":"SKIP","floor":28},{"not_picked":["Dual Wield","Clash+1","Rampage+1"],"picked":"SKIP","floor":29},{"not_picked":["Sentinel+1","Clash+1","Pommel Strike+1"],"picked":"SKIP","floor":35},{"not_picked":["hubris:CleavingFinish","Wild Strike+1","hubris:ReadiedAction"],"picked":"SKIP","floor":36},{"not_picked":["True Grit","Body Slam","Perfected Strike"],"picked":"SKIP","floor":38},{"not_picked":["Defy Death","Thunderclap+1","REME_Fury"],"picked":"SKIP","floor":39},{"not_picked":["Reckless Charge","REME_SingleHolding","Flame Barrier+1"],"picked":"SKIP","floor":40},{"not_picked":["Heavy Blade","Spot Weakness","Anger+1"],"picked":"SKIP","floor":42},{"not_picked":["Carnage","Cleave","Shockwave"],"picked":"SKIP","floor":44},{"not_picked":["Bloodletting","Cleave","Armaments+1"],"picked":"SKIP","floor":45},{"not_picked":["Havoc+1","Flex+1","ReplayTheSpireMod:LeadingStrike"],"picked":"SKIP","floor":46},{"not_picked":["Clothesline+1","Metallicize","Power Through+1"],"picked":"SKIP","floor":47},{"not_picked":["Dark Embrace","Body Slam","ReplayTheSpireMod:Strike From Hell+1"],"picked":"SKIP","floor":48},{"not_picked":["Dark Embrace+1","Thunderclap","Replay:Undeath\u0027s Touch"],"picked":"SKIP","floor":54}],"player_experience":1404183,"relics_obtained":[{"floor":7.0,"key":"Orichalcum"},{"floor":7.0,"key":"Paper Frog"},{"floor":9.0,"key":"Replay:Bandana"},{"floor":11.0,"key":"Replay:Rubber Ducky"},{"floor":16,"key":"Bird Faced Urn"},{"floor":23,"key":"Lantern"},{"floor":23,"key":"Counterbalance"},{"floor":25,"key":"Durian"},{"floor":26,"key":"hubris:Potato"},{"floor":27,"key":"King of Hearts"},{"floor":27,"key":"The Courier"},{"floor":30,"key":"REME_LimitBreaker"},{"floor":33,"key":"Torii"},{"floor":40,"key":"CaptainsWheel"},{"floor":42,"key":"Replay:Bottled Flurry"},{"floor":42,"key":"Quantum Egg"},{"floor":47,"key":"Letter Opener"},{"floor":47,"key":"Dream Catcher"},{"floor":54,"key":"hubris:IronBody"},{"floor":54,"key":"Gremlin Horn"}],"event_choices":[{"damage_healed":0.0,"max_hp_gain":0.0,"max_hp_loss":0.0,"gold_gain":0.0,"event_name":"yidonshenshe","player_choice":"Take Tiny Shrine away","floor":2.0,"gold_loss":0.0,"damage_taken":0.0,"relics_obtained":["YidongShenshe:ReiMu"],"cards_obtained":["Poor:ReiMu"]},{"cards_removed":["Poor:ReiMu"],"damage_healed":0.0,"max_hp_gain":0.0,"max_hp_loss":0.0,"gold_gain":0.0,"event_name":"Living Wall","player_choice":"Forget","floor":3.0,"gold_loss":0.0,"damage_taken":0.0},{"damage_healed":0,"gold_gain":0,"player_choice":"Ignored","damage_taken":0,"max_hp_gain":0,"max_hp_loss":0,"event_name":"Ghosts","floor":19,"gold_loss":0},{"cards_removed":["Strike_R"],"damage_healed":0,"gold_gain":0,"player_choice":"Upgrade and Remove","damage_taken":0,"max_hp_gain":0,"max_hp_loss":0,"event_name":"Designer","floor":20,"gold_loss":90,"cards_upgraded":["Defend_R"]},{"damage_healed":0,"gold_gain":0,"player_choice":"Upgraded","damage_taken":0,"max_hp_gain":0,"max_hp_loss":0,"event_name":"Upgrade Shrine","floor":37,"gold_loss":0,"cards_upgraded":["TreasureHunter"]},{"cards_removed":["Defend_R"],"damage_healed":0,"gold_gain":0,"player_choice":"Purged","damage_taken":0,"max_hp_gain":0,"max_hp_loss":0,"event_name":"Purifier","floor":41,"gold_loss":0}],"is_beta":false,"boss_relics":[{"not_picked":["hubris:HollowSoul","infinitespire:Burning Sword"],"picked":"Empty Cage"},{"not_picked":["SacredBark","ChewingGum"],"picked":"Tiny House"}],"items_purged_floors":[12,31],"is_endless":false,"potions_floor_spawned":[1,21,24,25,28,38,44,45,47,48,54],"ascension_level":1}}