{"host":"6ko66ogg91i6g7xq","time":1607769345,"event":{"mods":["AchievementEnabler","Act Like it!","BaseMod","Colored Map","Colored Powertips","Downfall","Hermit","Minty Spire (QoL Compilation)","Quick Restart","Relic Stats","StSLib","The Jungle","everything is the same but u backflip on backflip"],"gold_per_floor":[119,119,119,130,130,130,130,165,219,219,237,270,3,13,13,111,111,129,129,129,129,149,181,181,210,235,245,95,113,113,127,127,229,229,241,291,291,48,63,92,103,136,136,136,191,216,126,126,126,126,126],"floor_reached":50,"playtime":1819,"items_purged":[],"score":760,"play_id":"d0c8b115-64ef-4b8d-9b7d-c2f34c1784b9","local_time":"20201212053545","is_ascension_mode":true,"campfire_choices":[{"floor":6,"key":"RECALL"},{"data":"Catalyst","floor":10,"key":"SMITH"},{"data":"Doppelganger","floor":15,"key":"SMITH"},{"data":"Caltrops","floor":24,"key":"SMITH"},{"data":"Adrenaline","floor":30,"key":"SMITH"},{"data":"Crippling Poison","floor":32,"key":"SMITH"},{"data":"After Image","floor":44,"key":"SMITH"},{"data":"Adrenaline","floor":49,"key":"SMITH"}],"circlet_count":0,"master_deck":["Strike_G+1","Strike_G+1","Strike_G+1","Strike_G+1","Defend_G+1","Defend_G+1","Defend_G+1","Defend_G+1","Defend_G+1","Survivor","Neutralize+1","Catalyst+1","Crippling Poison+1","Crippling Poison","Deadly Poison","Doppelganger+1","Blur","Poisoned Stab","Adrenaline+1","Dagger Spray+1","Writhe","Poisoned Stab+1","Dodge and Roll+1","Backflip","Adrenaline+1","Deadly Poison+1","After Image+1","Writhe","Madness","Madness"],"relics":["Ring of the Snake","NeowsBlessing","FossilizedHelix","Snake Skull","MealTicket","Happy Flower","SlaversCollar","Nilry\u0027s Codex","PreservedInsect","Vajra","TungstenRod","Anchor","Chemical X","Cursed Key","The Specimen","Regal Pillow","Potion Belt","Pen Nib","Orichalcum","Juzu Bracelet"],"acts_visited":["Exordium","TheCity","TheBeyond"],"potions_floor_usage":[12,16,22,23,25,25,31,31,50,50],"damage_taken":[{"damage":0,"enemies":"Jaw Worm","floor":1,"turns":1},{"damage":0,"enemies":"Cultist","floor":4,"turns":1},{"damage":0,"enemies":"Lagavulin","floor":8,"turns":1},{"damage":0,"enemies":"2 Louse","floor":11,"turns":2},{"damage":5,"enemies":"3 Sentries","floor":12,"turns":11},{"damage":0,"enemies":"Blue Slaver","floor":14,"turns":2},{"damage":8,"enemies":"Hexaghost","floor":16,"turns":5},{"damage":0,"enemies":"Spheric Guardian","floor":18,"turns":2},{"damage":0,"enemies":"Shell Parasite","floor":22,"turns":3},{"damage":7,"enemies":"Book of Stabbing","floor":23,"turns":4},{"damage":5,"enemies":"Slavers","floor":25,"turns":2},{"damage":8,"enemies":"Snake Plant","floor":27,"turns":3},{"damage":0,"enemies":"Snecko","floor":29,"turns":4},{"damage":0,"enemies":"Chosen and Byrds","floor":31,"turns":3},{"damage":0,"enemies":"Automaton","floor":33,"turns":8},{"damage":0,"enemies":"3 Darklings","floor":35,"turns":3},{"damage":0,"enemies":"Mind Bloom Boss Battle","floor":36,"turns":4},{"damage":0,"enemies":"Orb Walker","floor":39,"turns":2},{"damage":5,"enemies":"Reptomancer","floor":40,"turns":4},{"damage":0,"enemies":"Jaw Worm Horde","floor":41,"turns":3},{"damage":0,"enemies":"Giant Head","floor":42,"turns":5},{"damage":0,"enemies":"Reptomancer","floor":46,"turns":3},{"damage":72,"enemies":"Time Eater","floor":50,"turns":10}],"seed_played":"-4760885172498852069","potions_obtained":[{"floor":1,"key":"Regen Potion"},{"floor":8,"key":"EssenceOfSteel"},{"floor":11,"key":"GamblersBrew"},{"floor":12,"key":"PowerPotion"},{"floor":16,"key":"CunningPotion"},{"floor":22,"key":"Swift Potion"},{"floor":23,"key":"Swift Potion"},{"floor":25,"key":"Weak Potion"},{"floor":29,"key":"Explosive Potion"},{"floor":35,"key":"Regen Potion"},{"floor":41,"key":"Strength Potion"},{"floor":46,"key":"Strength Potion"}],"is_trial":false,"path_per_floor":["M","?","$","M","?","R","$","E","T","R","M","E","$","M","R","B",null,"M","?","?","?","M","E","R","E","T","M","$","M","R","M","R","B",null,"M","?","?","$","M","E","M","E","T","R","T","E","?","?","R","B"],"character_chosen":"THE_SILENT","items_purchased":["Happy Flower","Caltrops","Blur","Chemical X","Regal Pillow","SmokeBomb"],"campfire_rested":0,"item_purchase_floors":[13,13,13,28,38,38],"current_hp_per_floor":[70,70,70,70,70,70,70,70,70,70,70,65,70,70,70,62,70,70,54,54,54,54,47,47,51,51,43,58,58,58,58,58,58,70,70,70,70,70,70,65,65,65,65,65,65,65,65,57,57,0,0],"gold":126,"neow_bonus":"THREE_ENEMY_KILL","is_daily":false,"chose_seed":false,"campfire_upgraded":7,"win_rate":0.0,"timestamp":1607769345,"path_taken":["M","?","?","M","?","R","$","E","T","R","M","E","$","?","R","BOSS","M","?","?","?","M","E","R","E","T","M","$","M","R","M","R","BOSS","M","?","?","?","?","E","M","E","T","R","?","E","?","?","R","BOSS"],"items_purchased_type":["Relic","Card","Card","Relic","Relic","Potion"],"build_version":"2020-11-30","purchased_purges":0,"victory":false,"max_hp_per_floor":[70,70,70,70,70,70,70,70,70,70,70,70,70,70,70,70,70,70,70,70,70,70,70,70,70,70,70,70,70,70,70,70,70,70,70,70,70,70,70,70,70,70,70,70,70,70,70,70,70,70,70],"relic_stats":{"Regal Pillow":0,"Happy Flower":[23],"counters":[23,86],"Snake Skull":[153],"PreservedInsect":324,"Pen Nib":[2],"Juzu Bracelet":1,"Orichalcum":[0],"Cursed Key":2,"MealTicket":20,"Chemical X":[12],"obtain_stats":[{"Potion Belt":40,"Regal Pillow":38,"NeowsBlessing":0,"Happy Flower":13,"The Specimen":36,"Nilry\u0027s Codex":19,"Vajra":23,"Snake Skull":9,"PreservedInsect":20,"Pen Nib":42,"Juzu Bracelet":46,"Orichalcum":45,"Cursed Key":34,"SlaversCollar":17,"Anchor":26,"MealTicket":12,"Chemical X":28,"FossilizedHelix":8,"TungstenRod":25,"Ring of the Snake":0},{"Potion Belt":19,"Regal Pillow":17,"NeowsBlessing":0,"Happy Flower":5,"The Specimen":17,"Nilry\u0027s Codex":8,"Vajra":10,"Snake Skull":3,"PreservedInsect":8,"Pen Nib":21,"Juzu Bracelet":22,"Orichalcum":21,"Cursed Key":15,"SlaversCollar":7,"Anchor":11,"MealTicket":5,"Chemical X":12,"FossilizedHelix":3,"TungstenRod":11,"Ring of the Snake":0},{"Potion Belt":65,"Regal Pillow":59,"NeowsBlessing":0,"Happy Flower":16,"The Specimen":59,"Nilry\u0027s Codex":25,"Vajra":32,"Snake Skull":3,"PreservedInsect":25,"Pen Nib":73,"Juzu Bracelet":76,"Orichalcum":73,"Cursed Key":52,"SlaversCollar":23,"Anchor":34,"MealTicket":16,"Chemical X":37,"FossilizedHelix":3,"TungstenRod":34,"Ring of the Snake":0}],"TungstenRod":12,"Ring of the Snake":[46]},"card_choices":[{"not_picked":["Predator","Backflip"],"picked":"Catalyst","floor":1},{"not_picked":["Cloak And Dagger","Outmaneuver"],"picked":"Crippling Poison","floor":4},{"not_picked":["Skewer","Flying Knee"],"picked":"Crippling Poison","floor":8},{"not_picked":["Acrobatics","Masterful Stab"],"picked":"Deadly Poison","floor":11},{"not_picked":["Flechettes","All Out Attack"],"picked":"Doppelganger","floor":12},{"not_picked":["Sucker Punch","Escape Plan"],"picked":"Poisoned Stab","floor":14},{"not_picked":["Envenom","A Thousand Cuts"],"picked":"Adrenaline","floor":16},{"not_picked":["Cloak And Dagger","Bane"],"picked":"Dagger Spray+1","floor":18},{"not_picked":["Accuracy+1","Blade Dance"],"picked":"Poisoned Stab+1","floor":22},{"not_picked":["Cloak And Dagger","Bullet Time","Backstab"],"picked":"SKIP","floor":23},{"not_picked":["Flying Knee+1","Well Laid Plans+1","Blade Dance+1"],"picked":"SKIP","floor":25},{"not_picked":["Eviscerate","Dagger Spray"],"picked":"Dodge and Roll+1","floor":27},{"not_picked":["Distraction","Escape Plan","All Out Attack"],"picked":"SKIP","floor":29},{"not_picked":["Reflex","Slice"],"picked":"Backflip","floor":31},{"not_picked":["Die Die Die","A Thousand Cuts"],"picked":"Adrenaline","floor":33},{"not_picked":["Acrobatics+1","PiercingWail+1","Sucker Punch+1"],"picked":"SKIP","floor":35},{"not_picked":["Deflect","Poisoned Stab"],"picked":"Deadly Poison+1","floor":39},{"not_picked":["Slice","Deflect+1"],"picked":"After Image","floor":40},{"not_picked":["Accuracy+1","Backstab+1","Dagger Spray"],"picked":"SKIP","floor":41},{"not_picked":["Sucker Punch+1","Dash+1","Expertise+1"],"picked":"SKIP","floor":42},{"not_picked":["Terror","Expertise","Slice"],"picked":"SKIP","floor":46}],"player_experience":257347,"relics_obtained":[{"floor":8,"key":"FossilizedHelix"},{"floor":9,"key":"Snake Skull"},{"floor":12,"key":"MealTicket"},{"floor":19,"key":"Nilry\u0027s Codex"},{"floor":23,"key":"Vajra"},{"floor":25,"key":"TungstenRod"},{"floor":26,"key":"Anchor"},{"floor":36,"key":"The Specimen"},{"floor":40,"key":"Potion Belt"},{"floor":42,"key":"Pen Nib"},{"floor":45,"key":"Orichalcum"},{"floor":46,"key":"Juzu Bracelet"}],"event_choices":[{"cards_removed":["Strike_G"],"damage_healed":0,"gold_gain":0,"player_choice":"Purged","damage_taken":0,"max_hp_gain":0,"max_hp_loss":0,"event_name":"Purifier","floor":2,"gold_loss":0},{"damage_healed":0,"gold_gain":0,"player_choice":"Leave","damage_taken":0,"max_hp_gain":0,"max_hp_loss":0,"event_name":"The Cleric","floor":5,"gold_loss":0},{"damage_healed":0,"gold_gain":0,"player_choice":"Obtained Book","damage_taken":16,"max_hp_gain":0,"max_hp_loss":0,"event_name":"Cursed Tome","floor":19,"gold_loss":0},{"damage_healed":0,"gold_gain":0,"player_choice":"Opened","damage_taken":0,"relics_obtained":["PreservedInsect"],"max_hp_gain":0,"max_hp_loss":0,"event_name":"The Mausoleum","floor":20,"gold_loss":0,"cards_obtained":["Writhe"]},{"damage_healed":0,"gold_gain":0,"player_choice":"Simplicity","damage_taken":0,"max_hp_gain":0,"max_hp_loss":0,"event_name":"Back to Basics","floor":21,"gold_loss":0,"cards_upgraded":["Strike_G","Strike_G","Strike_G","Strike_G","Defend_G","Defend_G","Defend_G","Defend_G","Defend_G"]},{"damage_healed":0,"gold_gain":0,"player_choice":"Fight","damage_taken":0,"max_hp_gain":0,"max_hp_loss":0,"event_name":"MindBloom","floor":36,"gold_loss":0},{"cards_removed":["Caltrops"],"damage_healed":0,"gold_gain":0,"player_choice":"Removed Power","damage_taken":0,"max_hp_gain":0,"max_hp_loss":0,"event_name":"Falling","floor":37,"gold_loss":0},{"cards_removed":["Slimebound:Icky"],"damage_healed":0,"gold_gain":0,"player_choice":"Upgrade and Remove","damage_taken":0,"max_hp_gain":0,"max_hp_loss":0,"event_name":"Designer","floor":47,"gold_loss":90,"cards_upgraded":["Neutralize"]},{"damage_healed":0,"gold_gain":0,"player_choice":"Embrace Madness","damage_taken":9,"max_hp_gain":0,"max_hp_loss":0,"event_name":"Winding Halls","floor":48,"gold_loss":0,"cards_obtained":["Madness","Madness"]}],"is_beta":false,"boss_relics":[{"not_picked":["Philosopher\u0027s Stone","Fusion Hammer"],"picked":"SlaversCollar"},{"not_picked":["WristBlade","Astrolabe"],"picked":"Cursed Key"}],"items_purged_floors":[],"is_endless":false,"potions_floor_spawned":[1,8,11,12,16,22,23,25,29,35,41,46],"killed_by":"Time Eater","ascension_level":1}}