{"host":"cz3p2o9n3b1gdmkz","time":1607772740,"event":{"mods":["AchievementEnabler","BaseMod","CapriCore","GungeonMod","Hermit","Minty Spire (QoL Compilation)","Replay The Spire","Shop Mod","StSLib","SuperFastMode","The Cursed","The Dragon Tamer","The Gatherer","The Jungle","The Poker Player"],"gold_per_floor":[112,23,34,84,99,99,118,128,152,152,187,187,217,227,227,298,298,313,330,78,98,298,298,330,350,350,265,296,296,221,240,240,311,311,331,331,342,367,367,395,395,395,395,395],"floor_reached":42,"playtime":1863,"items_purged":["PokerPlayerMod:Club2","PokerPlayerMod:Spade1"],"score":1164,"play_id":"5bc7ee30-8419-475f-b700-4c9d3f97f990","local_time":"20201212203220","is_ascension_mode":true,"metric_token":990,"campfire_choices":[{"data":"PokerPlayerMod:Mulligan","floor":6.0,"key":"SMITH"},{"data":"PokerPlayerMod:WasteCollection","floor":12.0,"key":"SMITH"},{"data":"PokerPlayerMod:Sharpen","floor":15.0,"key":"SMITH"},{"data":"PokerPlayerMod:TrumpStrike","floor":23.0,"key":"SMITH"},{"data":"PokerPlayerMod:Heart2","floor":29.0,"key":"SMITH"},{"data":"PokerPlayerMod:Diamond1","floor":32.0,"key":"SMITH"},{"data":"PokerPlayerMod:Diamond2","floor":41,"key":"SMITH"}],"circlet_count":0,"master_deck":["AscendersBane","PokerPlayerMod:Diamond3","PokerPlayerMod:Diamond3","PokerPlayerMod:Diamond3","PokerPlayerMod:Diamond4","PokerPlayerMod:Diamond5","PokerPlayerMod:Spade3","PokerPlayerMod:Heart3","PokerPlayerMod:TrumpStrike+1","PokerPlayerMod:BadJoker+1","PokerPlayerMod:Mulligan+1","PokerPlayerMod:Diamond8","PokerPlayerMod:Diamond3","PokerPlayerMod:Diamond8","PokerPlayerMod:Diamond3","PokerPlayerMod:WasteCollection+1","PokerPlayerMod:Sharpen+1","PokerPlayerMod:Diamond10+","PokerPlayerMod:SecretDealer+1","PokerPlayerMod:Sharpen+1","PokerPlayerMod:Club8","PokerPlayerMod:Diamond8"],"relics":["PokerPlayerMod:DeckCase","Boot","StoneCalendar","Happy Flower","Replay:Fungal Core","Juzu Bracelet","Akabeko","Oddly Smooth Stone","Black Star","Counterbalance","Vajra","War Paint"],"acts_visited":["Exordium","TheCity","TheBeyond"],"potions_floor_usage":[38],"damage_taken":[{"damage":0.0,"enemies":"Cultist","floor":1.0,"turns":3.0},{"damage":7.0,"enemies":"Jaw Worm","floor":3.0,"turns":3.0},{"damage":0.0,"enemies":"Small Slimes","floor":5.0,"turns":1.0},{"damage":8.0,"enemies":"Red Slaver","floor":7.0,"turns":2.0},{"damage":0.0,"enemies":"Large Slime","floor":8.0,"turns":2.0},{"damage":0.0,"enemies":"Replay:BlueRogue","floor":11.0,"turns":3.0},{"damage":0.0,"enemies":"Gremlin Nob","floor":13.0,"turns":2.0},{"damage":0.0,"enemies":"Blue Slaver","floor":14.0,"turns":1.0},{"damage":0.0,"enemies":"Slime Boss","floor":16.0,"turns":1.0},{"damage":0.0,"enemies":"2 Thieves","floor":18.0,"turns":1.0},{"damage":0.0,"enemies":"Chosen","floor":19.0,"turns":3.0},{"damage":0.0,"enemies":"Snecko","floor":21.0,"turns":2.0},{"damage":16.0,"enemies":"Slavers","floor":24.0,"turns":2.0},{"damage":1.0,"enemies":"Cultist and Chosen","floor":25.0,"turns":3.0},{"damage":0.0,"enemies":"Book of Stabbing","floor":28.0,"turns":2.0},{"damage":0.0,"enemies":"Sentry and Sphere","floor":31.0,"turns":2.0},{"damage":0.0,"enemies":"Pondfish","floor":33.0,"turns":4.0},{"damage":0.0,"enemies":"3 Shapes","floor":35.0,"turns":1.0},{"damage":18,"enemies":"3 Darklings","floor":37,"turns":2},{"damage":23,"enemies":"Mind Bloom Boss Battle","floor":38,"turns":3},{"damage":15,"enemies":"R_Hoarder","floor":40,"turns":7},{"damage":45,"enemies":"Nemesis","floor":42,"turns":2}],"seed_played":"3589258260189462448","potions_obtained":[{"floor":3.0,"key":"Adrenaline Potion"},{"floor":11.0,"key":"GamblersBrew"},{"floor":28.0,"key":"DemoMod:LeadSkinPotion"},{"floor":38,"key":"SpeedPotion"}],"is_trial":false,"path_per_floor":["M","$","M","?","M","R","M","M","T","?","E","R","E","M","R","B",null,"M","M","$","M","?","R","E","M","T","?","E","R","?","M","R","B",null,"M","?","M","?","?","E","R","E"],"character_chosen":"THE_POKER_PLAYER","items_purchased":["PokerPlayerMod:Diamond3","Juzu Bracelet"],"campfire_rested":0,"item_purchase_floors":[2,20],"current_hp_per_floor":[45,45,41,41,41,41,33,33,33,33,33,33,35,35,35,35,45,48,48,48,48,48,48,32,33,33,33,33,33,33,48,48,48,48,48,48,30,17,17,26,26,0,0,0],"gold":395,"neow_bonus":"RANDOM_EVENT","is_daily":false,"chose_seed":false,"campfire_upgraded":7,"win_rate":0.0,"timestamp":1607772740,"path_taken":["M","$","?","?","M","R","M","?","T","?","E","R","E","M","R","BOSS","M","?","$","M","?","R","E","M","T","?","E","R","?","M","R","BOSS","M","?","M","?","?","E","R","E"],"items_purchased_type":["Card","Relic"],"build_version":"2020-11-30","purchased_purges":2,"victory":false,"max_hp_per_floor":[48,48,48,48,48,48,48,48,48,48,48,48,48,48,48,48,48,48,48,48,48,48,48,48,48,48,48,48,48,48,48,48,48,48,48,48,48,48,48,48,48,48,48,48],"card_choices":[{"not_picked":["PokerPlayerMod:SpadeStrike","PokerPlayerMod:Raise","PokerPlayerMod:Diamond3"],"picked":"SKIP","floor":1.0},{"not_picked":["PokerPlayerMod:Diamond4","PokerPlayerMod:Spade6"],"picked":"PokerPlayerMod:Diamond8","floor":3.0},{"not_picked":["PokerPlayerMod:Club2","PokerPlayerMod:Diamond1"],"picked":"PokerPlayerMod:Diamond3","floor":5.0},{"not_picked":["PokerPlayerMod:Spade5","PokerPlayerMod:Fold","PokerPlayerMod:Raise"],"picked":"SKIP","floor":7.0},{"not_picked":["PokerPlayerMod:DiamondStrike","PokerPlayerMod:Spade4","PokerPlayerMod:SpadeStrike"],"picked":"SKIP","floor":8.0},{"not_picked":["PokerPlayerMod:SpadeStrike","PokerPlayerMod:Trickery"],"picked":"PokerPlayerMod:WasteCollection","floor":11.0},{"not_picked":["PokerPlayerMod:CloakAndDiamond","PokerPlayerMod:Club1","PokerPlayerMod:Club7"],"picked":"SKIP","floor":13.0},{"not_picked":["PokerPlayerMod:Diamond4","PokerPlayerMod:PoorCopy"],"picked":"PokerPlayerMod:Sharpen","floor":14.0},{"not_picked":["PokerPlayerMod:Diamond7","PokerPlayerMod:ChangeRules"],"picked":"PokerPlayerMod:Diamond10+","floor":16.0},{"not_picked":["PokerPlayerMod:Heart1","PokerPlayerMod:Spade6","PokerPlayerMod:Diamond7"],"picked":"SKIP","floor":18.0},{"not_picked":["PokerPlayerMod:Diamond5","PokerPlayerMod:SpadeStrike","PokerPlayerMod:ClubsClub+1"],"picked":"SKIP","floor":19.0},{"not_picked":["PokerPlayerMod:Trickery","PokerPlayerMod:HeartStrike","PokerPlayerMod:Spade2"],"picked":"SKIP","floor":21.0},{"not_picked":["PokerPlayerMod:Diamond6","PokerPlayerMod:CardBurn","PokerPlayerMod:MagicTrick"],"picked":"SKIP","floor":24.0},{"not_picked":["PokerPlayerMod:DartThrow","PokerPlayerMod:Fold","PokerPlayerMod:Extraction"],"picked":"SKIP","floor":25.0},{"not_picked":["PokerPlayerMod:Spade6","PokerPlayerMod:Club7","PokerPlayerMod:ClubStrike"],"picked":"SKIP","floor":28.0},{"not_picked":["PokerPlayerMod:Club5","PokerPlayerMod:DartThrow","PokerPlayerMod:Heart1"],"picked":"SKIP","floor":31.0},{"not_picked":["PokerPlayerMod:Spade10+","PokerPlayerMod:Diamond7"],"picked":"PokerPlayerMod:SecretDealer","floor":33.0},{"not_picked":["PokerPlayerMod:Overdeal","PokerPlayerMod:Club3","PokerPlayerMod:Spade4"],"picked":"SKIP","floor":35.0},{"not_picked":["PokerPlayerMod:HiddenCard","PokerPlayerMod:MagicTrick"],"picked":"PokerPlayerMod:Sharpen+1","floor":37},{"not_picked":["PokerPlayerMod:Club9","PokerPlayerMod:HotShotCut"],"picked":"PokerPlayerMod:Diamond8","floor":40}],"player_experience":825781,"relics_obtained":[{"floor":9.0,"key":"Boot"},{"floor":11.0,"key":"StoneCalendar"},{"floor":13.0,"key":"Happy Flower"},{"floor":24.0,"key":"Akabeko"},{"floor":38,"key":"Counterbalance"},{"floor":40,"key":"Vajra"},{"floor":40,"key":"War Paint"}],"event_choices":[{"damage_healed":0.0,"max_hp_gain":0.0,"max_hp_loss":0.0,"gold_gain":0.0,"cards_transformed":["PokerPlayerMod:Club1"],"event_name":"Living Wall","player_choice":"Change","floor":0.0,"gold_loss":0.0,"damage_taken":0.0,"cards_obtained":["PokerPlayerMod:Diamond8"]},{"damage_healed":0.0,"max_hp_gain":0.0,"max_hp_loss":0.0,"gold_gain":50.0,"event_name":"Golden Shrine","player_choice":"Pray","floor":4.0,"gold_loss":0.0,"damage_taken":0.0},{"damage_healed":0.0,"max_hp_gain":0.0,"max_hp_loss":0.0,"gold_gain":0.0,"event_name":"Accursed Blacksmith","player_choice":"Forge","floor":10.0,"gold_loss":0.0,"damage_taken":0.0,"cards_upgraded":["PokerPlayerMod:Diamond3"]},{"damage_healed":0.0,"max_hp_gain":0.0,"max_hp_loss":0.0,"gold_gain":250.0,"event_name":"The Joust","player_choice":"Bet on Owner","floor":22.0,"gold_loss":50.0,"damage_taken":0.0},{"damage_healed":0.0,"max_hp_gain":0.0,"max_hp_loss":0.0,"gold_gain":0.0,"event_name":"Addict","player_choice":"Obtained Relic","floor":27.0,"gold_loss":85.0,"damage_taken":0.0,"relics_obtained":["Oddly Smooth Stone"]},{"cards_removed":["PokerPlayerMod:Spade2"],"damage_healed":0.0,"max_hp_gain":0.0,"max_hp_loss":0.0,"gold_gain":0.0,"event_name":"Beggar","player_choice":"Gave Gold","floor":30.0,"gold_loss":75.0,"damage_taken":0.0},{"damage_healed":0,"gold_gain":0,"player_choice":"Fight","damage_taken":0,"max_hp_gain":0,"max_hp_loss":0,"event_name":"MindBloom","floor":38,"gold_loss":0},{"damage_healed":0,"gold_gain":0,"cards_transformed":["PokerPlayerMod:Spade4"],"player_choice":"Transformed","damage_taken":0,"max_hp_gain":0,"max_hp_loss":0,"event_name":"Transmorgrifier","floor":39,"gold_loss":0,"cards_obtained":["PokerPlayerMod:Club8"]}],"is_beta":false,"boss_relics":[{"not_picked":["Replay:Drink Me","Replay:Bronze Core"],"picked":"Replay:Fungal Core"},{"not_picked":["DemoMod:WaxWing","Velvet Choker"],"picked":"Black Star"}],"items_purged_floors":[2,20],"is_endless":false,"potions_floor_spawned":[3,11,14,19,28,38],"killed_by":"Nemesis","ascension_level":15}}