{"host":"J","time":1607780570,"event":{"mods":["AchievementEnabler","BaseMod","Block Reminder","Highlight Path","Minty Spire (QoL Compilation)","Permanent Neow","Quick Restart","Relic Stats","UnlockEverythingMod"],"gold_per_floor":[111,261,85,105,125,158,158,158,158,158,173,173,186,205,205,277,277,293,293,310,321,321,321,321,321],"floor_reached":24,"playtime":3091,"items_purged":["Doubt"],"score":496,"play_id":"28dbf107-15dd-4621-b7ca-e8e73cc6b23d","local_time":"20201212144250","is_ascension_mode":true,"campfire_choices":[{"data":"Defragment","floor":8.0,"key":"SMITH"},{"floor":10.0,"key":"REST"},{"data":"Capacitor","floor":12.0,"key":"SMITH"},{"data":"Zap","floor":15.0,"key":"SMITH"},{"floor":23,"key":"RECALL"}],"circlet_count":0,"master_deck":["AscendersBane","Strike_B","Strike_B","Strike_B","Defend_B","Defend_B","Defend_B","Defend_B","Zap+1","Dualcast","Coolheaded","Defragment+1","Ball Lightning","Chill","Compile Driver","Capacitor+1","Coolheaded","FTL+1","Glacier","Multi-Cast","Leap","Loop+1","Skim","Writhe"],"relics":["Nuclear Battery","FossilizedHelix","Molten Egg 2","Fusion Hammer","Boot","Shuriken"],"acts_visited":["Exordium","TheCity"],"potions_floor_usage":[],"damage_taken":[{"damage":4.0,"enemies":"Small Slimes","floor":1.0,"turns":3.0},{"damage":7.0,"enemies":"Jaw Worm","floor":4.0,"turns":3.0},{"damage":3.0,"enemies":"Cultist","floor":5.0,"turns":3.0},{"damage":28.0,"enemies":"Lagavulin","floor":6.0,"turns":6.0},{"damage":0.0,"enemies":"Large Slime","floor":11.0,"turns":5.0},{"damage":0.0,"enemies":"Looter","floor":13.0,"turns":4.0},{"damage":6.0,"enemies":"3 Louse","floor":14.0,"turns":3.0},{"damage":0.0,"enemies":"Slime Boss","floor":16.0,"turns":11.0},{"damage":4,"enemies":"Spheric Guardian","floor":18,"turns":4},{"damage":0,"enemies":"Shell Parasite","floor":20,"turns":7},{"damage":1,"enemies":"Centurion and Healer","floor":21,"turns":11},{"damage":66,"enemies":"Gremlin Leader","floor":24,"turns":9}],"seed_played":"-2949448376220086217","potions_obtained":[{"floor":4.0,"key":"Fire Potion"},{"floor":13.0,"key":"AttackPotion"},{"floor":18,"key":"Dexterity Potion"},{"floor":20,"key":"Dexterity Potion"}],"is_trial":false,"path_per_floor":["M","?","$","M","M","E","?","R","T","R","M","R","M","M","R","B",null,"M","?","M","M","?","R","E"],"character_chosen":"DEFECT","items_purchased":["Defragment","Ball Lightning"],"campfire_rested":1,"item_purchase_floors":[3,3],"current_hp_per_floor":[60,60,60,53,50,22,15,15,15,36,36,36,36,30,30,30,61,57,57,57,56,56,56,0,0],"gold":321,"neow_bonus":"BOSS_RELIC","is_daily":false,"chose_seed":false,"campfire_upgraded":3,"win_rate":0.0,"timestamp":1607780570,"path_taken":["M","?","$","M","M","E","?","R","T","R","M","R","M","M","R","BOSS","M","?","M","?","?","R","E"],"items_purchased_type":["Card","Card"],"build_version":"2020-12-07","purchased_purges":1,"victory":false,"max_hp_per_floor":[71,71,71,71,71,71,71,71,71,71,71,71,71,71,71,71,71,71,71,71,71,71,71,71,71],"relic_stats":{"counters":[12,69],"Shuriken":[2],"Boot":[8],"obtain_stats":[{"Shuriken":22,"Molten Egg 2":9,"Fusion Hammer":17,"Cracked Core":0,"Boot":19,"FossilizedHelix":6,"Nuclear Battery":0},{"Shuriken":11,"Molten Egg 2":4,"Fusion Hammer":8,"Cracked Core":0,"Boot":9,"FossilizedHelix":4,"Nuclear Battery":0},{"Shuriken":60,"Molten Egg 2":15,"Fusion Hammer":38,"Cracked Core":0,"Boot":42,"FossilizedHelix":15,"Nuclear Battery":0}]},"card_choices":[{"not_picked":["Stack","Rebound"],"picked":"Coolheaded","floor":1.0},{"not_picked":["Rebound","Barrage"],"picked":"Chill","floor":4.0},{"not_picked":["Rebound","Recycle"],"picked":"Compile Driver","floor":5.0},{"not_picked":["Gash","Stack"],"picked":"Capacitor","floor":6.0},{"not_picked":["Redo","Rebound+1"],"picked":"Coolheaded","floor":11.0},{"not_picked":["Cold Snap+1","Beam Cell+1"],"picked":"FTL+1","floor":13.0},{"not_picked":["Coolheaded","Skim"],"picked":"Glacier","floor":14.0},{"not_picked":["Amplify","Core Surge+1"],"picked":"Multi-Cast","floor":16.0},{"not_picked":["Stack","Streamline+1"],"picked":"Leap","floor":18},{"not_picked":["Self Repair","Streamline+1"],"picked":"Loop+1","floor":20},{"not_picked":["Coolheaded","Double Energy"],"picked":"Skim","floor":21}],"player_experience":155551,"relics_obtained":[{"floor":6.0,"key":"FossilizedHelix"},{"floor":9.0,"key":"Molten Egg 2"}],"event_choices":[{"damage_healed":0.0,"max_hp_gain":0.0,"max_hp_loss":0.0,"gold_gain":150.0,"event_name":"Liars Game","player_choice":"AGREE","floor":2.0,"gold_loss":0.0,"damage_taken":0.0,"cards_obtained":["Doubt"]},{"cards_removed":["Strike_B"],"damage_healed":0.0,"max_hp_gain":0.0,"max_hp_loss":0.0,"gold_gain":0.0,"event_name":"Golden Wing","player_choice":"Card Removal","floor":7.0,"gold_loss":0.0,"damage_taken":7.0},{"damage_healed":0,"gold_gain":0,"player_choice":"Gave Potion","damage_taken":0,"relics_obtained":["Boot"],"max_hp_gain":0,"max_hp_loss":0,"event_name":"WeMeetAgain","floor":19,"gold_loss":0},{"damage_healed":0,"gold_gain":0,"player_choice":"Opened","damage_taken":0,"relics_obtained":["Shuriken"],"max_hp_gain":0,"max_hp_loss":0,"event_name":"The Mausoleum","floor":22,"gold_loss":0,"cards_obtained":["Writhe"]}],"is_beta":true,"boss_relics":[{"not_picked":["Coffee Dripper","SacredBark"],"picked":"Fusion Hammer"}],"items_purged_floors":[3],"is_endless":false,"potions_floor_spawned":[4,13,16,18,20],"killed_by":"Gremlin Leader","ascension_level":20}}