{"host":"oqyakm3e5m4kt4l3","time":1607738904,"event":{"mods":["2.2 Compatiblity","AchievementEnabler","BaseMod","Better Altar","Better Match","Better Note","Better Sensory Stone","Better Skull","Better Third Choice","BetterRewards","Colored Map","Colored Powertips","Minty Spire (QoL Compilation)","Permanent Neow","Quick Restart","Rare Cards Sparkle","Shop Mod","StSLib","Synergy Search"],"gold_per_floor":[111,111,126,146,163,163,194,214,262,296,296,313,332,352,352,430,430,448,64,77,87,87,87,87,117,117,117,153,171,200,235,235,235,235],"floor_reached":33,"playtime":1979,"items_purged":["Pain"],"score":542,"play_id":"c22f19d7-2086-44dc-acfb-3e2c974250bd","local_time":"20201211210824","is_ascension_mode":true,"campfire_choices":[{"data":"Havoc","floor":6,"key":"SMITH"},{"data":"Infernal Blade","floor":11,"key":"SMITH"},{"data":"Shrug It Off","floor":15,"key":"SMITH"},{"data":"Armaments","floor":23,"key":"SMITH"},{"data":"Shockwave","floor":32,"key":"SMITH"}],"circlet_count":0,"master_deck":["AscendersBane","Strike_R","Strike_R","Defend_R","Defend_R+1","Defend_R","Defend_R","Bash","Havoc+1","Inflame","Headbutt","Shrug It Off+1","Infernal Blade+1","Shockwave+1","Iron Wave","Warcry","Clash","Reaper","True Grit","Armaments+1","Dark Shackles","Havoc+1","Headbutt+1","Decay","Flame Barrier","Warcry","Clash","Immolate"],"relics":["Burning Blood","NeowsBlessing","WarpedTongs","Gambling Chip","Strawberry","Mercury Hourglass","SlaversCollar","Juzu Bracelet","War Paint","Anchor","CeramicFish","CaptainsWheel"],"acts_visited":["Exordium","TheCity"],"potions_floor_usage":[10,16,21,25,25,33],"damage_taken":[{"damage":0,"enemies":"2 Louse","floor":1,"turns":1},{"damage":1,"enemies":"Cultist","floor":3,"turns":1},{"damage":2,"enemies":"Jaw Worm","floor":4,"turns":1},{"damage":15,"enemies":"3 Louse","floor":5,"turns":4},{"damage":24,"enemies":"3 Sentries","floor":7,"turns":8},{"damage":25,"enemies":"Exordium Thugs","floor":8,"turns":7},{"damage":7,"enemies":"Lagavulin","floor":10,"turns":5},{"damage":7,"enemies":"Large Slime","floor":12,"turns":3},{"damage":3,"enemies":"Looter","floor":13,"turns":2},{"damage":2,"enemies":"Exordium Wildlife","floor":14,"turns":2},{"damage":31,"enemies":"The Guardian","floor":16,"turns":9},{"damage":14,"enemies":"Chosen","floor":18,"turns":5},{"damage":30,"enemies":"Spheric Guardian","floor":20,"turns":4},{"damage":23,"enemies":"3 Cultists","floor":21,"turns":6},{"damage":10,"enemies":"Slavers","floor":25,"turns":3},{"damage":24,"enemies":"Gremlin Leader","floor":28,"turns":6},{"damage":10,"enemies":"Centurion and Healer","floor":30,"turns":7},{"damage":20,"enemies":"Book of Stabbing","floor":31,"turns":6},{"damage":83,"enemies":"Collector","floor":33,"turns":9}],"seed_played":"-1110661313221548530","potions_obtained":[{"floor":5,"key":"Fire Potion"},{"floor":7,"key":"Dexterity Potion"},{"floor":8,"key":"SkillPotion"},{"floor":16,"key":"EssenceOfSteel"},{"floor":21,"key":"Swift Potion"},{"floor":28,"key":"DuplicationPotion"},{"floor":30,"key":"Block Potion"}],"is_trial":false,"path_per_floor":["M","?","M","M","M","R","E","M","T","E","R","M","M","M","R","B",null,"M","$","M","M","?","R","?","E","T","?","E","?","M","E","R","B"],"character_chosen":"IRONCLAD","items_purchased":["Juzu Bracelet","Armaments","Dark Shackles","SkillPotion"],"campfire_rested":0,"item_purchase_floors":[19,19,19,19],"current_hp_per_floor":[74,74,75,75,66,66,48,29,36,35,35,34,37,41,41,16,66,61,61,37,47,47,47,47,61,61,61,64,64,74,60,60,0,0],"gold":235,"neow_bonus":"THREE_ENEMY_KILL","is_daily":false,"chose_seed":false,"campfire_upgraded":5,"win_rate":0.0,"timestamp":1607738904,"path_taken":["M","?","?","M","?","R","E","M","T","E","R","M","M","M","R","BOSS","M","$","M","M","?","R","?","E","T","?","E","?","M","E","R","BOSS"],"items_purchased_type":["Relic","Card","Card","Potion"],"build_version":"2020-11-30","purchased_purges":1,"victory":false,"max_hp_per_floor":[75,75,75,75,75,75,75,75,82,82,82,82,82,82,82,82,82,82,82,82,82,82,82,82,82,82,82,82,82,82,82,82,82,82],"card_choices":[{"not_picked":["Clash","Sword Boomerang"],"picked":"Havoc","floor":1},{"not_picked":["Body Slam","Bloodletting"],"picked":"Inflame","floor":3},{"not_picked":["Pommel Strike","Perfected Strike","Reckless Charge"],"picked":"SKIP","floor":4},{"not_picked":["Reckless Charge","Hemokinesis"],"picked":"Headbutt","floor":5},{"not_picked":["Shockwave","Second Wind"],"picked":"Shrug It Off","floor":7},{"not_picked":["Fiend Fire","Fire Breathing"],"picked":"Infernal Blade","floor":8},{"not_picked":["Flex","Heavy Blade"],"picked":"Shockwave","floor":10},{"not_picked":["Anger","Havoc"],"picked":"Iron Wave","floor":12},{"not_picked":["Shrug It Off","Iron Wave"],"picked":"Warcry","floor":13},{"not_picked":["Perfected Strike","Twin Strike"],"picked":"Clash","floor":14},{"not_picked":["Limit Break","Juggernaut"],"picked":"Reaper","floor":16},{"not_picked":["Perfected Strike","Twin Strike"],"picked":"True Grit","floor":18},{"not_picked":["Dropkick","Evolve+1","Shockwave"],"picked":"SKIP","floor":20},{"not_picked":["Sword Boomerang","Clash+1"],"picked":"Havoc","floor":21},{"not_picked":["Warcry","Wild Strike"],"picked":"Headbutt+1","floor":25},{"not_picked":["Shrug It Off","Pummel"],"picked":"Flame Barrier","floor":28},{"not_picked":["Havoc","Body Slam"],"picked":"Immolate","floor":30},{"not_picked":["Perfected Strike","Rupture","True Grit"],"picked":"SKIP","floor":31}],"player_experience":490076,"relics_obtained":[{"floor":7,"key":"Gambling Chip"},{"floor":9,"key":"Strawberry"},{"floor":10,"key":"Mercury Hourglass"},{"floor":25,"key":"War Paint"},{"floor":26,"key":"Anchor"},{"floor":28,"key":"CeramicFish"},{"floor":31,"key":"CaptainsWheel"}],"event_choices":[{"damage_healed":0,"gold_gain":0,"player_choice":"Rummage","damage_taken":0,"relics_obtained":["WarpedTongs"],"max_hp_gain":0,"max_hp_loss":0,"event_name":"Accursed Blacksmith","floor":2,"gold_loss":0,"cards_obtained":["Pain"]},{"damage_healed":0,"gold_gain":0,"player_choice":"Ignored","damage_taken":0,"max_hp_gain":0,"max_hp_loss":0,"event_name":"Ghosts","floor":22,"gold_loss":0},{"cards_removed":["Strike_R"],"damage_healed":0,"gold_gain":0,"player_choice":"Purged","damage_taken":0,"max_hp_gain":0,"max_hp_loss":0,"event_name":"Purifier","floor":24,"gold_loss":0},{"damage_healed":0,"gold_gain":0,"player_choice":" Defy","damage_taken":0,"max_hp_gain":0,"max_hp_loss":0,"event_name":"betterAltar:BetterAltar","floor":27,"gold_loss":0,"cards_obtained":["Decay"]},{"damage_healed":0,"gold_gain":0,"cards_transformed":["Strike_R","Strike_R"],"player_choice":"Became Test Subject","damage_taken":0,"max_hp_gain":0,"max_hp_loss":0,"event_name":"Drug Dealer","floor":29,"gold_loss":0,"cards_obtained":["Warcry","Clash"]}],"is_beta":false,"boss_relics":[{"not_picked":["Snecko Eye","Busted Crown"],"picked":"SlaversCollar"}],"items_purged_floors":[19],"is_endless":false,"potions_floor_spawned":[5,7,8,16,21,28,30],"killed_by":"Collector","ascension_level":14}}