{"host":"y1t8p8u0dxvsm95y","time":1607814765,"event":{"mods":["BaseMod","Colored Map","Colored Powertips","Downfall","Hermit","Infinite Spire","Minty Spire (QoL Compilation)","Quick Restart","Somnambulant","StSLib","The Blackbeard","The Clintock","The Construct","The Cursed","The Elementalist","The Exalted","The Factory","The Forsaken","The Hayseed","The Hierophant","The Judge","The Jungle","The Mystic","The Necromancer","The Problem Sleuth","The Runesmith","The Senshi","The Servant 0.9.4","The Wild Card","TheBandit"],"gold_per_floor":[99,129,129,129,129,129,129,145,145,155,165,181,203,203,213,308,308,308,308,308,308,308,327,327,343,371,371,371,13,30,47,58,160,160,160,172,172,172,188,0,0,0,17,17,30,30,44,44,56,56],"floor_reached":51,"playtime":3031,"items_purged":[],"score":667,"play_id":"d4281fe5-2483-4d96-be44-5c115829d974","local_time":"20201212181245","is_ascension_mode":false,"campfire_choices":[{"data":"champ:Taunt","floor":1,"key":"SMITH"},{"floor":4,"key":"REST"},{"data":"champ:Execute","floor":6,"key":"SMITH"},{"floor":9,"key":"REST"},{"data":"champ:PerfectForm","floor":18,"key":"SMITH"},{"data":"J.A.X.","floor":22,"key":"SMITH"},{"floor":27,"key":"REST"},{"data":"expansioncontent:StudyTheSpire","floor":35,"key":"SMITH"},{"data":"champ:SteelEdge","floor":37,"key":"SMITH"},{"data":"infinitespire:Punishment","floor":42,"key":"SMITH"},{"floor":44,"key":"REST"}],"circlet_count":0,"master_deck":["champ:Strike","champ:Strike+1","champ:Strike","champ:Defend","champ:Defend","champ:Defend","champ:Defend+1","champ:Execute+1","champ:Taunt+1","champ:DefensiveStyle","champ:BladeFlurry","champ:HeartStrike","champ:SkillfulDodge+1","champ:BringItOn","champ:Haymaker+1","champ:ShieldWall","champ:PerfectForm+1","Shame","J.A.X.+1","champ:TornadoPunch","champ:PerfectedStrike+1","champ:TornadoPunch+1","infinitespire:Punishment+1","champ:ShieldThrow","expansioncontent:StudyTheSpire+1","champ:Duel+1","champ:CrookedStrike","champ:StrikeOfGenius","champ:FlashCut+1","champ:SteelEdge+1","champ:GladiatorsShout+1","champ:Taunt","champ:GladiatorStyle","champ:FlashCut+1","Magnetism","champ:DeathBlow+1","champ:IronFortress+1","champ:Riposte","champ:RisingSlash"],"relics":["champ:ChampionCrown","Bromod:ArcaneUltimatum","infinitespire:Bottled Soul","Odd Mushroom","construct:WeddingRing","infinitespire:Satchel","theSenshi:SuperSailorFukuRelic","construct:RocketBooster","Membership Card","Juzu Bracelet","champ:GladiatorsBookOfMartialProwess","Bromod:ArcaneBarrier","theForsaken:Lifeblossom","Dead Branch","theSleuth:Tectrixcalibur","ClockworkSouvenir","champ:ChampionCrownUpgraded"],"acts_visited":["Exordium","TheCity","TheBeyond"],"potions_floor_usage":[13,16,33,43,47,50],"damage_taken":[{"damage":69,"enemies":"Lagavulin","floor":2,"turns":10},{"damage":5,"enemies":"2 Louse","floor":8,"turns":3},{"damage":10,"enemies":"Cultist","floor":10,"turns":3},{"damage":10,"enemies":"Small Slimes","floor":11,"turns":5},{"damage":20,"enemies":"Exordium Wildlife","floor":12,"turns":4},{"damage":1,"enemies":"The Mushroom Lair","floor":13,"turns":3},{"damage":17,"enemies":"Large Slime","floor":15,"turns":6},{"damage":69,"enemies":"downfall:Silent","floor":16,"turns":16},{"damage":14,"enemies":"Chosen","floor":23,"turns":4},{"damage":23,"enemies":"Spheric Guardian","floor":25,"turns":4},{"damage":32,"enemies":"Book of Stabbing","floor":26,"turns":6},{"damage":2,"enemies":"downfall:FleeingMerchant","floor":29,"turns":4},{"damage":0,"enemies":"Snecko","floor":30,"turns":4},{"damage":2,"enemies":"Centurion and Healer","floor":31,"turns":6},{"damage":8,"enemies":"3 Cultists","floor":32,"turns":5},{"damage":41,"enemies":"downfall:Ironclad","floor":33,"turns":7},{"damage":11,"enemies":"Orb Walker","floor":36,"turns":3},{"damage":12,"enemies":"3 Darklings","floor":39,"turns":6},{"damage":0,"enemies":"downfall:FleeingMerchant","floor":40,"turns":4},{"damage":16,"enemies":"Jaw Worm Horde","floor":43,"turns":3},{"damage":35,"enemies":"Spire Growth","floor":45,"turns":5},{"damage":21,"enemies":"Sphere and 2 Shapes","floor":47,"turns":7},{"damage":7,"enemies":"Maw","floor":49,"turns":4},{"damage":20,"enemies":"downfall:Watcher","floor":50,"turns":8}],"seed_played":"8668331666221720096","potions_obtained":[{"floor":11,"key":"Explosive Potion"},{"floor":13,"key":"Block Potion"},{"floor":15,"key":"construct:ShiftPotion"},{"floor":31,"key":"SkillPotion"},{"floor":32,"key":"GamblersBrew"},{"floor":33,"key":"Energy Potion"},{"floor":39,"key":"LiquidBronze"},{"floor":47,"key":"champ:CounterPotion"}],"is_trial":false,"path_per_floor":["R","E","?","R","?","R","T","M","R","M","M","M","?","?","M","B",null,"R","?","?","?","R","M","T","M","E","R","AVR","$","M","M","M","B",null,"R","M","R","?","M","$","T","R","M","R","M","?","M","AVR","M","B",null],"character_chosen":"THE_CHAMP","items_purchased":["expansioncontent:StudyTheSpire","Juzu Bracelet","champ:GladiatorsBookOfMartialProwess","champ:Duel","theForsaken:Lifeblossom","Magnetism"],"campfire_rested":4,"item_purchase_floors":[29,29,29,29,40,40],"current_hp_per_floor":[99,45,45,74,74,74,74,74,99,99,94,79,78,78,71,17,99,99,99,99,99,99,96,96,79,63,92,92,99,99,97,91,59,99,99,91,91,91,84,84,84,84,88,99,65,65,55,55,66,65],"gold":56,"neow_bonus":"TEN_PERCENT_HP_BONUS","is_daily":false,"chose_seed":false,"campfire_upgraded":7,"win_rate":0.0,"timestamp":1607814765,"path_taken":["R","E","?","R","?","R","T","M","R","M","M","?","?","?","M","BOSS","R","?","?","?","R","M","T","M","E","R","AVR","$","M","M","M","BOSS","R","M","R","?","M","$","T","R","M","R","M","?","M","AVR","M","BOSS"],"items_purchased_type":["Card","Relic","Relic","Card","Relic","Card"],"build_version":"2020-11-30","purchased_purges":0,"victory":true,"max_hp_per_floor":[99,99,99,99,99,99,99,99,99,99,99,99,99,99,99,99,99,99,99,99,99,99,99,99,99,99,99,99,99,99,99,99,99,99,99,99,99,99,99,99,99,99,99,99,99,99,99,99,99,99],"card_choices":[{"not_picked":["champ:DefensiveShout","champ:StanceDance"],"picked":"champ:DefensiveStyle","floor":2},{"not_picked":["champ:DefensiveStyle","champ:ArenaPreparation"],"picked":"champ:BladeFlurry","floor":8},{"not_picked":["champ:StanceDance","champ:Riposte"],"picked":"champ:HeartStrike","floor":10},{"not_picked":["champ:RecklessLeap","champ:Duel"],"picked":"champ:SkillfulDodge","floor":11},{"not_picked":["champ:RecklessLeap","champ:CalledShot"],"picked":"champ:BringItOn","floor":12},{"not_picked":["champ:BerserkersShout","champ:GladiatorsShout"],"picked":"champ:Haymaker","floor":13},{"not_picked":["champ:Circumvent","champ:Lariat"],"picked":"champ:ShieldWall","floor":15},{"not_picked":["champ:HoldFirm","champ:MurderStrike"],"picked":"champ:PerfectForm","floor":16},{"not_picked":["champ:Riposte","champ:Encircle"],"picked":"champ:TornadoPunch","floor":23},{"not_picked":["champ:AdrenalArmor","champ:BringItOn"],"picked":"champ:PerfectedStrike+1","floor":25},{"not_picked":["champ:BladeFlurry","champ:Backstep"],"picked":"champ:TornadoPunch+1","floor":26},{"not_picked":["champ:BladeFlurry+1","champ:Encircle"],"picked":"champ:ShieldThrow","floor":29},{"not_picked":["champ:AdrenalArmor","champ:EndlessRage"],"picked":"champ:CrookedStrike","floor":30},{"not_picked":["champ:FocusedGladiator+1","champ:Circumvent"],"picked":"champ:StrikeOfGenius","floor":31},{"not_picked":["champ:Circumvent","champ:Duel"],"picked":"champ:FlashCut+1","floor":32},{"not_picked":["champ:PerfectForm","champ:Devastate"],"picked":"champ:SteelEdge","floor":33},{"not_picked":["champ:Shatter","champ:FocusedGladiator"],"picked":"champ:GladiatorsShout+1","floor":36},{"not_picked":["champ:AdrenalArmor","champ:BringItOn+1"],"picked":"champ:GladiatorStyle","floor":39},{"not_picked":["champ:CrookedStrike+1","champ:BringItOn+1"],"picked":"champ:FlashCut+1","floor":40},{"not_picked":["champ:StanceDance","champ:Encircle+1"],"picked":"champ:DeathBlow+1","floor":43},{"not_picked":["champ:GladiatorStyle+1","champ:Duel+1"],"picked":"champ:IronFortress+1","floor":45},{"not_picked":["champ:GladiatorsShout","champ:DefensiveStyle+1"],"picked":"champ:Riposte","floor":47},{"not_picked":["champ:TornadoPunch","champ:BladeFlurry"],"picked":"champ:RisingSlash","floor":49}],"player_experience":1175943,"relics_obtained":[{"floor":2,"key":"Bromod:ArcaneUltimatum"},{"floor":7,"key":"infinitespire:Bottled Soul"},{"floor":13,"key":"Odd Mushroom"},{"floor":24,"key":"theSenshi:SuperSailorFukuRelic"},{"floor":26,"key":"construct:RocketBooster"},{"floor":41,"key":"Dead Branch"}],"event_choices":[{"cards_removed":["champ:Strike"],"damage_healed":0,"gold_gain":0,"player_choice":"Offered Basic","damage_taken":0,"max_hp_gain":0,"max_hp_loss":0,"event_name":"Bonfire Elementals","floor":5,"gold_loss":0},{"damage_healed":0,"gold_gain":0,"player_choice":"Fought Mushrooms","damage_taken":0,"max_hp_gain":0,"max_hp_loss":0,"event_name":"Mushrooms","floor":13,"gold_loss":0},{"damage_healed":0,"gold_gain":0,"player_choice":"Stole Relic","damage_taken":0,"relics_obtained":["infinitespire:Satchel"],"max_hp_gain":0,"max_hp_loss":0,"event_name":"Addict","floor":20,"gold_loss":0,"cards_obtained":["Shame"]},{"damage_healed":0,"gold_gain":0,"player_choice":"Obtain J.A.X.","damage_taken":0,"max_hp_gain":0,"max_hp_loss":0,"event_name":"Drug Dealer","floor":21,"gold_loss":0,"cards_obtained":["J.A.X."]}],"is_beta":false,"boss_relics":[{"not_picked":["Busted Crown","Calling Bell"],"picked":"construct:WeddingRing"},{"not_picked":["theForsaken:PaleLantern","Runic Pyramid"],"picked":"Bromod:ArcaneBarrier"}],"items_purged_floors":[],"is_endless":false,"potions_floor_spawned":[11,13,15,31,32,33,39,47],"ascension_level":0}}