{"host":"m1ntkrf87179kmo6","time":1607734036,"event":{"mods":["BaseMod","Better Third Choice","Minty Spire (QoL Compilation)","Shade Mod","StSLib"],"gold_per_floor":[110,127,127,127,127,127,140,180,233,233,8,32,32,0,0,125,125,141,56,56,72,72,72,92,110,110,110,126,126,126,141,141,262,262,278,278,302,302,321,354,177,177,202,202,221,221,284,303,303,303,303,303,49,89,89,89],"floor_reached":55,"playtime":3894,"items_purged":["Doubt"],"score":720,"play_id":"649472fa-b04a-4f16-b51a-2fc2d6a2a189","local_time":"20201211194716","is_ascension_mode":false,"campfire_choices":[{"floor":6,"key":"REST"},{"floor":10,"key":"RECALL"},{"floor":15,"key":"REST"},{"data":"Shade:AncientSpear","floor":23,"key":"SMITH"},{"data":"Shade:ScuttlingHand","floor":27,"key":"SMITH"},{"floor":32,"key":"REST"},{"data":"Shade:ExtraLimbs","floor":44,"key":"SMITH"},{"floor":49,"key":"REST"},{"data":"Shade:GreyBargain","floor":52,"key":"SMITH"}],"circlet_count":0,"master_deck":["Shade:Strike_Shade","Shade:Strike_Shade","Shade:Strike_Shade","Shade:Strike_Shade","Shade:Defend_Shade","Shade:Defend_Shade","Shade:Defend_Shade+1","Shade:Defend_Shade","Shade:AnimateDead","Shade:CarefulCut+1","Shade:ScuttlingHand+1","Shade:SensePrey","Shade:DangerousRitual","Shade:AncientSpear+1","Shade:FuneraryJewels","Shade:TouchOfTheGrave+1","Shade:OpenGraves","Shade:ScuttlingHand+1","Shade:UnbarTheGrave","Shade:ExtraLimbs+1","Shade:ExtraLimbs+1","Shade:GreyBargain+1"],"relics":["Shade:YorickPolishedSkull","FossilizedHelix","Golden Idol","Lantern","Bronze Scales","Orrery","betterThird:SlimedRelic","SlaversCollar","Boot","Omamori","MutagenicStrength","Toy Ornithopter","PreservedInsect","Peace Pipe","Pen Nib","Blue Candle"],"acts_visited":["Exordium","TheCity","TheBeyond","TheEnding"],"potions_floor_usage":[8,8,16,18,21,33,33,33,40,48,50,50,55,55],"damage_taken":[{"damage":0,"enemies":"Small Slimes","floor":1,"turns":4},{"damage":0,"enemies":"2 Louse","floor":2,"turns":3},{"damage":0,"enemies":"Jaw Worm","floor":7,"turns":2},{"damage":0,"enemies":"Lagavulin","floor":8,"turns":5},{"damage":0,"enemies":"2 Fungi Beasts","floor":12,"turns":2},{"damage":18,"enemies":"The Guardian","floor":16,"turns":10},{"damage":0,"enemies":"3 Byrds","floor":18,"turns":3},{"damage":0,"enemies":"Chosen","floor":21,"turns":4},{"damage":15,"enemies":"Snecko","floor":24,"turns":5},{"damage":7,"enemies":"Snake Plant","floor":25,"turns":3},{"damage":0,"enemies":"Shelled Parasite and Fungi","floor":28,"turns":3},{"damage":0,"enemies":"Cultist and Chosen","floor":31,"turns":4},{"damage":11,"enemies":"Collector","floor":33,"turns":8},{"damage":0,"enemies":"Orb Walker","floor":35,"turns":2},{"damage":0,"enemies":"3 Shapes","floor":37,"turns":2},{"damage":2,"enemies":"Sphere and 2 Shapes","floor":39,"turns":5},{"damage":0,"enemies":"Nemesis","floor":40,"turns":5},{"damage":0,"enemies":"Spire Growth","floor":45,"turns":4},{"damage":7,"enemies":"Mind Bloom Boss Battle","floor":47,"turns":4},{"damage":10,"enemies":"Writhing Mass","floor":48,"turns":5},{"damage":68,"enemies":"Awakened One","floor":50,"turns":10},{"damage":30,"enemies":"Shield and Spear","floor":54,"turns":4},{"damage":66,"enemies":"The Heart","floor":55,"turns":8}],"seed_played":"8713423733784473489","potions_obtained":[{"floor":1,"key":"Swift Potion"},{"floor":2,"key":"EssenceOfSteel"},{"floor":8,"key":"DistilledChaos"},{"floor":16,"key":"Fruit Juice"},{"floor":21,"key":"Fruit Juice"},{"floor":24,"key":"EssenceOfSteel"},{"floor":25,"key":"Strength Potion"},{"floor":31,"key":"BlessingOfTheForge"},{"floor":35,"key":"EssenceOfSteel"},{"floor":39,"key":"Dexterity Potion"},{"floor":45,"key":"Swift Potion"},{"floor":47,"key":"SkillPotion"}],"is_trial":false,"path_per_floor":["M","M","?","?","?","R","M","E","T","R","$","M","$","?","R","B",null,"M","?","?","M","$","R","M","M","T","R","M","?","?","M","R","B",null,"M","?","M","?","M","E","$","?","T","R","M","?","?","M","R","B",null,"R","$","E","B"],"character_chosen":"SHADE","items_purchased":["Orrery","PreservedInsect","Shade:ExtraLimbs","Pen Nib","Dexterity Potion","Dexterity Potion"],"campfire_rested":4,"item_purchase_floors":[11,41,41,53,53,53],"current_hp_per_floor":[65,65,65,52,52,65,65,65,65,65,65,65,65,54,65,47,65,70,70,70,75,75,75,60,53,53,53,53,53,53,53,75,64,75,75,75,75,75,73,73,73,73,73,73,73,73,66,61,75,7,75,75,75,45,0,0],"gold":89,"neow_bonus":"ONE_RARE_RELIC","is_daily":false,"chose_seed":false,"campfire_upgraded":4,"win_rate":0.0,"timestamp":1607734036,"path_taken":["M","M","?","?","?","R","M","E","T","R","$","?","$","?","R","BOSS","M","?","?","M","$","R","M","M","T","R","?","?","?","?","R","BOSS","M","?","M","?","M","E","$","?","T","R","M","?","?","M","R","BOSS","R","$","E","BOSS"],"items_purchased_type":["Relic","Relic","Card","Relic","Potion","Potion"],"build_version":"2020-11-30","purchased_purges":1,"victory":false,"max_hp_per_floor":[65,65,65,65,65,65,65,65,65,65,65,65,65,65,65,65,65,70,70,70,75,75,75,75,75,75,75,75,75,75,75,75,75,75,75,75,75,75,75,75,75,75,75,75,75,75,75,75,75,75,75,75,75,75,75,75],"card_choices":[{"not_picked":["Shade:PotionOfRestlessness","Shade:SanguineRitual"],"picked":"Shade:ScuttlingHand","floor":1},{"not_picked":["Shade:Frenzy","Shade:Patience","Shade:PotionOfRestlessness"],"picked":"SKIP","floor":2},{"not_picked":["Shade:PressTheAttack","Shade:Doomsay"],"picked":"Shade:SensePrey","floor":7},{"not_picked":["Shade:SanguineRitual","Shade:BoneShards"],"picked":"Shade:DangerousRitual","floor":8},{"not_picked":["Shade:FleshOffering","Shade:AblativeArmor"],"picked":"Shade:AncientSpear","floor":11},{"not_picked":["Shade:SensePrey","Shade:FingerOfDeath"],"picked":"Shade:FuneraryJewels","floor":11},{"not_picked":["Shade:FuneraryJewels","Shade:SanguineRitual"],"picked":"Shade:TouchOfTheGrave","floor":11},{"not_picked":["Shade:Premonition","Shade:FuneraryArmor"],"picked":"Shade:OpenGraves","floor":11},{"not_picked":["Shade:AncientSpear","Shade:OminousRitual","Shade:RitualOffering"],"picked":"SKIP","floor":12},{"not_picked":["Shade:GraveStillness+1","Shade:Trample","Shade:BoneShards"],"picked":"SKIP","floor":18},{"not_picked":["Shade:SkeletonHug","Shade:CoffinDance+1"],"picked":"Shade:ScuttlingHand","floor":21},{"not_picked":["Shade:Excise","Shade:RitualOffering","Shade:CoffinDance"],"picked":"SKIP","floor":24},{"not_picked":["Shade:StitchTogether+1","Shade:Doomsay+1","Shade:CallWraith"],"picked":"SKIP","floor":25},{"not_picked":["Shade:CoffinDance+1","Shade:SpontaneousRitual","Shade:FeralStrike"],"picked":"SKIP","floor":28},{"not_picked":["Shade:Premonition","Shade:MadHubris","Shade:GraveStillness"],"picked":"SKIP","floor":31},{"not_picked":["Shade:OminousRitual","Shade:MadHubris"],"picked":"Shade:UnbarTheGrave","floor":33},{"not_picked":["Shade:SkeletonHug+1","Shade:WallOfFlesh","Shade:Bonestorm"],"picked":"SKIP","floor":35},{"not_picked":["Shade:AncientSpear+1","Shade:Frenzy","Shade:GraveStillness+1"],"picked":"SKIP","floor":37},{"not_picked":["Shade:RavenousHorde+1","Shade:SkeletonHug+1"],"picked":"Shade:ExtraLimbs+1","floor":39},{"not_picked":["Shade:SanguineRitual","Shade:ScuttlingHand+1","Shade:SoulPierce"],"picked":"SKIP","floor":40},{"not_picked":["Shade:SensePrey+1","Shade:FeralStrike+1"],"picked":"Shade:GreyBargain","floor":45},{"not_picked":["Shade:CommandSoldier+1","Shade:SpontaneousRitual","Shade:AncientSpear+1"],"picked":"SKIP","floor":48},{"not_picked":["Shade:GraveStillness","Shade:OfferingToTheBeyond","Shade:Doomsay"],"picked":"SKIP","floor":54}],"player_experience":965179,"relics_obtained":[{"floor":8,"key":"Lantern"},{"floor":9,"key":"Bronze Scales"},{"floor":26,"key":"Omamori"},{"floor":40,"key":"Toy Ornithopter"},{"floor":47,"key":"Peace Pipe"},{"floor":54,"key":"Blue Candle"}],"event_choices":[{"damage_healed":0,"gold_gain":0,"player_choice":"Grow","damage_taken":0,"max_hp_gain":0,"max_hp_loss":0,"event_name":"Living Wall","floor":3,"gold_loss":0,"cards_upgraded":["Shade:ScuttlingHand"]},{"damage_healed":65,"gold_gain":0,"player_choice":"Upgrade","damage_taken":13,"max_hp_gain":0,"max_hp_loss":65,"event_name":"betterThird:BetterShining","floor":4,"gold_loss":0,"cards_upgraded":["Shade:Defend_Shade","Shade:CarefulCut"]},{"damage_healed":0,"gold_gain":0,"player_choice":"Take Wound","damage_taken":0,"relics_obtained":["Golden Idol"],"max_hp_gain":0,"max_hp_loss":0,"event_name":"Golden Idol","floor":5,"gold_loss":0,"cards_obtained":["Injury"]},{"damage_healed":0,"gold_gain":0,"player_choice":"Slimed","damage_taken":11,"max_hp_gain":0,"max_hp_loss":0,"event_name":"betterThird:BetterGoop","floor":14,"gold_loss":32},{"damage_healed":0,"gold_gain":0,"player_choice":"Obtained Relic","damage_taken":0,"relics_obtained":["Boot"],"max_hp_gain":0,"max_hp_loss":0,"event_name":"Addict","floor":19,"gold_loss":85},{"damage_healed":0,"gold_gain":0,"player_choice":"Forge","damage_taken":0,"max_hp_gain":0,"max_hp_loss":0,"event_name":"Accursed Blacksmith","floor":20,"gold_loss":0,"cards_upgraded":["Shade:TouchOfTheGrave"]},{"damage_healed":0,"gold_gain":0,"player_choice":"Inject Mutagens","damage_taken":0,"relics_obtained":["MutagenicStrength"],"max_hp_gain":0,"max_hp_loss":0,"event_name":"Drug Dealer","floor":29,"gold_loss":0},{"cards_removed":["Injury"],"damage_healed":0,"gold_gain":0,"player_choice":"Removed Curses","damage_taken":0,"max_hp_gain":0,"max_hp_loss":0,"event_name":"Fountain of Cleansing","floor":30,"gold_loss":0},{"damage_healed":0,"gold_gain":0,"player_choice":"Ignored","damage_taken":0,"max_hp_gain":0,"max_hp_loss":0,"event_name":"Mysterious Sphere","floor":36,"gold_loss":0},{"damage_healed":0,"gold_gain":0,"player_choice":"Ignored","damage_taken":0,"max_hp_gain":0,"max_hp_loss":0,"event_name":"The Moai Head","floor":38,"gold_loss":0},{"damage_healed":0,"gold_gain":0,"player_choice":"Memory 1","damage_taken":0,"max_hp_gain":0,"max_hp_loss":0,"event_name":"SensoryStone","floor":42,"gold_loss":0},{"damage_healed":0,"gold_gain":0,"player_choice":"Ignored","damage_taken":0,"max_hp_gain":0,"max_hp_loss":0,"event_name":"Tomb of Lord Red Mask","floor":46,"gold_loss":0},{"damage_healed":0,"gold_gain":0,"player_choice":"Fight","damage_taken":0,"max_hp_gain":0,"max_hp_loss":0,"event_name":"MindBloom","floor":47,"gold_loss":0}],"is_beta":false,"boss_relics":[{"not_picked":["Philosopher\u0027s Stone","Sozu"],"picked":"SlaversCollar"},{"not_picked":["SacredBark","Tiny House"],"picked":"Shade:YorickPolishedSkull"}],"items_purged_floors":[11],"is_endless":false,"potions_floor_spawned":[1,2,8,16,21,24,25,31,35,39,45,47],"killed_by":"The Heart","ascension_level":0}}