{"host":"2qyxu97h6u4ukicb","time":1607779547,"event":{"mods":["AchievementEnabler","BaseMod","BetterRewards","Colored Map","Colored Powertips","Minty Spire (QoL Compilation)","Replay The Spire","Shop Mod","StSLib"],"gold_per_floor":[119,119,119,134,99,128,147,197,197,209,209,224,224,249,249,249,249],"floor_reached":16,"playtime":671,"items_purged":[],"score":135,"play_id":"3b58f3b8-f077-442d-a856-3b276f25148c","local_time":"20201212072547","is_ascension_mode":false,"campfire_choices":[{"data":"Poisoned Stab","floor":11,"key":"SMITH"},{"data":"Neutralize","floor":13,"key":"SMITH"},{"floor":15,"key":"REST"}],"circlet_count":0,"master_deck":["Strike_G","Strike_G","Strike_G","Strike_G","Strike_G","Defend_G","Defend_G","Defend_G","Defend_G","Defend_G","Survivor","Neutralize+1","Deflect","Catalyst","Die Die Die","Poisoned Stab+1","Accuracy+1","Leg Sweep"],"relics":["Ring of the Snake","NeowsBlessing","Frozen Egg 2","ReplayTheSpireMod:Ring of Collecting","Mummified Hand","Ring of Hypnosis","Art of War"],"acts_visited":["Exordium"],"potions_floor_usage":[7,10,16],"damage_taken":[{"damage":0,"enemies":"Cultist","floor":1,"turns":1},{"damage":0,"enemies":"2 Louse","floor":4,"turns":1},{"damage":0,"enemies":"Replay:BlueRogue","floor":6,"turns":1},{"damage":3,"enemies":"Small Slimes","floor":7,"turns":3},{"damage":2,"enemies":"3 Louse","floor":10,"turns":2},{"damage":0,"enemies":"Blue Slaver","floor":12,"turns":4},{"damage":28,"enemies":"Gremlin Nob","floor":14,"turns":5},{"damage":11,"enemies":"Slime Boss","floor":16,"turns":6}],"seed_played":"6933009649417717974","potions_obtained":[{"floor":6,"key":"ColorlessPotion"},{"floor":7,"key":"Explosive Potion"},{"floor":12,"key":"SkillPotion"}],"is_trial":false,"path_per_floor":["M","?","?","M","?","E","M","?","T","M","R","M","R","E","R","B"],"character_chosen":"THE_SILENT","items_purchased":[],"campfire_rested":1,"item_purchase_floors":[],"current_hp_per_floor":[70,58,58,58,70,70,67,67,67,65,65,65,65,37,58,47,47],"gold":249,"neow_bonus":"THREE_ENEMY_KILL","is_daily":false,"chose_seed":false,"campfire_upgraded":2,"win_rate":0.0,"timestamp":1607779547,"path_taken":["M","?","?","M","?","E","M","?","T","M","R","?","R","E","R","BOSS"],"items_purchased_type":[],"build_version":"2020-11-30","purchased_purges":0,"victory":false,"max_hp_per_floor":[70,70,70,70,70,70,70,70,70,70,70,70,70,70,70,70,70],"card_choices":[{"not_picked":["Blade Dance","Dodge and Roll"],"picked":"Deflect","floor":1},{"not_picked":["Eviscerate","Prepared","Reflex"],"picked":"SKIP","floor":4},{"not_picked":["Distraction","Accuracy+1"],"picked":"Catalyst","floor":6},{"not_picked":["Outmaneuver","Slice"],"picked":"Die Die Die","floor":7},{"not_picked":["Replay:Poison Smokescreen","Heel Hook"],"picked":"Poisoned Stab","floor":10},{"not_picked":["PiercingWail","Well Laid Plans+1"],"picked":"Accuracy+1","floor":12},{"not_picked":["Endless Agony","Dagger Throw"],"picked":"Leg Sweep","floor":14}],"player_experience":736385,"relics_obtained":[{"floor":3,"key":"ReplayTheSpireMod:Ring of Collecting"},{"floor":6,"key":"Mummified Hand"},{"floor":9,"key":"Ring of Hypnosis"},{"floor":14,"key":"Art of War"}],"event_choices":[{"damage_healed":0,"gold_gain":0,"player_choice":"Success","damage_taken":12,"relics_obtained":["Frozen Egg 2"],"max_hp_gain":0,"max_hp_loss":0,"event_name":"Scrap Ooze","floor":2,"gold_loss":0},{"damage_healed":17,"gold_gain":0,"player_choice":"Healed","damage_taken":0,"max_hp_gain":0,"max_hp_loss":0,"event_name":"The Cleric","floor":5,"gold_loss":35},{"damage_healed":0,"gold_gain":50,"player_choice":"Gained Gold","damage_taken":0,"max_hp_gain":0,"max_hp_loss":0,"event_name":"Golden Wing","floor":8,"gold_loss":0}],"is_beta":false,"boss_relics":[],"items_purged_floors":[],"is_endless":false,"potions_floor_spawned":[6,7,12],"killed_by":"Slime Boss","ascension_level":0}}