{"host":"e8rlfedn69rz2s07","time":1607813960,"event":{"mods":["AchievementEnabler","BaseMod","Minty Spire (QoL Compilation)","Permanent Neow","Relic Stats"],"gold_per_floor":[115,125,125,135,135,179,179,179,179,193,218,218,231,256,256,345,345,363,316,71,71,121,121,121,121],"floor_reached":24,"playtime":700,"items_purged":[],"score":396,"play_id":"00f1955f-adc9-44a1-867a-6fdced341f00","local_time":"20201213005919","is_ascension_mode":true,"campfire_choices":[{"floor":8,"key":"REST"},{"floor":12,"key":"REST"},{"data":"Capacitor","floor":15,"key":"SMITH"},{"floor":23,"key":"REST"}],"circlet_count":0,"master_deck":["AscendersBane","Strike_B","Strike_B","Strike_B","Strike_B","Defend_B","Defend_B","Defend_B","Defend_B","Zap","Dualcast","Ball Lightning","Cold Snap","Pain","Multi-Cast+1","Leap","Ball Lightning","Capacitor+1","Undo","Doom and Gloom","Creative AI","Leap","Glacier"],"relics":["Philosopher\u0027s Stone","WarpedTongs","Golden Idol","Dead Branch","Sundial","Cursed Key","Omamori"],"acts_visited":["Exordium","TheCity"],"potions_floor_usage":[6,16,18,18],"damage_taken":[{"damage":6,"enemies":"Jaw Worm","floor":1,"turns":4},{"damage":0,"enemies":"Cultist","floor":2,"turns":3},{"damage":14,"enemies":"2 Louse","floor":4,"turns":3},{"damage":34,"enemies":"Gremlin Nob","floor":6,"turns":4},{"damage":11,"enemies":"Red Slaver","floor":10,"turns":4},{"damage":0,"enemies":"Looter","floor":11,"turns":4},{"damage":0,"enemies":"Blue Slaver","floor":13,"turns":2},{"damage":0,"enemies":"2 Fungi Beasts","floor":14,"turns":3},{"damage":17,"enemies":"The Guardian","floor":16,"turns":8},{"damage":1,"enemies":"Chosen","floor":18,"turns":5},{"damage":33,"enemies":"2 Thieves","floor":19,"turns":5},{"damage":41,"enemies":"Book of Stabbing","floor":24,"turns":4}],"seed_played":"3857630249384529372","potions_obtained":[{"floor":1,"key":"LiquidMemories"},{"floor":4,"key":"Weak Potion"},{"floor":6,"key":"Fire Potion"},{"floor":16,"key":"DistilledChaos"},{"floor":18,"key":"FearPotion"}],"is_trial":false,"path_per_floor":["M","M","?","M","?","E","?","R","T","M","M","R","M","M","R","B",null,"M","M","$","?","?","R","E"],"character_chosen":"DEFECT","items_purchased":["Glacier","Omamori"],"campfire_rested":3,"item_purchase_floors":[20,20],"current_hp_per_floor":[58,58,58,44,44,10,10,29,29,18,18,37,37,37,37,20,53,52,19,19,19,19,38,0,0],"gold":121,"neow_bonus":"BOSS_RELIC","is_daily":false,"chose_seed":false,"campfire_upgraded":1,"win_rate":0.0,"timestamp":1607813959,"path_taken":["M","M","?","?","?","E","?","R","T","M","?","R","M","M","R","BOSS","M","M","$","?","?","R","E"],"items_purchased_type":["Card","Relic"],"build_version":"2020-11-30","purchased_purges":0,"victory":false,"max_hp_per_floor":[71,71,71,71,64,64,64,64,64,64,64,64,64,64,64,64,64,64,64,64,64,64,64,64,64],"relic_stats":{"counters":[12,49],"Golden Idol":50,"Sundial":[4],"Dead Branch":[8],"Cursed Key":0,"obtain_stats":[{"Golden Idol":5,"Sundial":9,"Dead Branch":6,"Philosopher\u0027s Stone":0,"Omamori":20,"Cracked Core":0,"Cursed Key":17,"WarpedTongs":3},{"Golden Idol":3,"Sundial":4,"Dead Branch":4,"Philosopher\u0027s Stone":0,"Omamori":11,"Cracked Core":0,"Cursed Key":9,"WarpedTongs":2},{"Golden Idol":10,"Sundial":14,"Dead Branch":14,"Philosopher\u0027s Stone":0,"Omamori":45,"Cracked Core":0,"Cursed Key":35,"WarpedTongs":7}],"WarpedTongs":[42]},"card_choices":[{"not_picked":["Rebound","Turbo"],"picked":"Ball Lightning","floor":1},{"not_picked":["Sunder","Leap"],"picked":"Cold Snap","floor":2},{"not_picked":["Static Discharge","Redo"],"picked":"Multi-Cast","floor":4},{"not_picked":["Beam Cell","Cold Snap"],"picked":"Leap","floor":6},{"not_picked":["Rebound","Gash"],"picked":"Ball Lightning","floor":10},{"not_picked":["Streamline","Doom and Gloom"],"picked":"Capacitor","floor":11},{"not_picked":["Redo","Streamline"],"picked":"Undo","floor":13},{"not_picked":["Conserve Battery","Sweeping Beam"],"picked":"Doom and Gloom","floor":14},{"not_picked":["All For One","Seek"],"picked":"Creative AI","floor":16},{"not_picked":["Rebound","Steam Power","Barrage"],"picked":"SKIP","floor":18},{"not_picked":["Heatsinks","Steam"],"picked":"Leap","floor":19}],"player_experience":697020,"relics_obtained":[{"floor":6,"key":"Dead Branch"},{"floor":9,"key":"Sundial"}],"event_choices":[{"damage_healed":0,"gold_gain":0,"player_choice":"Rummage","damage_taken":0,"relics_obtained":["WarpedTongs"],"max_hp_gain":0,"max_hp_loss":0,"event_name":"Accursed Blacksmith","floor":3,"gold_loss":0,"cards_obtained":["Pain"]},{"damage_healed":0,"gold_gain":0,"player_choice":"Lose Max HP","damage_taken":0,"relics_obtained":["Golden Idol"],"max_hp_gain":0,"max_hp_loss":7,"event_name":"Golden Idol","floor":5,"gold_loss":0},{"damage_healed":0,"gold_gain":0,"player_choice":"Upgraded","damage_taken":0,"max_hp_gain":0,"max_hp_loss":0,"event_name":"Upgrade Shrine","floor":7,"gold_loss":0,"cards_upgraded":["Multi-Cast"]},{"damage_healed":0,"gold_gain":0,"player_choice":"Ignored","damage_taken":0,"max_hp_gain":0,"max_hp_loss":0,"event_name":"Vampires","floor":21,"gold_loss":0},{"damage_healed":0,"gold_gain":50,"player_choice":"Stole From Cult","damage_taken":0,"max_hp_gain":0,"max_hp_loss":0,"event_name":"Nest","floor":22,"gold_loss":0}],"is_beta":false,"boss_relics":[{"not_picked":["Runic Dome","Velvet Choker"],"picked":"Cursed Key"}],"items_purged_floors":[],"is_endless":false,"potions_floor_spawned":[1,4,6,16,18],"killed_by":"Book of Stabbing","ascension_level":20}}