{"host":"ppgxiu8l5yxvf2gn","time":1607741910,"event":{"mods":["BaseMod","Koishi","Marisa£¨Ùöéë¡¡Øª×âÞÞ£©","Minty Spire (QoL Compilation)","StSLib","The Cursed","The Poker Player","WarShipGirlsR/??á´Ò³R mod"],"gold_per_floor":[114,124,19,19,39,64,80,107,107,22,42,56,56,67,67,170,170,189,189,204,223,242,260,260,292,292,307,340,340,365,377,377,521,521,538,33,49,65,81,112,112,145,172,172,189,216,216,226,226,226,226,226,33,64,64],"floor_reached":56,"playtime":5630,"items_purged":[],"score":1467,"play_id":"6e8ffd76-4d70-4ee0-8d08-7369f4e27853","local_time":"20201212115830","is_ascension_mode":true,"campfire_choices":[{"floor":13,"key":"RECALL"},{"data":"rmod:diamondstrike","floor":15,"key":"SMITH"},{"data":"rmod:aluminumsupply","floor":24,"key":"SMITH"},{"data":"rmod:ammunitionsupply","floor":29,"key":"SMITH"},{"data":"rmod:steelsupply","floor":32,"key":"SMITH"},{"data":"rmod:chargemoney","floor":41,"key":"SMITH"},{"data":"rmod:seals","floor":44,"key":"SMITH"},{"data":"rmod:expedition","floor":47,"key":"SMITH"},{"data":"rmod:expedition+1","floor":49,"key":"SMITH"},{"data":"rmod:expedition+2","floor":52,"key":"SMITH"}],"circlet_count":0,"master_deck":["rmod:strick","rmod:strick","rmod:strick","rmod:strick","rmod:defend","rmod:defend","rmod:defend","rmod:basicallowance","rmod:maingunfire","rmod:aluminumsupply+1","rmod:robin","rmod:chargemoney+1","rmod:ammunitionsupply+1","rmod:luckystar","rmod:wife","rmod:unsinkable","rmod:circuitoustactics","rmod:expedition+3","rmod:fletcherpendant","rmod:steelsupply+1","rmod:ridicule","rmod:diamondstrike+1","rmod:acesubmarine","rmod:ammunitionsupply","rmod:firesupport","rmod:victimresponsibility+1","rmod:aviationdawn","rmod:steelsupply","rmod:intelligenceanalysis+1","rmod:rockthrower","rmod:shuttlebombing+1","rmod:unsinkable+1","rmod:chargemoney+1","rmod:highspeedmaneuver+1","rmod:concentratefire+1","Good Instincts+1","rmod:ammunitionsupply+1","rmod:seals+1","rmod:openingtorpedo","rmod:concentratefire","Heatsinks","Infinite Blades","Outmaneuver+1","Shrug It Off+1","Thunderclap+1","Conserve Battery+1","rmod:intelligenceanalysis","rmod:wife+1","rmod:fletcherpendant+1","rmod:aluminumsupply+1","A Thousand Cuts"],"relics":["rmod:firstchargereward","Potion Belt","rmod:extraamm","Runic Dome","Nilry\u0027s Codex","Meat on the Bone","Toxic Egg 2","Lizard Tail","Juzu Bracelet","Black Star","PrismaticShard","Letter Opener","Strawberry","Mummified Hand","PreservedInsect","Regal Pillow","Centennial Puzzle","Du-Vu Doll","Toolbox","Ornamental Fan"],"acts_visited":["Exordium","TheCity","TheBeyond","TheEnding"],"potions_floor_usage":[16,16,16,16,25,28,33,33,33,55,55,55],"damage_taken":[{"damage":0,"enemies":"Cultist","floor":1,"turns":3},{"damage":6,"enemies":"2 Louse","floor":2,"turns":2},{"damage":14,"enemies":"Small Slimes","floor":5,"turns":3},{"damage":29,"enemies":"Lagavulin","floor":6,"turns":5},{"damage":21,"enemies":"3 Louse","floor":7,"turns":4},{"damage":38,"enemies":"Gremlin Nob","floor":8,"turns":4},{"damage":20,"enemies":"Exordium Wildlife","floor":11,"turns":3},{"damage":14,"enemies":"Red Slaver","floor":12,"turns":4},{"damage":3,"enemies":"2 Fungi Beasts","floor":14,"turns":3},{"damage":33,"enemies":"The Guardian","floor":16,"turns":6},{"damage":32,"enemies":"Spheric Guardian","floor":18,"turns":4},{"damage":41,"enemies":"Shell Parasite","floor":20,"turns":6},{"damage":12,"enemies":"Cultist and Chosen","floor":21,"turns":4},{"damage":40,"enemies":"Shelled Parasite and Fungi","floor":22,"turns":4},{"damage":24,"enemies":"Snake Plant","floor":23,"turns":5},{"damage":62,"enemies":"Gremlin Leader","floor":25,"turns":7},{"damage":34,"enemies":"Snecko","floor":27,"turns":5},{"damage":55,"enemies":"Slavers","floor":28,"turns":4},{"damage":36,"enemies":"Gremlin Leader","floor":30,"turns":5},{"damage":20,"enemies":"Sentry and Sphere","floor":31,"turns":6},{"damage":140,"enemies":"Collector","floor":33,"turns":13},{"damage":30,"enemies":"3 Shapes","floor":35,"turns":5},{"damage":99,"enemies":"3 Darklings","floor":37,"turns":7},{"damage":84,"enemies":"Writhing Mass","floor":38,"turns":5},{"damage":32,"enemies":"4 Shapes","floor":39,"turns":3},{"damage":122,"enemies":"Reptomancer","floor":40,"turns":6},{"damage":93,"enemies":"Nemesis","floor":42,"turns":9},{"damage":16,"enemies":"Maw","floor":45,"turns":6},{"damage":88,"enemies":"Reptomancer","floor":46,"turns":7},{"damage":90,"enemies":"Writhing Mass","floor":48,"turns":3},{"damage":148,"enemies":"Awakened One","floor":50,"turns":11},{"damage":98,"enemies":"Shield and Spear","floor":54,"turns":6},{"damage":191,"enemies":"The Heart","floor":55,"turns":7}],"seed_played":"-2001928213023387503","potions_obtained":[{"floor":2,"key":"FearPotion"},{"floor":5,"key":"Dexterity Potion"},{"floor":8,"key":"Weak Potion"},{"floor":12,"key":"LiquidBronze"},{"floor":18,"key":"Regen Potion"},{"floor":20,"key":"LiquidBronze"},{"floor":22,"key":"LiquidBronze"},{"floor":25,"key":"Explosive Potion"},{"floor":28,"key":"BlessingOfTheForge"},{"floor":33,"key":"FearPotion"},{"floor":37,"key":"Regen Potion"},{"floor":40,"key":"BlessingOfTheForge"},{"floor":48,"key":"SkillPotion"}],"is_trial":false,"path_per_floor":["M","M","$","$","M","E","M","E","T","$","M","M","R","M","R","B",null,"M","?","M","M","M","M","R","E","T","M","E","R","E","M","R","B",null,"M","$","M","M","M","E","R","E","T","R","M","E","R","M","R","B",null,"R","$","E","B",null],"character_chosen":"PRAEFECT","items_purchased":["rmod:chargemoney","rmod:ammunitionsupply","rmod:expedition","rmod:fletcherpendant","PrismaticShard","Good Instincts+1","rmod:ammunitionsupply+1","rmod:seals","rmod:openingtorpedo","rmod:concentratefire","rmod:aluminumsupply+1","Toolbox"],"campfire_rested":0,"item_purchase_floors":[3,3,10,10,36,36,36,36,36,36,53,53],"current_hp_per_floor":[75,7500,7500,7500,7486,7457,7436,7398,7398,7398,7378,7364,7364,7361,7361,7328,9750,9718,9702,9661,9649,9609,9585,9585,9523,9523,9489,9434,9434,9398,9378,9378,9253,9750,9720,9720,9621,9537,9505,9390,9390,9297,9297,9297,9281,9193,9193,9103,9103,8955,9757,9757,9757,9659,9477],"gold":64,"neow_bonus":"REMOVE_CARD","is_daily":false,"chose_seed":false,"campfire_upgraded":9,"win_rate":0.0,"timestamp":1607741910,"path_taken":["M","M","?","$","M","E","M","E","T","$","M","M","R","M","R","BOSS","M","?","M","M","M","M","R","E","T","M","E","R","E","M","R","BOSS","M","$","M","M","M","E","R","E","T","R","M","E","R","M","R","BOSS","R","$","E","BOSS"],"items_purchased_type":["Card","Card","Card","Card","Relic","Card","Card","Card","Card","Card","Card","Relic"],"build_version":"2020-11-30","purchased_purges":0,"victory":true,"max_hp_per_floor":[75,9750,9750,9750,9750,9750,9750,9750,9750,9750,9750,9750,9750,9750,9750,9750,9750,9750,9750,9750,9750,9750,9750,9750,9750,9750,9750,9750,9750,9750,9750,9750,9750,9750,9750,9750,9750,9750,9750,9757,9757,9757,9757,9757,9757,9757,9757,9757,9757,9757,9757,9757,9757,9757,9757],"card_choices":[{"not_picked":["rmod:maintain","rmod:firesupport"],"picked":"rmod:aluminumsupply","floor":1},{"not_picked":["rmod:diaomin","rmod:maintain"],"picked":"rmod:robin","floor":2},{"not_picked":["rmod:highspeedshooting","rmod:sl"],"picked":"rmod:luckystar","floor":5},{"not_picked":["rmod:supportaircraftcarrier","rmod:circuitoustactics"],"picked":"rmod:wife","floor":6},{"not_picked":["rmod:tearstotiara","rmod:aluminumsupply"],"picked":"rmod:unsinkable","floor":7},{"not_picked":["rmod:highspeedmaneuver","rmod:diaomin"],"picked":"rmod:circuitoustactics","floor":8},{"not_picked":["rmod:luckystar","rmod:combined"],"picked":"rmod:steelsupply","floor":11},{"not_picked":["rmod:combined","rmod:diaomin"],"picked":"rmod:ridicule","floor":12},{"not_picked":["rmod:aluminumsupply","rmod:fletcherpendant"],"picked":"rmod:diamondstrike","floor":14},{"not_picked":["rmod:abidefaith","rmod:saltedfish"],"picked":"rmod:acesubmarine","floor":16},{"not_picked":["rmod:aggressivemary","rmod:bulid"],"picked":"rmod:ammunitionsupply","floor":18},{"not_picked":["rmod:supportescort","rmod:guardianhero"],"picked":"rmod:firesupport","floor":20},{"not_picked":["rmod:supportescort","rmod:auspiciousomen"],"picked":"rmod:victimresponsibility+1","floor":21},{"not_picked":["rmod:wife","rmod:luckystar+1"],"picked":"rmod:aviationdawn","floor":22},{"not_picked":["rmod:highspeedshooting","rmod:diaomin"],"picked":"rmod:steelsupply","floor":23},{"not_picked":["rmod:lastglory","rmod:steelsupply"],"picked":"rmod:intelligenceanalysis+1","floor":25},{"not_picked":["rmod:victimresponsibility+1","rmod:aggressivemary"],"picked":"rmod:rockthrower","floor":27},{"not_picked":["rmod:luckystar","rmod:saltedfish+1"],"picked":"rmod:shuttlebombing+1","floor":28},{"not_picked":["rmod:tearstotiara","rmod:lonelyqueen+1"],"picked":"rmod:unsinkable+1","floor":30},{"not_picked":["rmod:supportescort+1","rmod:slowdown+1"],"picked":"rmod:chargemoney+1","floor":31},{"not_picked":["rmod:stealaluminum","rmod:u235+1"],"picked":"rmod:highspeedmaneuver+1","floor":33},{"not_picked":["rmod:highspeedshooting+1","rmod:slowdown+1"],"picked":"rmod:concentratefire+1","floor":35},{"not_picked":["TheCursedMod:CursedMace","ClearTheMind+1"],"picked":"Heatsinks","floor":37},{"not_picked":["Expertise+1","PokerPlayerMod:Raise+1"],"picked":"Infinite Blades","floor":38},{"not_picked":["Koishi:VengefulSpirit","PokerPlayerMod:WildCard+1"],"picked":"Outmaneuver+1","floor":39},{"not_picked":["PokerPlayerMod:Sharpen+1","Koishi:FleetingPhantom+1"],"picked":"Shrug It Off+1","floor":40},{"not_picked":["PokerPlayerMod:Overdeal","Pray+1"],"picked":"Thunderclap+1","floor":42},{"not_picked":["TheCursedMod:Hemoplague","TheCursedMod:CursedArmor+1"],"picked":"Conserve Battery+1","floor":45},{"not_picked":["rmod:ammunitionsupply+1","6A+1"],"picked":"rmod:intelligenceanalysis","floor":46},{"not_picked":["Bouncing Flask+1","TheCursedMod:CursedStaff+1"],"picked":"rmod:wife+1","floor":48},{"not_picked":["PokerPlayerMod:WildCard+1","PokerPlayerMod:SecondChance+1"],"picked":"A Thousand Cuts","floor":54}],"player_experience":50713,"relics_obtained":[{"floor":6,"key":"Potion Belt"},{"floor":8,"key":"rmod:extraamm"},{"floor":19,"key":"Nilry\u0027s Codex"},{"floor":25,"key":"Meat on the Bone"},{"floor":26,"key":"Toxic Egg 2"},{"floor":28,"key":"Lizard Tail"},{"floor":30,"key":"Juzu Bracelet"},{"floor":40,"key":"Letter Opener"},{"floor":40,"key":"Strawberry"},{"floor":42,"key":"Mummified Hand"},{"floor":42,"key":"PreservedInsect"},{"floor":43,"key":"Regal Pillow"},{"floor":46,"key":"Centennial Puzzle"},{"floor":46,"key":"Du-Vu Doll"},{"floor":54,"key":"Ornamental Fan"}],"event_choices":[{"damage_healed":0,"gold_gain":0,"player_choice":"Obtained Book","damage_taken":16,"max_hp_gain":0,"max_hp_loss":0,"event_name":"Cursed Tome","floor":19,"gold_loss":0}],"is_beta":false,"boss_relics":[{"not_picked":["Snecko Eye","Runic Pyramid"],"picked":"Runic Dome"},{"not_picked":["Calling Bell","rmod:monthlycard"],"picked":"Black Star"}],"items_purged_floors":[],"is_endless":false,"potions_floor_spawned":[2,5,8,12,18,20,22,25,28,33,37,40,48],"ascension_level":2}}