{"host":"2pgz2fctomabfk86","time":1607797147,"event":{"mods":["AchievementEnabler","BaseMod","Colored Map","DeckTracker","Minty Spire (QoL Compilation)","StSLib","SuperFastMode"],"gold_per_floor":[119,44,44,59,9,39,39,51,51,71,71,89,14,42,42,121,121,134,148,167,167,167,167,201,216,242,242,257,275,295,330,330,406,406,423,423,76,125,125,125,157,187,225,247,273,303,330,410,422,434],"floor_reached":51,"playtime":6215,"items_purged":["Strike_P","Defend_P"],"score":1484,"play_id":"b7e699e9-7360-418c-a4de-095a69f78cc8","local_time":"20201213031907","is_ascension_mode":true,"campfire_choices":[{"data":"Eruption","floor":7.0,"key":"SMITH"},{"data":"EmptyMind","floor":11.0,"key":"SMITH"},{"data":"CrushJoints","floor":15.0,"key":"SMITH"},{"data":"Blasphemy","floor":23.0,"key":"SMITH"},{"data":"EmptyMind","floor":27.0,"key":"SMITH"},{"floor":32.0,"key":"REST"},{"data":"Scrawl","floor":40.0,"key":"SMITH"},{"data":"TalkToTheHand","floor":49.0,"key":"SMITH"}],"circlet_count":0,"master_deck":["AscendersBane","Defend_P","Eruption+1","Vigilance","EmptyMind+1","ClearTheMind","Indignation","TalkToTheHand+1","CrushJoints+1","FlurryOfBlows","Blasphemy+1","FollowUp+1","BowlingBash+1","Tantrum+1","Wallop+1","EmptyMind+1","JustLucky+1","EmptyBody","Scrawl+1","ClearTheMind+1","Finesse"],"relics":["PureWater","NeowsBlessing","Gambling Chip","Kunai","Anchor","Astrolabe","Bottled Lightning","Regal Pillow","Nunchaku","Coffee Dripper","Happy Flower","CaptainsWheel","MawBank","Omamori","White Beast Statue"],"acts_visited":["Exordium","TheCity","TheBeyond"],"potions_floor_usage":[50,50],"damage_taken":[{"damage":0.0,"enemies":"Small Slimes","floor":1.0,"turns":1.0},{"damage":0.0,"enemies":"Cultist","floor":4.0,"turns":1.0},{"damage":0.0,"enemies":"Gremlin Nob","floor":6.0,"turns":1.0},{"damage":0.0,"enemies":"2 Louse","floor":8.0,"turns":1.0},{"damage":0.0,"enemies":"Exordium Wildlife","floor":10.0,"turns":2.0},{"damage":12.0,"enemies":"Blue Slaver","floor":12.0,"turns":4.0},{"damage":15.0,"enemies":"Lagavulin","floor":14.0,"turns":5.0},{"damage":12.0,"enemies":"The Guardian","floor":16.0,"turns":10.0},{"damage":0.0,"enemies":"Spheric Guardian","floor":18.0,"turns":2.0},{"damage":0.0,"enemies":"2 Thieves","floor":19.0,"turns":2.0},{"damage":0.0,"enemies":"Snecko","floor":20.0,"turns":2.0},{"damage":21.0,"enemies":"Book of Stabbing","floor":24.0,"turns":3.0},{"damage":5.0,"enemies":"Centurion and Healer","floor":25.0,"turns":4.0},{"damage":0.0,"enemies":"Snake Plant","floor":28.0,"turns":1.0},{"damage":0.0,"enemies":"Chosen and Byrds","floor":29.0,"turns":2.0},{"damage":0.0,"enemies":"Centurion and Healer","floor":30.0,"turns":2.0},{"damage":0.0,"enemies":"Slavers","floor":31.0,"turns":1.0},{"damage":60.0,"enemies":"Automaton","floor":33.0,"turns":8.0},{"damage":0.0,"enemies":"3 Darklings","floor":35.0,"turns":3.0},{"damage":0.0,"enemies":"2 Orb Walkers","floor":38.0,"turns":2.0},{"damage":0.0,"enemies":"Giant Head","floor":41.0,"turns":3.0},{"damage":0.0,"enemies":"3 Shapes","floor":42.0,"turns":1.0},{"damage":0.0,"enemies":"Spire Growth","floor":44.0,"turns":3.0},{"damage":0.0,"enemies":"Writhing Mass","floor":45.0,"turns":4.0},{"damage":0.0,"enemies":"3 Darklings","floor":46.0,"turns":1.0},{"damage":0.0,"enemies":"Spire Growth","floor":47.0,"turns":3.0},{"damage":63,"enemies":"Awakened One","floor":50,"turns":10}],"seed_played":"5899783469455862096","potions_obtained":[{"floor":1.0,"key":"SteroidPotion"},{"floor":4.0,"key":"Energy Potion"},{"floor":8.0,"key":"Fruit Juice"},{"floor":14.0,"key":"BlessingOfTheForge"},{"floor":18.0,"key":"SteroidPotion"},{"floor":19.0,"key":"Fire Potion"},{"floor":24.0,"key":"Swift Potion"},{"floor":38.0,"key":"Energy Potion"},{"floor":41.0,"key":"Strength Potion"},{"floor":46.0,"key":"PowerPotion"}],"is_trial":false,"path_per_floor":["M","$","?","M","$","E","R","M","T","M","R","M","?","E","R","B",null,"M","M","M","?","?","R","E","M","T","R","M","M","M","E","R","B",null,"M","?","$","?","?","R","E","M","T","M","M","M","M","T","R","B",null],"character_chosen":"WATCHER","items_purchased":["ClearTheMind","Happy Flower","DuplicationPotion"],"campfire_rested":1,"item_purchase_floors":[5,37,37],"current_hp_per_floor":[61,61,51,51,51,51,51,51,51,51,51,39,39,24,24,12,54,54,59,59,59,59,59,38,33,33,33,33,33,33,33,69,9,57,57,57,57,57,47,47,47,47,47,47,47,47,47,47,47,25],"gold":446,"neow_bonus":"THREE_ENEMY_KILL","is_daily":false,"chose_seed":false,"campfire_upgraded":7,"win_rate":0.0,"timestamp":1607797147,"path_taken":["M","$","?","?","$","E","R","M","T","M","R","M","?","E","R","BOSS","M","M","M","?","?","R","E","M","T","R","M","M","M","E","R","BOSS","M","?","$","?","?","R","E","M","T","?","M","M","M","?","R","BOSS"],"items_purchased_type":["Card","Relic","Potion"],"build_version":"2020-11-30","purchased_purges":2,"victory":true,"max_hp_per_floor":[68,68,68,68,68,68,68,68,68,68,68,68,68,68,68,68,68,68,73,73,73,73,73,73,73,73,73,73,73,73,73,73,73,73,73,73,73,73,73,73,73,73,73,73,73,73,73,73,73,73],"card_choices":[{"not_picked":["Fasting2","FlyingSleeves"],"picked":"EmptyMind","floor":1.0},{"not_picked":["FlyingSleeves","PathToVictory","Vengeance"],"picked":"SKIP","floor":4.0},{"not_picked":["ThirdEye","PathToVictory"],"picked":"Indignation","floor":6.0},{"not_picked":["Worship","Consecrate"],"picked":"TalkToTheHand","floor":8.0},{"not_picked":["Prostrate","ThirdEye"],"picked":"CrushJoints","floor":10.0},{"not_picked":["Protect","FlyingSleeves"],"picked":"FlurryOfBlows","floor":12.0},{"not_picked":["Establishment","Crescendo","Worship"],"picked":"SKIP","floor":14.0},{"not_picked":["Brilliance","MasterReality"],"picked":"Blasphemy","floor":16.0},{"not_picked":["Halt","PathToVictory"],"picked":"Wallop+1","floor":18.0},{"not_picked":["FlyingSleeves","Tantrum+1","Wallop"],"picked":"SKIP","floor":19.0},{"not_picked":["FlyingSleeves","Tantrum+1","Wallop"],"picked":"SKIP","floor":19.0},{"not_picked":["EmptyFist","Sanctity"],"picked":"EmptyMind","floor":20.0},{"not_picked":["Wallop","SpiritShield","Indignation"],"picked":"SKIP","floor":24.0},{"not_picked":["Wallop","EmptyFist","Halt"],"picked":"SKIP","floor":25.0},{"not_picked":["ThirdEye","EmptyFist"],"picked":"JustLucky+1","floor":28.0},{"not_picked":["BowlingBash","FlurryOfBlows+1"],"picked":"EmptyBody","floor":29.0},{"not_picked":["JustLucky","Wireheading","Sanctity"],"picked":"SKIP","floor":30.0},{"not_picked":["WindmillStrike","Indignation","CarveReality"],"picked":"SKIP","floor":31.0},{"not_picked":["ConjureBlade","DevaForm"],"picked":"Scrawl","floor":33.0},{"not_picked":["SignatureMove","FlyingSleeves","Consecrate"],"picked":"SKIP","floor":35.0},{"not_picked":["BattleHymn","Evaluate"],"picked":"ClearTheMind+1","floor":38.0},{"not_picked":["Secret Weapon","Bandage Up"],"picked":"Finesse","floor":39.0},{"not_picked":["ForeignInfluence","ClearTheMind","Vengeance"],"picked":"SKIP","floor":41.0},{"not_picked":["WaveOfTheHand","ThirdEye","Fasting2"],"picked":"SKIP","floor":42.0},{"not_picked":["ReachHeaven","SandsOfTime","Indignation"],"picked":"SKIP","floor":44.0},{"not_picked":["CutThroughFate+1","FollowUp+1","TalkToTheHand"],"picked":"SKIP","floor":45.0},{"not_picked":["Conclude","JustLucky+1","Evaluate+1"],"picked":"SKIP","floor":46.0},{"not_picked":["BattleHymn","EmptyBody","Weave"],"picked":"SKIP","floor":47.0}],"player_experience":934744,"relics_obtained":[{"floor":6.0,"key":"Gambling Chip"},{"floor":9.0,"key":"Kunai"},{"floor":14.0,"key":"Anchor"},{"floor":24.0,"key":"Bottled Lightning"},{"floor":26.0,"key":"Regal Pillow"},{"floor":31.0,"key":"Nunchaku"},{"floor":38.0,"key":"CaptainsWheel"},{"floor":41.0,"key":"MawBank"},{"floor":43.0,"key":"Omamori"},{"floor":48.0,"key":"White Beast Statue"}],"event_choices":[{"damage_healed":0.0,"max_hp_gain":0.0,"max_hp_loss":0.0,"gold_gain":0.0,"event_name":"Wheel of Change","player_choice":"Damaged","floor":3.0,"gold_loss":0.0,"damage_taken":10.0},{"cards_removed":["Strike_P"],"damage_healed":0.0,"max_hp_gain":0.0,"max_hp_loss":0.0,"gold_gain":0.0,"event_name":"The Cleric","player_choice":"Card Removal","floor":13.0,"gold_loss":75.0,"damage_taken":0.0},{"cards_removed":["Defend_P"],"damage_healed":0.0,"max_hp_gain":0.0,"max_hp_loss":0.0,"gold_gain":0.0,"event_name":"Back to Basics","player_choice":"Elegance","floor":21.0,"gold_loss":0.0,"damage_taken":0.0},{"damage_healed":0.0,"max_hp_gain":0.0,"max_hp_loss":0.0,"gold_gain":0.0,"event_name":"Vampires","player_choice":"Ignored","floor":22.0,"gold_loss":0.0,"damage_taken":0.0},{"damage_healed":0.0,"max_hp_gain":0.0,"max_hp_loss":0.0,"gold_gain":0.0,"event_name":"Tomb of Lord Red Mask","player_choice":"Ignored","floor":36.0,"gold_loss":0.0,"damage_taken":0.0},{"damage_healed":0.0,"max_hp_gain":0.0,"max_hp_loss":0.0,"gold_gain":0.0,"event_name":"Mysterious Sphere","player_choice":"Fight","floor":38.0,"gold_loss":0.0,"damage_taken":0.0},{"damage_healed":0.0,"max_hp_gain":0.0,"max_hp_loss":0.0,"gold_gain":0.0,"event_name":"SensoryStone","player_choice":"Memory 3","floor":39.0,"gold_loss":0.0,"damage_taken":10.0}],"is_beta":false,"boss_relics":[{"not_picked":["Ectoplasm","Busted Crown"],"picked":"Astrolabe"},{"not_picked":["Calling Bell","Pandora\u0027s Box"],"picked":"Coffee Dripper"}],"items_purged_floors":[2,37],"is_endless":false,"potions_floor_spawned":[1,4,8,14,18,19,24,29,38,41,45,46],"ascension_level":18}}