{"host":"ya062ahhhuj9au1o","time":1607740972,"event":{"mods":["BaseMod","Better Third Choice","Filter the Spire","Hermit","Minty Spire (QoL Compilation)","Random Character Button","Robot Space Explorer","Somnambulant","StSLib","The Bug Knight","The Cursed","The Servant 0.9.4"],"gold_per_floor":[118,118,129,142,160,160,110,35,58,58,70,70,81,100,100,202,502,512,527,527,65,84,84,84,102,102,102,174,193,207,242,242,242,242],"floor_reached":33,"playtime":2024,"items_purged":["hermit:Defend_Hermit"],"score":313,"play_id":"103fd544-1a76-42cc-8f7a-3d6f6b50de6e","local_time":"20201211214252","is_ascension_mode":true,"campfire_choices":[{"data":"hermit:Snapshot","floor":6.0,"key":"SMITH"},{"data":"hermit:Dive","floor":10.0,"key":"SMITH"},{"data":"hermit:Enervate","floor":12.0,"key":"SMITH"},{"data":"hermit:Determination","floor":15.0,"key":"SMITH"},{"data":"hermit:Desperado","floor":23.0,"key":"SMITH"},{"data":"hermit:Desperado","floor":27.0,"key":"SMITH"},{"data":"hermit:WideOpen","floor":32,"key":"SMITH"}],"circlet_count":0,"master_deck":["hermit:Strike_Hermit","hermit:Strike_Hermit","hermit:Strike_Hermit","hermit:Strike_Hermit","hermit:Defend_Hermit","hermit:Snapshot+1","hermit:Covet","Secret Technique","hermit:Quickdraw","hermit:Enervate+1","hermit:Dive+1","hermit:Determination+1","hermit:BlackWind","hermit:Desperado+1","hermit:BlackWind","CurseOfTheBell","hermit:Glare","hermit:Desperado+1","hermit:LowProfile","hermit:Cheat","hermit:WideOpen+1"],"relics":["hermit:Momento","Bag of Preparation","Calling Bell","Centennial Puzzle","Pear","Old Coin","CaptainsWheel","Vajra","Boot","Kunai","Oddly Smooth Stone"],"acts_visited":["Exordium","TheCity"],"potions_floor_usage":[31],"damage_taken":[{"damage":4.0,"enemies":"2 Louse","floor":1.0,"turns":3.0},{"damage":1.0,"enemies":"Cultist","floor":3.0,"turns":3.0},{"damage":4.0,"enemies":"Jaw Worm","floor":4.0,"turns":4.0},{"damage":5.0,"enemies":"3 Louse","floor":5.0,"turns":3.0},{"damage":0.0,"enemies":"Blue Slaver","floor":11.0,"turns":2.0},{"damage":0.0,"enemies":"Red Slaver","floor":13.0,"turns":2.0},{"damage":0.0,"enemies":"3 Louse","floor":14.0,"turns":2.0},{"damage":34.0,"enemies":"Hexaghost","floor":16.0,"turns":6.0},{"damage":8.0,"enemies":"Chosen","floor":18.0,"turns":3.0},{"damage":31.0,"enemies":"Shell Parasite","floor":19.0,"turns":3.0},{"damage":11.0,"enemies":"Snake Plant","floor":22.0,"turns":2.0},{"damage":15.0,"enemies":"Centurion and Healer","floor":25.0,"turns":3.0},{"damage":0.0,"enemies":"3 Cultists","floor":29.0,"turns":3.0},{"damage":0.0,"enemies":"Snake Plant","floor":30.0,"turns":1.0},{"damage":10,"enemies":"Slavers","floor":31,"turns":3},{"damage":14,"enemies":"Collector","floor":33,"turns":2}],"seed_played":"6796671914126597730","potions_obtained":[{"floor":4.0,"key":"Dexterity Potion"},{"floor":5.0,"key":"LiquidMemories"},{"floor":14.0,"key":"LiquidMemories"},{"floor":19.0,"key":"ColorlessPotion"},{"floor":29.0,"key":"SkillPotion"},{"floor":31,"key":"Explosive Potion"}],"is_trial":false,"path_per_floor":["M","?","M","M","M","R","?","$","T","R","M","R","M","M","R","B",null,"M","M","?","$","M","R","?","M","T","R","T","M","M","E","R","B"],"character_chosen":"HERMIT","items_purchased":["CaptainsWheel","Vajra"],"campfire_rested":0,"item_purchase_floors":[21,21],"current_hp_per_floor":[50,50,49,45,40,40,40,40,40,40,40,40,40,40,40,6,85,77,46,46,46,35,35,35,20,20,20,20,20,20,10,10,0,0],"gold":242,"neow_bonus":"RANDOM_COLORLESS_2","is_daily":false,"chose_seed":false,"campfire_upgraded":7,"win_rate":0.0,"timestamp":1607740972,"path_taken":["M","?","M","M","?","R","?","$","T","R","M","R","M","M","R","BOSS","M","M","?","$","M","R","?","M","T","R","?","?","M","E","R","BOSS"],"items_purchased_type":["Relic","Relic"],"build_version":"2020-11-30","purchased_purges":1,"victory":false,"max_hp_per_floor":[75,75,75,75,75,75,75,75,75,75,75,75,75,75,75,75,85,85,85,85,85,85,85,85,85,85,85,85,85,85,85,85,85,85],"card_choices":[{"not_picked":["Violence","Thinking Ahead"],"picked":"Secret Technique","floor":0.0},{"not_picked":["hermit:LowProfile","hermit:CursedWeapon"],"picked":"hermit:Quickdraw","floor":1.0},{"not_picked":["hermit:HoleUp","hermit:HighCaliber"],"picked":"hermit:Enervate","floor":3.0},{"not_picked":["hermit:Manifest","hermit:Coalescence","hermit:LowProfile"],"picked":"SKIP","floor":4.0},{"not_picked":["hermit:TakeAim","hermit:TrackingShot"],"picked":"hermit:Dive","floor":5.0},{"not_picked":["hermit:BodyArmor","hermit:WideOpen"],"picked":"hermit:Determination","floor":11.0},{"not_picked":["hermit:CalledShot","hermit:Showdown"],"picked":"hermit:BlackWind","floor":13.0},{"not_picked":["hermit:EyeOfTheStorm","hermit:Manifest"],"picked":"hermit:Desperado","floor":14.0},{"not_picked":["hermit:EternalForm","hermit:Purgatory"],"picked":"hermit:BlackWind","floor":16.0},{"not_picked":["hermit:Vantage+1","hermit:Snipe","hermit:Misfire"],"picked":"SKIP","floor":18.0},{"not_picked":["hermit:Combo","hermit:ShadowCloak"],"picked":"hermit:Glare","floor":19.0},{"not_picked":["hermit:Quickdraw","hermit:Headshot+1"],"picked":"hermit:LowProfile","floor":22.0},{"not_picked":["hermit:Midnight","hermit:HighCaliber"],"picked":"hermit:Cheat","floor":25.0},{"not_picked":["hermit:TrackingShot","hermit:Midnight"],"picked":"hermit:WideOpen","floor":29.0},{"not_picked":["hermit:ItchyTrigger+1","hermit:Glare","hermit:PistolWhip"],"picked":"SKIP","floor":30.0},{"not_picked":["hermit:Spite+1","hermit:Dive","hermit:ShadowCloak"],"picked":"SKIP","floor":31}],"player_experience":1597513,"relics_obtained":[{"floor":9.0,"key":"Bag of Preparation"},{"floor":17.0,"key":"Centennial Puzzle"},{"floor":17.0,"key":"Pear"},{"floor":17.0,"key":"Old Coin"},{"floor":26.0,"key":"Boot"},{"floor":28.0,"key":"Kunai"},{"floor":31,"key":"Oddly Smooth Stone"}],"event_choices":[{"cards_removed":["hermit:Defend_Hermit"],"damage_healed":0.0,"max_hp_gain":0.0,"max_hp_loss":0.0,"gold_gain":0.0,"event_name":"Purifier","player_choice":"Purged","floor":2.0,"gold_loss":0.0,"damage_taken":0.0},{"cards_removed":["hermit:Defend_Hermit"],"damage_healed":0.0,"max_hp_gain":0.0,"max_hp_loss":0.0,"gold_gain":0.0,"event_name":"The Cleric","player_choice":"Card Removal","floor":7.0,"gold_loss":50.0,"damage_taken":0.0},{"damage_healed":0.0,"max_hp_gain":0.0,"max_hp_loss":0.0,"gold_gain":0.0,"event_name":"The Library","player_choice":"Read","floor":20.0,"gold_loss":0.0,"damage_taken":0.0,"cards_obtained":["hermit:Desperado"]},{"damage_healed":0.0,"max_hp_gain":0.0,"max_hp_loss":0.0,"gold_gain":0.0,"event_name":"The Mausoleum","player_choice":"Ignored","floor":24.0,"gold_loss":0.0,"damage_taken":0.0}],"is_beta":false,"boss_relics":[{"not_picked":["Philosopher\u0027s Stone","Ectoplasm"],"picked":"Calling Bell"}],"items_purged_floors":[8],"is_endless":false,"potions_floor_spawned":[4,5,14,19,22,29,31],"killed_by":"Collector","ascension_level":4}}