{"host":"4edbuligkc8x13l4","time":1607779079,"event":{"mods":["BaseMod","Minty Spire (QoL Compilation)","StSLib","SuperFastMode"],"gold_per_floor":[109,34,34,65,77,89,131,143,155,186,198,224,58,58,58,58,58],"floor_reached":16,"playtime":372,"items_purged":["Strike_R"],"score":181,"play_id":"8dbd0b55-119a-4da3-9247-a1ef8298587f","local_time":"20201212211759","is_ascension_mode":true,"campfire_choices":[{"data":"Bash","floor":6,"key":"SMITH"},{"floor":8,"key":"REST"},{"floor":11,"key":"REST"},{"floor":15,"key":"REST"}],"circlet_count":0,"master_deck":["AscendersBane","Strike_R","Strike_R","Strike_R","Defend_R","Defend_R","Defend_R","Defend_R","Bash+1","Brutality","Headbutt","Regret","Sever Soul","Twin Strike","Rupture","Evolve","Purity"],"relics":["Burning Blood","MawBank","Bronze Scales","Orichalcum","Bottled Tornado"],"acts_visited":["Exordium"],"potions_floor_usage":[16],"damage_taken":[{"damage":2,"enemies":"2 Louse","floor":1,"turns":4},{"damage":15,"enemies":"Jaw Worm","floor":4,"turns":5},{"damage":49,"enemies":"3 Sentries","floor":7,"turns":11},{"damage":9,"enemies":"Small Slimes","floor":10,"turns":2},{"damage":32,"enemies":"Exordium Thugs","floor":12,"turns":5},{"damage":48,"enemies":"Slime Boss","floor":16,"turns":5}],"seed_played":"7126454955133927260","potions_obtained":[{"floor":10,"key":"Ancient Potion"},{"floor":12,"key":"AttackPotion"}],"is_trial":false,"path_per_floor":["M","?","?","M","?","R","E","R","T","M","R","M","$","$","R","B"],"character_chosen":"IRONCLAD","items_purchased":["Purity"],"campfire_rested":3,"item_purchase_floors":[13],"current_hp_per_floor":[72,72,72,63,52,52,9,31,31,28,50,24,24,24,46,0,0],"gold":58,"neow_bonus":"ONE_RANDOM_RARE_CARD","is_daily":false,"chose_seed":false,"campfire_upgraded":1,"win_rate":0.0,"timestamp":1607779079,"path_taken":["M","?","?","M","?","R","E","R","T","M","R","?","?","$","R","BOSS"],"items_purchased_type":["Card"],"build_version":"2020-11-30","purchased_purges":1,"victory":false,"max_hp_per_floor":[75,75,75,75,75,75,75,75,75,75,75,75,75,75,75,75,75],"card_choices":[{"not_picked":["Wild Strike","Iron Wave"],"picked":"Headbutt","floor":1},{"not_picked":["Intimidate","Anger"],"picked":"Sever Soul","floor":4},{"not_picked":["Havoc","Bloodletting"],"picked":"Twin Strike","floor":7},{"not_picked":["Dual Wield","Fire Breathing"],"picked":"Rupture","floor":10},{"not_picked":["Burning Pact","Pommel Strike"],"picked":"Evolve","floor":12}],"player_experience":897818,"relics_obtained":[{"floor":7,"key":"Orichalcum"},{"floor":9,"key":"Bottled Tornado"}],"event_choices":[{"cards_removed":["Strike_R"],"damage_healed":0,"gold_gain":0,"player_choice":"Card Removal","damage_taken":0,"max_hp_gain":0,"max_hp_loss":0,"event_name":"The Cleric","floor":2,"gold_loss":75},{"damage_healed":0,"gold_gain":0,"player_choice":"Box","damage_taken":0,"relics_obtained":["MawBank"],"max_hp_gain":0,"max_hp_loss":0,"event_name":"Big Fish","floor":3,"gold_loss":0,"cards_obtained":["Regret"]},{"damage_healed":0,"gold_gain":0,"player_choice":"Success","damage_taken":11,"relics_obtained":["Bronze Scales"],"max_hp_gain":0,"max_hp_loss":0,"event_name":"Scrap Ooze","floor":5,"gold_loss":0}],"is_beta":false,"boss_relics":[],"items_purged_floors":[13],"is_endless":false,"potions_floor_spawned":[10,12],"killed_by":"Slime Boss","ascension_level":17}}