{"host":"tmiksjdllv4oe9un","time":1607804305,"event":{"mods":["Act Like it!","BaseMod","BetterRewards","Card Forge","Googly Eyes","Hallownest","Minty Spire (QoL Compilation)","Quick Restart","StSLib"],"gold_per_floor":[114,114,132,144,179,179,209,209,209,220,237,249,267,16,16,119,119,129,129,140,140,140,140],"floor_reached":22,"playtime":873,"items_purged":[],"score":298,"play_id":"aee1a15f-585f-465a-9b68-e3f4e0f4580a","local_time":"20201212151825","is_ascension_mode":false,"campfire_choices":[{"floor":6.0,"key":"REST"},{"data":"1","floor":8.0,"key":"LIFT"},{"data":"2","floor":15.0,"key":"LIFT"}],"circlet_count":0,"master_deck":["Strike_G","Strike_G","Strike_G","Strike_G","Strike_G","Defend_G","Defend_G","Defend_G","Defend_G","Defend_G","Survivor","Neutralize","Heel Hook","Bouncing Flask","Catalyst","Bouncing Flask","Deflect","Crippling Poison","Reflex","Flash of Steel","Envenom"],"relics":["Ring of the Snake","Hammer of Thor","Seething Fire","Anvil of the Gods","Hallownest:DreamNailRelic","Kunai","Girya","Lizard Tail","Lee\u0027s Waffle","HoveringKite","Hallownest:WatcherSealRelic"],"acts_visited":["Hallownest:Greenpath","Hallownest:CityofTears"],"potions_floor_usage":[16],"damage_taken":[{"damage":10.0,"enemies":"Hallownest:monsterHuskGuard","floor":1.0,"turns":6.0},{"damage":4.0,"enemies":"Hallownest:2_MossCreeps","floor":3.0,"turns":6.0},{"damage":9.0,"enemies":"Hallownest:2_Tiktiks_and_1_Crawlid","floor":4.0,"turns":4.0},{"damage":17.0,"enemies":"Hallownest:eliteVengeflyKing","floor":5.0,"turns":7.0},{"damage":25.0,"enemies":"Hallownest:eliteCrystalGuardian","floor":7.0,"turns":5.0},{"damage":0.0,"enemies":"Hallownest:monsterAspidMother","floor":10.0,"turns":4.0},{"damage":5.0,"enemies":"Hallownest:Guard_and_Warrior","floor":11.0,"turns":4.0},{"damage":21.0,"enemies":"Hallownest:1_Ooma_and_2_Uuma","floor":12.0,"turns":7.0},{"damage":12.0,"enemies":"Hallownest:1_Baldur_1_Crawlid_1_Warrior","floor":13.0,"turns":5.0},{"damage":41,"enemies":"Hallownest:BossHornet","floor":16,"turns":8},{"damage":24,"enemies":"Hallownest:3_Youths","floor":18,"turns":8},{"damage":29,"enemies":"Hallownest:Flukemon_and_Top","floor":20,"turns":6},{"damage":40,"enemies":"Hallownest:2_Husk_Sentries","floor":22,"turns":4}],"seed_played":"2036474842039582012","potions_obtained":[{"floor":1.0,"key":"Strength Potion"},{"floor":4.0,"key":"BlessingOfTheForge"},{"floor":5.0,"key":"EssenceOfSteel"},{"floor":7.0,"key":"Energy Potion"},{"floor":12.0,"key":"Swift Potion"},{"floor":18,"key":"Poison Potion"}],"is_trial":false,"path_per_floor":["M","?","M","M","?","R","E","R","T","M","M","M","M","$","R","B",null,"M","?","M","?","M"],"character_chosen":"THE_SILENT","items_purchased":["Lee\u0027s Waffle","Flash of Steel"],"campfire_rested":1,"item_purchase_floors":[14,14],"current_hp_per_floor":[60,60,56,47,30,51,26,26,26,26,21,35,23,77,77,36,77,53,53,24,38,0,0],"gold":140,"neow_bonus":"","is_daily":false,"chose_seed":false,"campfire_upgraded":0,"win_rate":0.0,"timestamp":1607804305,"path_taken":["M","?","?","M","?","R","E","R","T","M","M","M","?","$","R","BOSS","M","?","M","?","M"],"items_purchased_type":["Relic","Card"],"build_version":"2020-11-30","purchased_purges":0,"victory":false,"max_hp_per_floor":[70,70,70,70,70,70,70,70,70,70,70,70,70,77,77,77,77,77,77,77,77,77,77],"card_choices":[{"not_picked":["Dodge and Roll","Deadly Poison"],"picked":"Heel Hook","floor":1.0},{"not_picked":["Flying Knee","Deflect"],"picked":"Bouncing Flask","floor":3.0},{"not_picked":["Noxious Fumes","Slice","Bane"],"picked":"SKIP","floor":4.0},{"not_picked":["Deadly Poison","Tactician"],"picked":"Catalyst","floor":5.0},{"not_picked":["Finisher","Heel Hook"],"picked":"Bouncing Flask","floor":7.0},{"not_picked":["Riddle With Holes","Quick Slash","Slice"],"picked":"SKIP","floor":10.0},{"not_picked":["Flying Knee","Dodge and Roll"],"picked":"Deflect","floor":11.0},{"not_picked":["Infinite Blades","Endless Agony"],"picked":"Crippling Poison","floor":12.0},{"not_picked":["Die Die Die","Eviscerate"],"picked":"Reflex","floor":13.0},{"not_picked":["Phantasmal Killer","Burst"],"picked":"Envenom","floor":16},{"not_picked":["Flying Knee","Deflect","Dagger Spray"],"picked":"SKIP","floor":18},{"not_picked":["Quick Slash+1","Finisher","Slice"],"picked":"SKIP","floor":20}],"player_experience":4588,"relics_obtained":[{"floor":5.0,"key":"Kunai"},{"floor":7.0,"key":"Girya"},{"floor":9.0,"key":"Lizard Tail"}],"event_choices":[],"is_beta":false,"boss_relics":[{"not_picked":["SacredBark","WristBlade"],"picked":"HoveringKite"}],"items_purged_floors":[],"is_endless":false,"potions_floor_spawned":[1,4,5,7,12,18],"killed_by":"Hallownest:2_Husk_Sentries","ascension_level":0}}