{"host":"1hzg86ju9fvxh562","time":1607804567,"event":{"mods":["AchievementEnabler","Act Like it!","AlwaysNeverKeys","BaseMod","Better Altar","Better Match","Better Note","Better Sensory Stone","Better Skull","Better Third Choice","Colored Map","Colored Powertips","Displayed Cursed Tome","Filter the Spire","Highlight Path","Keyboard Shortcuts","Minty Spire (QoL Compilation)","Rare Cards Sparkle","Relic Sorter","Relic Stats","Spicy Shops","StSLib","everything is the same but u backflip on backflip","slay the spire mod where everything is the same but ironclad has a cowboy hat"],"gold_per_floor":[114,130,147,164,183,183,208,208,208,234,254,280,291,310,310,407,407,421,421,432,432,432,465,465,465,465],"floor_reached":25,"playtime":1856,"items_purged":[],"score":343,"play_id":"0176bdc0-135b-46e7-8349-cac7e0c47ef7","local_time":"20201212182247","is_ascension_mode":true,"campfire_choices":[{"data":"Searing Blow","floor":6.0,"key":"SMITH"},{"floor":8.0,"key":"REST"},{"floor":15.0,"key":"REST"},{"floor":24,"key":"REST"}],"circlet_count":0,"master_deck":["Strike_R","Strike_R","Strike_R","Strike_R","Strike_R","Defend_R","Defend_R","Defend_R","Defend_R","Bash","Shrug It Off","Thunderclap","Ghostly Armor","Cleave","Searing Blow+1","Bloodletting","Burning Pact","Carnage","Offering","Seeing Red","Burning Pact","Reaper","Uppercut+1","Dark Embrace","Ghostly Armor+1","Second Wind+1"],"relics":["Black Star","Lizard Tail","Darkstone Periapt","Matryoshka","White Beast Statue","Omamori","Mummified Hand","Ancient Tea Set","Cursed Key","betterThird:NestCultRelic","Molten Egg 2","Bronze Scales"],"acts_visited":["Exordium","TheCity"],"potions_floor_usage":[23,23,23],"damage_taken":[{"damage":12.0,"enemies":"2 Louse","floor":1.0,"turns":3.0},{"damage":6.0,"enemies":"Cultist","floor":2.0,"turns":3.0},{"damage":12.0,"enemies":"Small Slimes","floor":3.0,"turns":3.0},{"damage":12.0,"enemies":"Looter","floor":4.0,"turns":3.0},{"damage":5.0,"enemies":"Blue Slaver","floor":5.0,"turns":2.0},{"damage":24.0,"enemies":"Gremlin Nob","floor":7.0,"turns":4.0},{"damage":51.0,"enemies":"Lagavulin","floor":10.0,"turns":9.0},{"damage":12.0,"enemies":"Gremlin Gang","floor":11.0,"turns":3.0},{"damage":8.0,"enemies":"3 Sentries","floor":12.0,"turns":8.0},{"damage":8.0,"enemies":"Exordium Thugs","floor":13.0,"turns":4.0},{"damage":0.0,"enemies":"2 Fungi Beasts","floor":14.0,"turns":4.0},{"damage":19.0,"enemies":"Slime Boss","floor":16.0,"turns":9.0},{"damage":33.0,"enemies":"3 Byrds","floor":18.0,"turns":5.0},{"damage":12.0,"enemies":"Spheric Guardian","floor":20.0,"turns":3.0},{"damage":52,"enemies":"Book of Stabbing","floor":23,"turns":6},{"damage":30,"enemies":"Cultist and Chosen","floor":25,"turns":4}],"seed_played":"5904200313655249213","potions_obtained":[{"floor":1.0,"key":"FearPotion"},{"floor":4.0,"key":"DistilledChaos"},{"floor":7.0,"key":"SteroidPotion"},{"floor":11.0,"key":"SkillPotion"},{"floor":12.0,"key":"AttackPotion"},{"floor":13.0,"key":"LiquidMemories"},{"floor":14.0,"key":"GamblersBrew"},{"floor":16.0,"key":"CultistPotion"},{"floor":18.0,"key":"Block Potion"},{"floor":20.0,"key":"ColorlessPotion"},{"floor":22.0,"key":"SteroidPotion"},{"floor":22.0,"key":"SkillPotion"},{"floor":23,"key":"BlessingOfTheForge"}],"is_trial":false,"path_per_floor":["M","M","M","M","M","R","E","R","T","E","M","E","M","M","R","B",null,"M","?","M","?","?","E","R","M"],"character_chosen":"IRONCLAD","items_purchased":[],"campfire_rested":3,"item_purchase_floors":[],"current_hp_per_floor":[60,54,42,30,25,25,1,25,25,29,17,9,1,1,25,6,62,38,38,26,26,26,4,28,0,0],"gold":465,"neow_bonus":"BOSS_RELIC","is_daily":false,"chose_seed":false,"campfire_upgraded":1,"win_rate":0.0,"timestamp":1607804567,"path_taken":["M","M","M","M","M","R","E","R","T","E","M","E","M","M","R","BOSS","M","?","M","?","?","E","R","?"],"items_purchased_type":[],"build_version":"2020-11-30","purchased_purges":0,"victory":false,"max_hp_per_floor":[80,80,80,80,80,80,80,80,80,80,80,80,80,80,80,80,80,80,80,80,80,80,80,80,80,80],"relic_stats":{"Darkstone Periapt":0,"Lizard Tail":40,"counters":[16,73],"Mummified Hand":[2],"Bronze Scales":[12],"Black Star":4,"Cursed Key":0,"obtain_stats":[{"Darkstone Periapt":7,"betterThird:NestCultRelic":21,"Omamori":10,"Ancient Tea Set":12,"Cursed Key":17,"Burning Blood":0,"White Beast Statue":10,"Lizard Tail":7,"Matryoshka":9,"Mummified Hand":12,"Bronze Scales":23,"Molten Egg 2":23,"Black Star":0},{"Darkstone Periapt":6,"betterThird:NestCultRelic":14,"Omamori":7,"Ancient Tea Set":9,"Cursed Key":12,"Burning Blood":0,"White Beast Statue":7,"Lizard Tail":6,"Matryoshka":6,"Mummified Hand":9,"Bronze Scales":15,"Molten Egg 2":15,"Black Star":0},{"Darkstone Periapt":18,"betterThird:NestCultRelic":63,"Omamori":27,"Ancient Tea Set":38,"Cursed Key":55,"Burning Blood":0,"White Beast Statue":27,"Lizard Tail":18,"Matryoshka":18,"Mummified Hand":38,"Bronze Scales":69,"Molten Egg 2":69,"Black Star":0}]},"card_choices":[{"not_picked":["Perfected Strike","Twin Strike"],"picked":"Shrug It Off","floor":1.0},{"not_picked":["Flex","Perfected Strike"],"picked":"Thunderclap","floor":2.0},{"not_picked":["Anger","Rage"],"picked":"Ghostly Armor","floor":3.0},{"not_picked":["Feel No Pain","Thunderclap"],"picked":"Cleave","floor":4.0},{"not_picked":["Flex","Iron Wave"],"picked":"Searing Blow","floor":5.0},{"not_picked":["Bludgeon","Flex"],"picked":"Bloodletting","floor":7.0},{"not_picked":["Clothesline","Bloodletting"],"picked":"Burning Pact","floor":10.0},{"not_picked":["Twin Strike","Heavy Blade"],"picked":"Carnage","floor":11.0},{"not_picked":["Clash","Thunderclap"],"picked":"Offering","floor":12.0},{"not_picked":["Sword Boomerang","Rage"],"picked":"Seeing Red","floor":13.0},{"not_picked":["Bloodletting","Heavy Blade"],"picked":"Burning Pact","floor":14.0},{"not_picked":["Bludgeon","Impervious"],"picked":"Reaper","floor":16.0},{"not_picked":["Evolve","Clash"],"picked":"Uppercut+1","floor":18.0},{"not_picked":["Perfected Strike","Sword Boomerang+1"],"picked":"Ghostly Armor+1","floor":20.0},{"not_picked":["Metallicize","Headbutt+1"],"picked":"Second Wind+1","floor":23}],"player_experience":370074,"relics_obtained":[{"floor":7.0,"key":"Lizard Tail"},{"floor":7.0,"key":"Darkstone Periapt"},{"floor":9.0,"key":"Matryoshka"},{"floor":10.0,"key":"White Beast Statue"},{"floor":10.0,"key":"Omamori"},{"floor":12.0,"key":"Mummified Hand"},{"floor":12.0,"key":"Ancient Tea Set"},{"floor":23,"key":"Molten Egg 2"},{"floor":23,"key":"Bronze Scales"}],"event_choices":[{"damage_healed":0.0,"max_hp_gain":0.0,"max_hp_loss":0.0,"gold_gain":0.0,"event_name":"The Library","player_choice":"Read","floor":19.0,"gold_loss":0.0,"damage_taken":0.0,"cards_obtained":["Dark Embrace"]},{"damage_healed":0.0,"max_hp_gain":0.0,"max_hp_loss":0.0,"gold_gain":0.0,"event_name":"betterThird:BetterNest","player_choice":"Madness","floor":21.0,"gold_loss":0.0,"damage_taken":0.0,"relics_obtained":["betterThird:NestCultRelic"]},{"damage_healed":0.0,"max_hp_gain":0.0,"max_hp_loss":0.0,"gold_gain":0.0,"event_name":"Lab","player_choice":"Got Potions","floor":22.0,"gold_loss":0.0,"damage_taken":0.0}],"is_beta":false,"boss_relics":[{"not_picked":["Coffee Dripper","Astrolabe"],"picked":"Cursed Key"}],"items_purged_floors":[],"is_endless":false,"potions_floor_spawned":[1,4,7,11,12,13,14,16,18,20,23],"killed_by":"Cultist and Chosen","ascension_level":8}}