{"host":"j4g6ia6asvpyu2b0","time":1607811167,"event":{"mods":["BaseMod","Colored Map","Minty Spire (QoL Compilation)","Permanent Neow","Quick Restart","Relic Stats","StSLib","Unceasing Turn Reminder"],"gold_per_floor":[115,115,139,139,68,68,109,125,125,143,68,102,2,366,366,366,366],"floor_reached":16,"playtime":354,"items_purged":["Strike_R","Strike_R"],"score":133,"play_id":"e8eebb0e-bbed-4c23-83e9-07de7ef4098f","local_time":"20201212151247","is_ascension_mode":true,"campfire_choices":[{"data":"Bash","floor":6,"key":"SMITH"},{"floor":15,"key":"REST"}],"circlet_count":0,"master_deck":["Strike_R","Strike_R","Defend_R","Defend_R","Bash+1","Dropkick","Dropkick"],"relics":["Burning Blood","Bronze Scales","Golden Idol","Strawberry","Singing Bowl","Happy Flower","Old Coin"],"acts_visited":["Exordium"],"potions_floor_usage":[7,14],"damage_taken":[{"damage":10,"enemies":"Small Slimes","floor":1,"turns":3},{"damage":45,"enemies":"3 Sentries","floor":7,"turns":8},{"damage":7,"enemies":"Jaw Worm","floor":8,"turns":2},{"damage":0,"enemies":"Cultist","floor":10,"turns":2},{"damage":25,"enemies":"Lagavulin","floor":12,"turns":6},{"damage":0,"enemies":"Gremlin Nob","floor":14,"turns":2},{"damage":58,"enemies":"The Guardian","floor":16,"turns":9}],"seed_played":"-4772577523508485295","potions_obtained":[{"floor":1,"key":"SkillPotion"},{"floor":7,"key":"SteroidPotion"}],"is_trial":false,"path_per_floor":["M","?","T","?","$","R","E","M","T","M","$","E","$","?","R","B"],"character_chosen":"IRONCLAD","items_purchased":["Dropkick"],"campfire_rested":1,"item_purchase_floors":[5],"current_hp_per_floor":[68,68,68,67,67,67,35,34,34,42,42,25,25,33,57,0,0],"gold":366,"neow_bonus":"REMOVE_TWO","is_daily":false,"chose_seed":false,"campfire_upgraded":1,"win_rate":0.0,"timestamp":1607811167,"path_taken":["M","?","?","?","$","R","E","M","T","?","?","E","$","?","R","BOSS"],"items_purchased_type":["Card"],"build_version":"2020-11-30","purchased_purges":2,"victory":false,"max_hp_per_floor":[72,72,72,67,67,67,74,74,74,76,76,78,78,80,80,80,80],"relic_stats":{"Singing Bowl":6,"Happy Flower":[3],"counters":[7,32],"Golden Idol":29,"Bronze Scales":[60],"obtain_stats":[{"Singing Bowl":9,"Happy Flower":12,"Golden Idol":4,"Bronze Scales":3,"Strawberry":7,"Burning Blood":0,"Old Coin":14},{"Singing Bowl":3,"Happy Flower":5,"Golden Idol":1,"Bronze Scales":1,"Strawberry":2,"Burning Blood":0,"Old Coin":6},{"Singing Bowl":13,"Happy Flower":21,"Golden Idol":3,"Bronze Scales":3,"Strawberry":11,"Burning Blood":0,"Old Coin":23}],"Burning Blood":36},"card_choices":[{"not_picked":["Twin Strike","Armaments"],"picked":"Dropkick","floor":1},{"not_picked":["Shrug It Off","Burning Pact","Twin Strike"],"picked":"SKIP","floor":7},{"not_picked":["Wild Strike","Flame Barrier","Combust"],"picked":"SKIP","floor":8},{"not_picked":["Searing Blow","Warcry","Metallicize"],"picked":"Singing Bowl","floor":10},{"not_picked":["Disarm","Infernal Blade","Flex"],"picked":"Singing Bowl","floor":12},{"not_picked":["Headbutt","Perfected Strike","Rupture"],"picked":"Singing Bowl","floor":14}],"player_experience":625571,"relics_obtained":[{"floor":3,"key":"Bronze Scales"},{"floor":7,"key":"Strawberry"},{"floor":9,"key":"Singing Bowl"},{"floor":12,"key":"Happy Flower"},{"floor":14,"key":"Old Coin"}],"event_choices":[{"cards_removed":["Strike_R"],"damage_healed":0,"gold_gain":0,"player_choice":"Forget","damage_taken":0,"max_hp_gain":0,"max_hp_loss":0,"event_name":"Living Wall","floor":2,"gold_loss":0},{"damage_healed":0,"gold_gain":0,"player_choice":"Lose Max HP","damage_taken":0,"relics_obtained":["Golden Idol"],"max_hp_gain":0,"max_hp_loss":5,"event_name":"Golden Idol","floor":4,"gold_loss":0},{"damage_healed":0,"gold_gain":30,"player_choice":"Searched \u00272\u0027 times","damage_taken":0,"max_hp_gain":0,"max_hp_loss":0,"event_name":"Dead Adventurer","floor":14,"gold_loss":0}],"is_beta":false,"boss_relics":[],"items_purged_floors":[11,13],"is_endless":false,"potions_floor_spawned":[1,7],"killed_by":"The Guardian","ascension_level":5}}