{"host":"sst22apzgpn07t8v","time":1607744206,"event":{"mods":["Act Like it!","BaseMod","Hallownest","HololiveMod","Lobotomy","LobotomyExtend","Minty Spire (QoL Compilation)","Replay The Spire","Shop Mod","StSLib"],"gold_per_floor":[114,127,127,142,142,142,155,170,170,170,203,213,213,228,228,228,228],"floor_reached":16,"playtime":618,"items_purged":[],"score":104,"play_id":"dc8903b5-7133-47ab-8d76-76921b42ebff","local_time":"20201212113646","is_ascension_mode":false,"campfire_choices":[{"floor":6,"key":"REST"},{"data":"ReplayTheSpireMod:Corrosion Curse","floor":10,"key":"SMITH"},{"floor":13,"key":"REST"},{"floor":15,"key":"DIG"}],"circlet_count":0,"master_deck":["Strike_R","Strike_R","Strike_R","Strike_R","Strike_R","Bash","Combust","Headbutt","ReplayTheSpireMod:Corrosion Curse+1","Combust","Clash","Demon Form","Run Through","ReplayTheSpireMod:Limb From Limb"],"relics":["Burning Blood","Question Card","Replay:Baseball","Turnip"],"acts_visited":["Exordium"],"potions_floor_usage":[1,16],"damage_taken":[{"damage":6,"enemies":"Cultist","floor":1,"turns":3},{"damage":2,"enemies":"Small Slimes","floor":2,"turns":2},{"damage":1,"enemies":"2 Louse","floor":4,"turns":2},{"damage":25,"enemies":"Exordium Thugs","floor":7,"turns":4},{"damage":9,"enemies":"2 Fungi Beasts","floor":8,"turns":2},{"damage":23,"enemies":"3 Sentries","floor":11,"turns":4},{"damage":23,"enemies":"Blue Slaver","floor":12,"turns":3},{"damage":11,"enemies":"Looter","floor":14,"turns":2},{"damage":49,"enemies":"The Guardian","floor":16,"turns":4}],"seed_played":"-593370308292560061","potions_obtained":[{"floor":1,"key":"Fruit Juice"},{"floor":2,"key":"ElixirPotion"},{"floor":12,"key":"Adrenaline Potion"},{"floor":14,"key":"ColorlessPotion"}],"is_trial":false,"path_per_floor":["M","M","?","M","?","R","M","M","T","R","E","M","R","M","R","B"],"character_chosen":"IRONCLAD","items_purchased":[],"campfire_rested":2,"item_purchase_floors":[],"current_hp_per_floor":[61,65,58,63,63,85,66,63,63,63,46,29,54,49,49,0,0],"gold":228,"neow_bonus":"REMOVE_TWO","is_daily":false,"chose_seed":false,"campfire_upgraded":1,"win_rate":0.0,"timestamp":1607744206,"path_taken":["M","?","?","M","?","R","M","M","T","R","E","?","R","M","R","BOSS"],"items_purchased_type":[],"build_version":"2020-11-30","purchased_purges":0,"victory":false,"max_hp_per_floor":[85,85,85,85,85,85,85,85,85,85,85,85,85,85,85,85,85],"card_choices":[{"not_picked":["ReplayTheSpireMod:Strike From Hell","Warcry"],"picked":"Combust","floor":1},{"not_picked":["Body Slam","Life Link"],"picked":"Headbutt","floor":2},{"not_picked":["ReplayTheSpireMod:Strike From Hell","Cleave"],"picked":"ReplayTheSpireMod:Corrosion Curse","floor":4},{"not_picked":["Body Slam","Intimidate"],"picked":"Combust","floor":7},{"not_picked":["Headbutt","Shrug It Off"],"picked":"Clash","floor":8},{"not_picked":["ReplayReversal","Armaments","Cleave"],"picked":"Demon Form","floor":11},{"not_picked":["ReplayReversal","Body Slam","Thunderclap"],"picked":"Run Through","floor":12},{"not_picked":["Body Slam","ReplayReversal","Headbutt"],"picked":"ReplayTheSpireMod:Limb From Limb","floor":14}],"player_experience":124914,"relics_obtained":[{"floor":9,"key":"Question Card"},{"floor":11,"key":"Replay:Baseball"},{"floor":15,"key":"Turnip"}],"event_choices":[{"cards_removed":["Defend_R"],"damage_healed":0,"gold_gain":0,"player_choice":"Card Removal","damage_taken":7,"max_hp_gain":0,"max_hp_loss":0,"event_name":"Golden Wing","floor":3,"gold_loss":0},{"cards_removed":["Defend_R"],"damage_healed":0,"gold_gain":0,"player_choice":"Card Removal","damage_taken":0,"max_hp_gain":0,"max_hp_loss":0,"event_name":"Wheel of Change","floor":5,"gold_loss":0}],"is_beta":false,"boss_relics":[],"items_purged_floors":[],"is_endless":false,"potions_floor_spawned":[1,2,12,14],"killed_by":"The Guardian","ascension_level":0}}