{"host":"3l86636hmmefx41a","time":1607817400,"event":{"mods":["BaseMod","Hermit","Marked Mod","Minty Spire (QoL Compilation)","StSLib"],"gold_per_floor":[113,128,147,167,181,181,198,198,251,266,266,300,313,343,343,445,445,462,482,70,70,70,105,117,144,156,168,180,211,223,246,258,374,386,413,440,465,58,69,86,86,86],"floor_reached":41,"playtime":3912,"items_purged":[],"score":481,"play_id":"a4619824-ac97-47bf-ba86-4756fab23cb2","local_time":"20201213005640","daily_mods":["Draft"],"is_ascension_mode":false,"campfire_choices":[{"data":"Havoc","floor":6,"key":"SMITH"},{"data":"Havoc","floor":8,"key":"SMITH"},{"data":"Havoc","floor":15,"key":"SMITH"},{"data":"Pommel Strike","floor":24,"key":"SMITH"},{"data":"Fire Breathing","floor":27,"key":"SMITH"},{"floor":32,"key":"REST"}],"circlet_count":0,"master_deck":["Pommel Strike+1","Anger","Dark Embrace","Havoc+1","Havoc+1","Dark Embrace","Clothesline","Shrug It Off","Anger","Fire Breathing+1","Blood for Blood","Shrug It Off","Feel No Pain","Entrench","Rage","Havoc+1","Cleave+1","Metallicize","Feel No Pain","Pummel+1","Double Tap","Pommel Strike","Reaper","Flame Barrier","Shrug It Off","Intimidate","Body Slam","Berserk","Feed","Anger","Mayhem","Dramatic Entrance"],"relics":["Black Blood","Gremlin Horn","Ornamental Fan","Sundial","OrangePellets","MawBank","Omamori","Nloth\u0027s Gift","Runic Cube","Membership Card","Orichalcum","Red Skull"],"acts_visited":["Exordium","TheCity","TheBeyond"],"potions_floor_usage":[3,12,14,16,16,18,23,33,35,40,41],"damage_taken":[{"damage":1,"enemies":"Cultist","floor":1,"turns":4},{"damage":3,"enemies":"2 Louse","floor":2,"turns":3},{"damage":8,"enemies":"Jaw Worm","floor":3,"turns":3},{"damage":5,"enemies":"3 Louse","floor":4,"turns":2},{"damage":6,"enemies":"Red Slaver","floor":5,"turns":4},{"damage":9,"enemies":"Blue Slaver","floor":7,"turns":4},{"damage":18,"enemies":"Lots of Slimes","floor":10,"turns":4},{"damage":0,"enemies":"Gremlin Nob","floor":12,"turns":3},{"damage":4,"enemies":"2 Fungi Beasts","floor":13,"turns":3},{"damage":6,"enemies":"3 Sentries","floor":14,"turns":5},{"damage":31,"enemies":"Slime Boss","floor":16,"turns":6},{"damage":1,"enemies":"Spheric Guardian","floor":18,"turns":5},{"damage":10,"enemies":"Chosen","floor":19,"turns":5},{"damage":51,"enemies":"Book of Stabbing","floor":23,"turns":7},{"damage":22,"enemies":"3 Cultists","floor":25,"turns":5},{"damage":4,"enemies":"Snake Plant","floor":29,"turns":8},{"damage":16,"enemies":"Sentry and Sphere","floor":31,"turns":5},{"damage":64,"enemies":"Automaton","floor":33,"turns":11},{"damage":0,"enemies":"3 Shapes","floor":35,"turns":1},{"damage":31,"enemies":"3 Darklings","floor":36,"turns":6},{"damage":8,"enemies":"4 Shapes","floor":37,"turns":3},{"damage":56,"enemies":"Sphere and 2 Shapes","floor":39,"turns":4},{"damage":34,"enemies":"Transient","floor":40,"turns":5},{"damage":30,"enemies":"Nemesis","floor":41,"turns":2}],"seed_played":"-7379947518076910742","potions_obtained":[{"floor":2,"key":"ColorlessPotion"},{"floor":5,"key":"Swift Potion"},{"floor":10,"key":"SteroidPotion"},{"floor":12,"key":"Energy Potion"},{"floor":14,"key":"BlessingOfTheForge"},{"floor":16,"key":"Weak Potion"},{"floor":18,"key":"ElixirPotion"},{"floor":25,"key":"Strength Potion"},{"floor":33,"key":"DistilledChaos"},{"floor":35,"key":"Ancient Potion"},{"floor":40,"key":"BlessingOfTheForge"}],"is_trial":true,"path_per_floor":["M","M","M","M","M","R","M","R","T","M","?","E","M","E","R","B",null,"M","M","$","?","?","E","R","M","T","R","?","M","$","M","R","B",null,"M","M","M","$","M","M","E"],"character_chosen":"IRONCLAD","items_purchased":["Sundial","OrangePellets","Membership Card","Mayhem","Dramatic Entrance","Orichalcum","Red Skull"],"campfire_rested":1,"item_purchase_floors":[20,20,38,38,38,38,38],"current_hp_per_floor":[80,80,78,79,79,79,76,76,76,64,48,54,56,56,56,31,80,80,80,80,65,85,46,46,36,36,36,36,44,44,40,65,19,85,85,78,88,88,44,22,0,0],"gold":86,"neow_bonus":"","is_daily":false,"chose_seed":false,"campfire_upgraded":5,"win_rate":0.0,"timestamp":1607817400,"path_taken":["M","M","M","?","M","R","M","R","T","M","?","E","M","E","R","BOSS","M","M","$","?","?","E","R","?","T","R","?","M","$","M","R","BOSS","M","M","M","$","M","M","E"],"items_purchased_type":["Relic","Relic","Relic","Card","Card","Relic","Relic"],"build_version":"2020-11-30","purchased_purges":0,"victory":false,"max_hp_per_floor":[80,80,80,80,80,80,80,80,80,80,80,80,80,80,80,80,80,80,80,80,85,85,85,85,85,85,85,85,85,85,85,85,85,85,85,85,88,88,88,88,88,88],"card_choices":[{"not_picked":["Iron Wave","Evolve"],"picked":"Pommel Strike","floor":0},{"not_picked":["Twin Strike","Pommel Strike"],"picked":"Anger","floor":0},{"not_picked":["Body Slam","Disarm"],"picked":"Dark Embrace","floor":0},{"not_picked":["Body Slam","Iron Wave"],"picked":"Havoc","floor":0},{"not_picked":["Battle Trance","True Grit"],"picked":"Havoc","floor":0},{"not_picked":["True Grit","Flex"],"picked":"Dark Embrace","floor":0},{"not_picked":["Metallicize","Disarm"],"picked":"Clothesline","floor":0},{"not_picked":["Entrench","Thunderclap"],"picked":"Shrug It Off","floor":0},{"not_picked":["Searing Blow","Heavy Blade"],"picked":"Anger","floor":0},{"not_picked":["Evolve","Sword Boomerang"],"picked":"Fire Breathing","floor":0},{"not_picked":["Flex","Carnage"],"picked":"Blood for Blood","floor":0},{"not_picked":["Armaments","Burning Pact"],"picked":"Shrug It Off","floor":0},{"not_picked":["True Grit","Sword Boomerang"],"picked":"Feel No Pain","floor":0},{"not_picked":["Dark Embrace","Fire Breathing"],"picked":"Entrench","floor":0},{"not_picked":["Sword Boomerang","Searing Blow"],"picked":"Rage","floor":0},{"not_picked":["Heavy Blade","Rage"],"picked":"Havoc","floor":1},{"not_picked":["Dual Wield","Warcry"],"picked":"Cleave","floor":2},{"not_picked":["Dual Wield","Flex","Havoc"],"picked":"SKIP","floor":3},{"not_picked":["Sword Boomerang","Wild Strike"],"picked":"Metallicize","floor":4},{"not_picked":["Wild Strike","Sword Boomerang","Clash"],"picked":"SKIP","floor":5},{"not_picked":["Twin Strike","Headbutt"],"picked":"Feel No Pain","floor":7},{"not_picked":["Cleave","Seeing Red"],"picked":"Pummel","floor":10},{"not_picked":["Fiend Fire","Thunderclap"],"picked":"Double Tap","floor":12},{"not_picked":["Second Wind","True Grit"],"picked":"Pommel Strike","floor":13},{"not_picked":["Clash","Dual Wield","Cleave"],"picked":"SKIP","floor":14},{"not_picked":["Bludgeon","Fiend Fire"],"picked":"Reaper","floor":16},{"not_picked":["Rampage+1","Wild Strike"],"picked":"Flame Barrier","floor":18},{"not_picked":["Battle Trance","Pummel"],"picked":"Shrug It Off","floor":19},{"not_picked":["Limit Break","Flame Barrier"],"picked":"Intimidate","floor":23},{"not_picked":["Flex","Wild Strike"],"picked":"Body Slam","floor":25},{"not_picked":["Clash","Whirlwind","Warcry"],"picked":"SKIP","floor":29},{"not_picked":["Carnage","Corruption","Shockwave"],"picked":"SKIP","floor":31},{"not_picked":["Impervious","Offering"],"picked":"Berserk","floor":33},{"not_picked":["Spot Weakness+1","Sword Boomerang+1"],"picked":"Feed","floor":35},{"not_picked":["Heavy Blade","Perfected Strike+1","Entrench+1"],"picked":"SKIP","floor":36},{"not_picked":["Inflame+1","Headbutt+1"],"picked":"Anger","floor":37},{"not_picked":["Flex+1","Headbutt","Feel No Pain"],"picked":"SKIP","floor":39},{"not_picked":["Corruption","Thunderclap","Clothesline+1"],"picked":"SKIP","floor":40}],"player_experience":70434,"relics_obtained":[{"floor":9,"key":"Regal Pillow"},{"floor":12,"key":"Gremlin Horn"},{"floor":14,"key":"Ornamental Fan"},{"floor":23,"key":"MawBank"},{"floor":26,"key":"Omamori"}],"event_choices":[{"damage_healed":0,"gold_gain":0,"player_choice":"Entered Light","damage_taken":16,"max_hp_gain":0,"max_hp_loss":0,"event_name":"Shining Light","floor":11,"gold_loss":0,"cards_upgraded":["Pummel","Cleave"]},{"damage_healed":0,"gold_gain":0,"player_choice":"Shed Blood","damage_taken":20,"max_hp_gain":5,"max_hp_loss":0,"event_name":"Forgotten Altar","floor":21,"gold_loss":0},{"damage_healed":20,"gold_gain":0,"player_choice":"Full Heal","damage_taken":0,"max_hp_gain":0,"max_hp_loss":0,"event_name":"Wheel of Change","floor":22,"gold_loss":0},{"damage_healed":0,"gold_gain":0,"player_choice":"Traded Relic","damage_taken":0,"relics_obtained":["Nloth\u0027s Gift"],"max_hp_gain":0,"max_hp_loss":0,"event_name":"N\u0027loth","floor":28,"relics_lost":["Regal Pillow"],"gold_loss":0}],"is_beta":false,"boss_relics":[{"not_picked":["Cursed Key","Black Star"],"picked":"Black Blood"},{"not_picked":["Runic Pyramid","Busted Crown"],"picked":"Runic Cube"}],"items_purged_floors":[],"is_endless":false,"potions_floor_spawned":[2,5,10,12,14,16,18,25,33,35,40],"killed_by":"Nemesis","ascension_level":0}}