{"host":"kos1s9q8ffr8fqos","time":1607810735,"event":{"mods":["2.2 Compatiblity","AchievementEnabler","AlwaysNeverKeys","Astrologer","BaseMod","Bestiary","Better Altar","Better Match","Better Note","Better Sensory Stone","Better Skull","Better Third Choice","Better Vampires","Colored Map","Colored Powertips","Curses Come First","Hermit","Infinite Spire","Jorbs\u0027s Wanderer Trilogy","Minty Spire (QoL Compilation)","Quick Restart","Random Character Button","Relic Stats","Shop Mod","StSLib","The Blue Laboratory","The Disciple","The Hierophant"],"gold_per_floor":[114,189,201,255,255,255,218,218,218,198,224,224,238,247,247,367,367,388,388,121,121,113,113,105,105,132,149,222,268,268,336,336,498,548,598,598,676,750,750,782,782,785,863,863,1118,1118,1118,1268,1268,1040],"floor_reached":51,"playtime":4250,"items_purged":["hierophant:Strike_Hierophant"],"score":714,"play_id":"1f5b4bfb-5108-4372-ae96-dc9ee7d98ab3","local_time":"20201212160535","is_ascension_mode":true,"campfire_choices":[{"data":"hierophant:ChurchCoffers","floor":6,"key":"SMITH"},{"floor":8,"key":"REST"},{"data":"hierophant:Kindle","floor":15,"key":"SMITH"},{"floor":23,"key":"REST"},{"data":"Apotheosis","floor":25,"key":"SMITH"},{"data":"hierophant:CursedGold","floor":30,"key":"SMITH"},{"floor":32,"key":"REST"},{"floor":41,"key":"REST"},{"data":"hierophant:AuricForm","floor":47,"key":"SMITH"},{"floor":49,"key":"REST"}],"circlet_count":0,"master_deck":["hierophant:Strike_Hierophant","hierophant:Strike_Hierophant","hierophant:Strike_Hierophant","hierophant:Punish","hierophant:Defend_Hierophant","hierophant:Defend_Hierophant","hierophant:Defend_Hierophant","hierophant:ChurchCoffers+1","hierophant:Encroach","hierophant:OrnateBuckler","hierophant:Kindle+1","hierophant:Rebuild","hierophant:Doubloon","hierophant:Doubloon","hierophant:Charity","hierophant:OrnateJavelin","hierophant:Cornucopia","CurseOfTheBell","hierophant:Sermon+1","Madness+1","Apotheosis+1","infinitespire:Fortify","hierophant:Doubloon+1","hierophant:CursedGold+1","hierophant:Racketeering+1","hierophant:Doubloon","hierophant:ConvertCurrency","hierophant:Doubloon+1","hierophant:AuricForm+1","hierophant:Racketeering","hierophant:Doubloon","hierophant:Dazzle","hierophant:HammerAndAnvil+1","hierophant:SecretStash","hierophant:DisplayOfPower+1","hierophant:Doomsaying+1","hierophant:Invocation","hierophant:Embezzle+1"],"relics":["hierophant:PropheticMaskRelic","Dead Branch","InkBottle","Pantograph","Du-Vu Doll","Pen Nib","Bottled Lightning","MerchantsRug"],"acts_visited":["Exordium","TheCity","TheBeyond"],"potions_floor_usage":[16,18,18,24,31,33,37,38,42,50,50],"damage_taken":[{"damage":10,"enemies":"Jaw Worm","floor":1,"turns":4},{"damage":2,"enemies":"Small Slimes","floor":3,"turns":4},{"damage":0,"enemies":"Cultist","floor":5,"turns":4},{"damage":44,"enemies":"Lagavulin","floor":7,"turns":8},{"damage":0,"enemies":"2 Fungi Beasts","floor":10,"turns":2},{"damage":2,"enemies":"Large Slime","floor":11,"turns":8},{"damage":6,"enemies":"Blue Slaver","floor":13,"turns":4},{"damage":0,"enemies":"2 Fungi Beasts","floor":14,"turns":4},{"damage":38,"enemies":"Slime Boss","floor":16,"turns":9},{"damage":10,"enemies":"Spheric Guardian","floor":18,"turns":3},{"damage":8,"enemies":"2 Thieves","floor":22,"turns":4},{"damage":3,"enemies":"Book of Stabbing","floor":24,"turns":8},{"damage":14,"enemies":"Gremlin Leader","floor":27,"turns":6},{"damage":0,"enemies":"Sentry and Sphere","floor":28,"turns":3},{"damage":6,"enemies":"Book of Stabbing","floor":31,"turns":3},{"damage":33,"enemies":"Automaton","floor":33,"turns":12},{"damage":0,"enemies":"3 Darklings","floor":35,"turns":4},{"damage":0,"enemies":"3 Shapes","floor":37,"turns":5},{"damage":14,"enemies":"Spire Growth","floor":38,"turns":4},{"damage":3,"enemies":"Giant Head","floor":40,"turns":5},{"damage":5,"enemies":"3 Darklings","floor":42,"turns":2},{"damage":10,"enemies":"Sphere and 2 Shapes","floor":48,"turns":6},{"damage":10,"enemies":"Awakened One","floor":50,"turns":5}],"seed_played":"7414019732529611030","potions_obtained":[{"floor":1,"key":"blueLaboratory:StoneskinPotion"},{"floor":3,"key":"blueLaboratory:HeartbeatPotion"},{"floor":5,"key":"Strength Potion"},{"floor":11,"key":"infinitespire:BlackPotion"},{"floor":13,"key":"SkillPotion"},{"floor":18,"key":"blueLaboratory:EnragingPotion"},{"floor":24,"key":"Fruit Juice"},{"floor":27,"key":"Swift Potion"},{"floor":33,"key":"SpeedPotion"},{"floor":34,"key":"Weak Potion"},{"floor":35,"key":"blueLaboratory:BottledHope"},{"floor":37,"key":"ColorlessPotion"},{"floor":42,"key":"blueLaboratory:AbyssPotion"}],"is_trial":false,"path_per_floor":["M","?","M","T","M","R","E","R","T","M","M","?","M","M","R","B",null,"M","?","$","?","M","R","E","R","T","E","M","T","R","E","R","B",null,"M","?","M","M","?","E","R","M","T","?","$","?","R","M","R","B",null],"character_chosen":"HIEROPHANT","items_purchased":["Apotheosis","MerchantsRug"],"campfire_rested":5,"item_purchase_floors":[20,45],"current_hp_per_floor":[58,47,45,45,45,45,1,21,21,21,19,78,72,72,72,34,78,78,63,63,43,35,58,55,55,55,41,41,41,41,35,58,45,83,83,83,83,69,69,66,83,83,83,83,83,83,83,73,84,74],"gold":1040,"neow_bonus":"THREE_RARE_CARDS","is_daily":false,"chose_seed":false,"campfire_upgraded":5,"win_rate":0.0,"timestamp":1607810735,"path_taken":["M","?","M","?","M","R","E","R","T","M","M","?","?","M","R","BOSS","M","?","$","?","M","R","E","R","T","E","M","?","R","E","R","BOSS","M","?","M","M","?","E","R","M","T","?","$","?","R","M","R","BOSS"],"items_purchased_type":["Card","Relic"],"build_version":"2020-11-30","purchased_purges":1,"victory":true,"max_hp_per_floor":[68,68,68,68,68,68,68,68,68,68,68,78,78,78,78,78,78,78,78,78,78,78,78,78,78,78,78,78,78,78,78,78,78,83,83,83,83,83,83,83,83,88,88,88,88,84,84,84,84,84],"relic_stats":{"counters":[23,117],"Dead Branch":[201],"Pantograph":20,"Pen Nib":[6],"obtain_stats":[{"Potion Belt":4,"MerchantsRug":45,"Tiny House":34,"hierophant:PropheticMaskRelic":0,"Dead Branch":7,"Pen Nib":26,"Juzu Bracelet":17,"infinitespire:CheckeredPen":31,"Orichalcum":24,"Bottled Tornado":27,"Mercury Hourglass":43,"Calling Bell":17,"Du-Vu Doll":17,"Dream Catcher":29,"Pantograph":17,"Bottled Lightning":40,"InkBottle":9},{"Potion Belt":2,"MerchantsRug":21,"Tiny House":16,"hierophant:PropheticMaskRelic":0,"Dead Branch":4,"Pen Nib":12,"Juzu Bracelet":9,"infinitespire:CheckeredPen":15,"Orichalcum":12,"Bottled Tornado":13,"Mercury Hourglass":21,"Calling Bell":9,"Du-Vu Doll":9,"Dream Catcher":14,"Pantograph":9,"Bottled Lightning":20,"InkBottle":4},{"Potion Belt":8,"MerchantsRug":106,"Tiny House":86,"hierophant:PropheticMaskRelic":0,"Dead Branch":20,"Pen Nib":62,"Juzu Bracelet":47,"infinitespire:CheckeredPen":74,"Orichalcum":62,"Bottled Tornado":68,"Mercury Hourglass":106,"Calling Bell":47,"Du-Vu Doll":47,"Dream Catcher":71,"Pantograph":47,"Bottled Lightning":104,"InkBottle":20}],"InkBottle":[50]},"card_choices":[{"not_picked":["hierophant:MintersHammer","hierophant:Anathema"],"picked":"hierophant:WrathOfGod","floor":0},{"not_picked":["hierophant:HolyVerse","hierophant:Sermon"],"picked":"hierophant:Encroach","floor":1},{"not_picked":["hierophant:RepressedViolence","hierophant:Purify"],"picked":"hierophant:OrnateBuckler","floor":3},{"not_picked":["hierophant:Bribe","hierophant:HolyVerse"],"picked":"hierophant:Kindle","floor":5},{"not_picked":["hierophant:RecallFunds","hierophant:AuricBeam"],"picked":"hierophant:Rebuild","floor":7},{"not_picked":["hierophant:AuricForm","hierophant:RustyCrate"],"picked":"hierophant:Doubloon","floor":10},{"not_picked":["hierophant:ThreeLashes","hierophant:Smite","hierophant:Repentance"],"picked":"SKIP","floor":11},{"not_picked":["hierophant:Encroach","hierophant:PristineSoul"],"picked":"hierophant:Charity","floor":13},{"not_picked":["hierophant:Chorus","hierophant:HammerAndAnvil"],"picked":"hierophant:OrnateJavelin","floor":14},{"not_picked":["hierophant:WrathOfGod","hierophant:Anathema"],"picked":"hierophant:Cornucopia","floor":16},{"not_picked":["hierophant:MirrorShield","hierophant:Doubloon"],"picked":"hierophant:Sermon+1","floor":18},{"not_picked":["infinitespire:Punishment","infinitespire:Menacing"],"picked":"infinitespire:Fortify","floor":21},{"not_picked":["hierophant:PassingBell+1","hierophant:Mercenaries"],"picked":"hierophant:CursedGold","floor":22},{"not_picked":["hierophant:Shelter","hierophant:AuricShield"],"picked":"hierophant:Racketeering+1","floor":24},{"not_picked":["hierophant:Encroach","hierophant:Shelter"],"picked":"hierophant:ConvertCurrency","floor":27},{"not_picked":["hierophant:AuricShield","hierophant:Glossolalia+1","hierophant:Empathy"],"picked":"SKIP","floor":28},{"not_picked":["hierophant:HolyVerse","hierophant:RepressedViolence"],"picked":"hierophant:Doubloon+1","floor":31},{"not_picked":["hierophant:Cornucopia","hierophant:LocustPlague"],"picked":"hierophant:AuricForm","floor":33},{"not_picked":["hierophant:ThreeLashes","hierophant:TollTheBells"],"picked":"hierophant:Racketeering","floor":34},{"not_picked":["hierophant:MintersHammer","hierophant:Purify"],"picked":"hierophant:Dazzle","floor":35},{"not_picked":["hierophant:MorningPrayer","hierophant:PassingBell+1","hierophant:DisplayOfPower+1"],"picked":"SKIP","floor":37},{"not_picked":["hierophant:Doubloon","hierophant:OrnateBuckler"],"picked":"hierophant:HammerAndAnvil+1","floor":38},{"not_picked":["hierophant:MorningPrayer+1","hierophant:Remorse"],"picked":"hierophant:DisplayOfPower+1","floor":40},{"not_picked":["hierophant:HolyVerse+1","hierophant:OrnateBuckler"],"picked":"hierophant:Doomsaying+1","floor":41},{"not_picked":["hierophant:Upheaval","hierophant:PristineSoul+1"],"picked":"hierophant:Invocation","floor":42},{"not_picked":["hierophant:ThreeLashes+1","hierophant:ArchangelShield"],"picked":"hierophant:Embezzle+1","floor":48}],"player_experience":1210801,"relics_obtained":[{"floor":4,"key":"Potion Belt"},{"floor":7,"key":"Dead Branch"},{"floor":9,"key":"InkBottle"},{"floor":17,"key":"Juzu Bracelet"},{"floor":17,"key":"Pantograph"},{"floor":17,"key":"Du-Vu Doll"},{"floor":24,"key":"Orichalcum"},{"floor":26,"key":"Pen Nib"},{"floor":27,"key":"Bottled Tornado"},{"floor":29,"key":"Dream Catcher"},{"floor":31,"key":"infinitespire:CheckeredPen"},{"floor":40,"key":"Bottled Lightning"},{"floor":43,"key":"Mercury Hourglass"}],"event_choices":[{"damage_healed":0,"gold_gain":75,"player_choice":"Gold","damage_taken":11,"max_hp_gain":0,"max_hp_loss":0,"event_name":"betterThird:BetterGoop","floor":2,"gold_loss":0},{"cards_removed":["hierophant:WrathOfGod"],"damage_healed":49,"gold_gain":0,"player_choice":"Offered Rare","damage_taken":0,"max_hp_gain":10,"max_hp_loss":0,"event_name":"Bonfire Elementals","floor":12,"gold_loss":0},{"damage_healed":0,"gold_gain":2,"player_choice":"2","damage_taken":0,"max_hp_gain":0,"max_hp_loss":15,"event_name":"betterStone:BetterStone","floor":19,"gold_loss":0},{"damage_healed":0,"gold_gain":0,"cards_transformed":["hierophant:Defend_Hierophant"],"player_choice":"Transformed","damage_taken":0,"max_hp_gain":0,"max_hp_loss":0,"event_name":"Transmorgrifier","floor":39,"gold_loss":0,"cards_obtained":["hierophant:SecretStash"]},{"damage_healed":0,"gold_gain":0,"player_choice":"Ignored","damage_taken":0,"max_hp_gain":0,"max_hp_loss":0,"event_name":"Tomb of Lord Red Mask","floor":44,"gold_loss":0},{"damage_healed":0,"gold_gain":0,"player_choice":"Max HP","damage_taken":0,"max_hp_gain":0,"max_hp_loss":4,"event_name":"Winding Halls","floor":46,"gold_loss":0}],"is_beta":false,"boss_relics":[{"not_picked":["Runic Pyramid","infinitespire:Cupcake"],"picked":"Calling Bell"},{"not_picked":["Coffee Dripper","Velvet Choker"],"picked":"Tiny House"}],"items_purged_floors":[20],"is_endless":false,"potions_floor_spawned":[1,3,5,11,13,14,18,24,27,33,35,37,42],"ascension_level":1}}