{"host":"0cnf9zf1gia27zti","time":1607737188,"event":{"mods":["BaseMod","BetterRewards","Card Forge","Colored Map","Colored Powertips","Conspire","Downfall","Minty Spire (QoL Compilation)","Quick Restart","Replay The Spire","Shade Mod","Spicy Shops","StSLib"],"gold_per_floor":[111,124,124,88,106,106,106,106,130,141,18,18,35,54,54,159,159,145,145,145,145,164,164,184,210,210,24,24,24,51,61,61,61,61],"floor_reached":33,"playtime":2299,"items_purged":["Strike_B"],"score":606,"play_id":"9bd74412-e986-419a-91c0-cd00091908af","local_time":"20201212013948","is_ascension_mode":true,"campfire_choices":[{"floor":6,"key":"REST"},{"floor":8,"key":"REST"},{"data":"Strike_B","floor":15,"key":"PURGE"},{"floor":23,"key":"REST"},{"floor":29,"key":"REST"},{"floor":32,"key":"REST"}],"circlet_count":0,"master_deck":["AscendersBane","Strike_B","Strike_B","Defend_B","Defend_B+1","Defend_B","Defend_B","Zap","Dualcast","Gash","Cold Snap","Beam Cell","Sweeping Beam","Loop","Crystallizer","Echo Form+1","Gash","Barrage","Cold Snap","Cold Snap","Double Energy","FTL","Echo Form","Gash","Reboot","Rainbow","Core Surge","Gash","Redo+1","Crystallizer","Reinforced Body","Conserve Battery"],"relics":["FrozenCore","Hammer of Thor","Seething Fire","Membership Card","Kunai","Divine Protection","Anchor","ReplayFunnel","Replay:Arrowhead","Orrery","Tiny Chest","Question Card","Onion Ring","Nloth\u0027s Gift","Omamori","Happy Flower","Toolbox","War Paint"],"acts_visited":["Exordium","TheCity"],"potions_floor_usage":[14,14,16,22,24,25,30],"damage_taken":[{"damage":0,"enemies":"Jaw Worm","floor":1,"turns":3},{"damage":0,"enemies":"2 Louse","floor":2,"turns":2},{"damage":0,"enemies":"Cultist","floor":5,"turns":4},{"damage":4,"enemies":"Large Slime","floor":10,"turns":5},{"damage":0,"enemies":"Exordium Wildlife","floor":13,"turns":3},{"damage":0,"enemies":"Looter","floor":14,"turns":3},{"damage":42,"enemies":"Hexaghost","floor":16,"turns":10},{"damage":20,"enemies":"2 Thieves","floor":18,"turns":4},{"damage":9,"enemies":"Spheric Guardian","floor":22,"turns":6},{"damage":33,"enemies":"Snecko","floor":24,"turns":7},{"damage":19,"enemies":"Gremlin Leader","floor":25,"turns":9},{"damage":19,"enemies":"Book of Stabbing","floor":30,"turns":6},{"damage":0,"enemies":"Cultist and Chosen","floor":31,"turns":6},{"damage":32,"enemies":"Pondfish","floor":33,"turns":7}],"seed_played":"-8847716445604674805","potions_obtained":[{"floor":1,"key":"Weak Potion"},{"floor":13,"key":"LifebloodPotion"},{"floor":14,"key":"SpeedPotion"},{"floor":18,"key":"Adrenaline Potion"},{"floor":22,"key":"SkillPotion"},{"floor":24,"key":"LiquidMemories"}],"is_trial":false,"path_per_floor":["M","M","?","$","M","R","?","R","T","M","$","?","M","M","R_BF","B",null,"M","?","T","?","M","R","M","E","T","$","?","R","E","M","R","B"],"character_chosen":"DEFECT","items_purchased":["Membership Card","Kunai","Divine Protection","Gash","Cold Snap","Anchor","ReplayFunnel","Replay:Arrowhead","Orrery","Question Card","Gash","Toolbox","Redo","Crystallizer","FocusPotion"],"campfire_rested":5,"item_purchase_floors":[0,0,0,0,0,0,0,0,4,11,27,27,27,27,27],"current_hp_per_floor":[27,27,27,27,27,49,49,71,71,67,67,67,67,67,67,25,63,43,43,43,43,34,56,23,4,4,4,4,26,7,7,29,0,0],"gold":61,"neow_bonus":"","is_daily":false,"chose_seed":false,"campfire_upgraded":0,"win_rate":0.0,"timestamp":1607737188,"path_taken":["M","M","?","$","M","R","?","R","T","?","$","?","M","M","R_BF","BOSS","M","?","?","?","?","R","M","E","T","$","?","R","E","M","R","BOSS"],"items_purchased_type":["Relic","Relic","Relic","Card","Card","Relic","Relic","Relic","Relic","Relic","Card","Relic","Card","Card","Potion"],"build_version":"2020-11-30","purchased_purges":1,"victory":false,"max_hp_per_floor":[75,75,75,75,75,75,75,75,75,75,75,75,75,75,75,75,75,75,75,75,75,75,75,75,75,75,75,75,75,75,75,75,75,75],"card_choices":[{"not_picked":["Doom and Gloom","Conserve Battery"],"picked":"Beam Cell","floor":1},{"not_picked":["Coolheaded","Go for the Eyes"],"picked":"Sweeping Beam","floor":2},{"not_picked":["Conserve Battery","Steam"],"picked":"Loop","floor":4},{"not_picked":["Chaos","Go for the Eyes"],"picked":"Crystallizer","floor":4},{"not_picked":["Compile Driver","Reboot"],"picked":"Echo Form","floor":4},{"not_picked":["Go for the Eyes","Redo"],"picked":"Gash","floor":4},{"not_picked":["Undo","ReplayTheSpireMod:GoodbyeWorld"],"picked":"Barrage","floor":4},{"not_picked":["BasicCrystalCard","conspire:Rain"],"picked":"Cold Snap","floor":5},{"not_picked":["Time Bomb","Coolheaded"],"picked":"Cold Snap","floor":10},{"not_picked":["Steam","Go for the Eyes","Conserve Battery"],"picked":"Double Energy","floor":13},{"not_picked":["Storm","ReplayTheSpireMod:Dual Polarity","ReplayTheSpireMod:Repulse"],"picked":"FTL","floor":14},{"not_picked":["Creative AI","All For One","ReplayTheSpireMod:Fabricate Wheel"],"picked":"Echo Form","floor":16},{"not_picked":["Compile Driver+1","conspire:SharedLibrary","Steam Power+1"],"picked":"Gash","floor":18},{"not_picked":["Static Discharge","Conserve Battery","Stack"],"picked":"Reboot","floor":22},{"not_picked":["Streamline+1","Sweeping Beam","Hologram+1"],"picked":"Rainbow","floor":24},{"not_picked":["Stack","Creative AI","Beam Cell"],"picked":"Core Surge","floor":25},{"not_picked":["Panic Button+1","Melter","Turbo"],"picked":"Reinforced Body","floor":30},{"not_picked":["ReplayTheSpireMod:Repulse","White Noise","Steam"],"picked":"Conserve Battery","floor":31}],"player_experience":1922150,"relics_obtained":[{"floor":9,"key":"Tiny Chest"},{"floor":20,"key":"Onion Ring"},{"floor":25,"key":"Omamori"},{"floor":26,"key":"Happy Flower"},{"floor":30,"key":"War Paint"}],"event_choices":[{"damage_healed":0,"gold_gain":0,"player_choice":"Leave","damage_taken":0,"max_hp_gain":0,"max_hp_loss":0,"event_name":"conspire:Investor","floor":3,"gold_loss":0},{"damage_healed":0,"gold_gain":0,"player_choice":"Forge","damage_taken":0,"max_hp_gain":0,"max_hp_loss":0,"event_name":"Accursed Blacksmith","floor":7,"gold_loss":0,"cards_upgraded":["Echo Form"]},{"damage_healed":0,"gold_gain":0,"player_choice":"Disagree","damage_taken":0,"max_hp_gain":0,"max_hp_loss":0,"event_name":"conspire:LoneGhost","floor":12,"gold_loss":0},{"damage_healed":0,"gold_gain":0,"player_choice":"Ignored","damage_taken":0,"max_hp_gain":0,"max_hp_loss":0,"event_name":"Vampires","floor":19,"gold_loss":0},{"damage_healed":0,"gold_gain":0,"player_choice":"Traded Relic","damage_taken":0,"relics_obtained":["Nloth\u0027s Gift"],"max_hp_gain":0,"max_hp_loss":0,"event_name":"N\u0027loth","floor":21,"relics_lost":["Anvil of the Gods"],"gold_loss":0}],"is_beta":false,"boss_relics":[{"not_picked":["Ring of Chaos","Sozu"],"picked":"FrozenCore"}],"items_purged_floors":[27],"is_endless":false,"potions_floor_spawned":[1,13,14,18,22,24],"killed_by":"Pondfish","ascension_level":11}}