{"host":"tgr1xoidyjfo4u0n","time":1607760859,"event":{"mods":["Act Like it!","BaseMod","Colored Powertips","GifTheSpireLib","Highlight Path","Minty Spire (QoL Compilation)","StSLib"],"gold_per_floor":[116,134,153,165,184,184,213,213,213,225,256,268,295,115,115,212,212,212,227,142,142,142],"floor_reached":21,"playtime":928,"items_purged":["Strike_B"],"score":192,"play_id":"f387f0e0-5ccd-407f-bc75-640ddd7f201b","local_time":"20201212161419","is_ascension_mode":true,"campfire_choices":[{"data":"Zap","floor":6.0,"key":"SMITH"},{"data":"Chaos","floor":8.0,"key":"SMITH"},{"data":"Seek","floor":12.0,"key":"SMITH"},{"data":"Heatsinks","floor":15.0,"key":"SMITH"}],"circlet_count":0,"master_deck":["Strike_B","Strike_B","Strike_B","Defend_B","Defend_B","Defend_B","Defend_B","Zap+1","Dualcast","Seek+1","BootSequence","Melter","Steam","Skim","Chaos+1","Turbo","Coolheaded","Heatsinks+1","White Noise","Machine Learning","Heatsinks+1"],"relics":["Cracked Core","Matryoshka","MawBank","Strawberry","Shuriken","Nuclear Battery","Omamori"],"acts_visited":["Exordium","TheCity"],"potions_floor_usage":[18],"damage_taken":[{"damage":1.0,"enemies":"Cultist","floor":1.0,"turns":3.0},{"damage":1.0,"enemies":"Jaw Worm","floor":2.0,"turns":3.0},{"damage":0.0,"enemies":"Small Slimes","floor":3.0,"turns":3.0},{"damage":3.0,"enemies":"2 Fungi Beasts","floor":4.0,"turns":3.0},{"damage":2.0,"enemies":"Blue Slaver","floor":5.0,"turns":3.0},{"damage":32.0,"enemies":"Gremlin Nob","floor":7.0,"turns":4.0},{"damage":2.0,"enemies":"Red Slaver","floor":11.0,"turns":4.0},{"damage":0.0,"enemies":"Looter","floor":13.0,"turns":3.0},{"damage":16.0,"enemies":"Hexaghost","floor":16.0,"turns":9.0},{"damage":0,"enemies":"2 Thieves","floor":18,"turns":1},{"damage":0,"enemies":"Shell Parasite","floor":19,"turns":4},{"damage":33,"enemies":"Snake Plant","floor":21,"turns":6}],"seed_played":"-7942430845502714062","potions_obtained":[{"floor":3.0,"key":"Swift Potion"},{"floor":5.0,"key":"SteroidPotion"},{"floor":7.0,"key":"Ancient Potion"},{"floor":11.0,"key":"Ancient Potion"},{"floor":16.0,"key":"SmokeBomb"}],"is_trial":false,"path_per_floor":["M","M","M","M","M","R","E","R","T","?","M","R","M","$","R","B",null,"M","M","?","M"],"character_chosen":"DEFECT","items_purchased":["Heatsinks","White Noise"],"campfire_rested":0,"item_purchase_floors":[14,14],"current_hp_per_floor":[67,66,66,63,61,61,29,29,36,36,34,34,34,34,34,18,75,75,75,75,42,42],"gold":142,"neow_bonus":"THREE_RARE_CARDS","is_daily":false,"chose_seed":false,"campfire_upgraded":4,"win_rate":0.0,"timestamp":1607760859,"path_taken":["M","M","M","?","M","R","E","R","T","?","M","R","M","$","R","BOSS","M","M","?","M"],"items_purchased_type":["Card","Card"],"build_version":"2020-11-30","purchased_purges":1,"victory":false,"max_hp_per_floor":[68,68,68,68,68,68,68,68,75,75,75,75,75,75,75,75,75,75,75,75,75,75],"card_choices":[{"not_picked":["Meteor Strike","Hyperbeam"],"picked":"Seek","floor":0.0},{"not_picked":["Rebound","Compile Driver"],"picked":"BootSequence","floor":1.0},{"not_picked":["Fusion","Streamline"],"picked":"Melter","floor":2.0},{"not_picked":["Beam Cell","Sweeping Beam","Cold Snap"],"picked":"SKIP","floor":3.0},{"not_picked":["Turbo","Hyperbeam"],"picked":"Steam","floor":4.0},{"not_picked":["Rebound","Go for the Eyes"],"picked":"Skim","floor":5.0},{"not_picked":["Cold Snap","BootSequence"],"picked":"Chaos","floor":7.0},{"not_picked":["Cold Snap","Sweeping Beam"],"picked":"Turbo","floor":11.0},{"not_picked":["Fusion","Turbo"],"picked":"Coolheaded","floor":13.0},{"not_picked":["Biased Cognition","Amplify"],"picked":"Machine Learning","floor":16.0},{"not_picked":["Beam Cell","Chaos"],"picked":"Heatsinks+1","floor":19}],"player_experience":298282,"relics_obtained":[{"floor":7.0,"key":"Matryoshka"},{"floor":9.0,"key":"MawBank"},{"floor":9.0,"key":"Strawberry"}],"event_choices":[{"damage_healed":0.0,"max_hp_gain":0.0,"max_hp_loss":0.0,"gold_gain":0.0,"event_name":"Dead Adventurer","player_choice":"Searched \u00271\u0027 times","floor":10.0,"gold_loss":0.0,"damage_taken":0.0,"relics_obtained":["Shuriken"]},{"damage_healed":0,"gold_gain":0,"player_choice":"Obtained Relic","damage_taken":0,"relics_obtained":["Omamori"],"max_hp_gain":0,"max_hp_loss":0,"event_name":"Addict","floor":20,"gold_loss":85}],"is_beta":false,"boss_relics":[{"not_picked":["Inserter","Coffee Dripper"],"picked":"Nuclear Battery"}],"items_purged_floors":[14],"is_endless":false,"potions_floor_spawned":[3,5,7,11,16],"killed_by":"Snake Plant","ascension_level":1}}