{"host":"z6c1sol8rulx2ubz","time":1607780872,"event":{"mods":["AchievementEnabler","Act Like it!","BaseMod","Better Note","Better Third Choice","Downfall","Elementarium","Gold Saver","Hallownest","Hermit","Hubris","Infinite Spire","Jorbs\u0027s Wanderer Trilogy","Minty Spire (QoL Compilation)","Potionbrewer","Quick Restart","Rare Cards Sparkle","Reorder Act Four","StSLib","The Animator","The Bug Knight","The Cursed","The Necromancer","Wandering Minibosses"],"gold_per_floor":[1613,1613,1589,1589,1603,1636,1647,1680,1680,1695,1695,1729,1746,1763,1763,1870,1870,1891,1891,1891,1891,1916,1926,1926],"floor_reached":23,"playtime":1851,"items_purged":[],"score":273,"play_id":"38255cd2-82fb-4a5c-89c9-520e396a254f","local_time":"20201212134752","is_ascension_mode":true,"campfire_choices":[{"floor":11.0,"key":"REST"},{"floor":15.0,"key":"RECALL"}],"circlet_count":0,"master_deck":["potionbrewer:PotionbrewerStrike","potionbrewer:PotionbrewerStrike","potionbrewer:PotionbrewerStrike","potionbrewer:PotionbrewerDefend","potionbrewer:PotionbrewerDefend","potionbrewer:PotionbrewerDefend","potionbrewer:PotionbrewerDefend","potionbrewer:Collect","potionbrewer:ChemicalSpill","potionbrewer:DigDeep","potionbrewer:PortableLab","potionbrewer:FuelCell","potionbrewer:ChemicalWeapons","potionbrewer:Shovel","potionbrewer:Prototype","potionbrewer:Prototype","potionbrewer:HazardousWaste+1","potionbrewer:Prototype","potionbrewer:RefinedProcess","potionbrewer:Prototype","infinitespire:Gouge","infinitespire:SevenWalls","potionbrewer:ChoosePotion"],"relics":["potionbrewer:PotionKit","NeowsBlessing","betterThird:SlimedRelic","Akabeko","Blue Candle","Potion Belt","hubris:ScarierMask","Sundial"],"acts_visited":["Exordium","TheCity"],"potions_floor_usage":[18,22,23,23,23],"damage_taken":[{"damage":0.0,"enemies":"2 Louse","floor":1.0,"turns":1.0},{"damage":0.0,"enemies":"Small Slimes","floor":5.0,"turns":2.0},{"damage":0.0,"enemies":"3 Sentries","floor":6.0,"turns":2.0},{"damage":0.0,"enemies":"Cultist","floor":7.0,"turns":4.0},{"damage":39.0,"enemies":"Lagavulin","floor":8.0,"turns":11.0},{"damage":0.0,"enemies":"2 Fungi Beasts","floor":10.0,"turns":3.0},{"damage":13.0,"enemies":"HollowMod:MossKnight","floor":12.0,"turns":16.0},{"damage":0.0,"enemies":"Looter","floor":13.0,"turns":4.0},{"damage":0.0,"enemies":"Large Slime","floor":14.0,"turns":5.0},{"damage":32.0,"enemies":"Hexaghost","floor":16.0,"turns":12.0},{"damage":22,"enemies":"Spheric Guardian","floor":18,"turns":6},{"damage":0,"enemies":"Shell Parasite","floor":22,"turns":3},{"damage":44,"enemies":"Gremlin Leader","floor":23,"turns":10}],"seed_played":"-141023928097409904","potions_obtained":[{"floor":1.0,"key":"potionbrewer:BarricadePotion"},{"floor":6.0,"key":"SteroidPotion"},{"floor":12.0,"key":"ColorlessPotion"},{"floor":13.0,"key":"SneckoOil"},{"floor":16.0,"key":"EssenceOfSteel"},{"floor":18,"key":"potionbrewer:DiscountPotion"}],"is_trial":false,"path_per_floor":["M","?","?","?","M","E","M","E","T","M","R","E","M","M","R","B",null,"M","?","?","AVR","M","E"],"character_chosen":"POTIONBREWER","items_purchased":[],"campfire_rested":1,"item_purchase_floors":[],"current_hp_per_floor":[75,68,57,75,75,75,75,36,36,36,58,45,45,45,45,13,75,53,53,35,35,35,0,0],"gold":1926,"neow_bonus":"THREE_ENEMY_KILL","is_daily":false,"chose_seed":false,"campfire_upgraded":0,"win_rate":0.0,"timestamp":1607780872,"path_taken":["M","?","?","?","M","E","M","E","T","?","R","E","M","M","R","BOSS","M","?","?","AVR","M","E"],"items_purchased_type":[],"build_version":"2020-11-30","purchased_purges":0,"victory":false,"max_hp_per_floor":[75,75,75,75,75,75,75,75,75,75,75,75,75,75,75,75,75,75,75,75,75,75,75,75],"card_choices":[{"not_picked":["potionbrewer:BlindingSpray","potionbrewer:Smokescreen"],"picked":"potionbrewer:DigDeep","floor":1.0},{"not_picked":["potionbrewer:Smokescreen","potionbrewer:Contingency"],"picked":"potionbrewer:PortableLab","floor":5.0},{"not_picked":["potionbrewer:ChemicalShroud","potionbrewer:Biohazard"],"picked":"potionbrewer:FuelCell","floor":6.0},{"not_picked":["potionbrewer:Accelerant","potionbrewer:FuelCell"],"picked":"potionbrewer:ChemicalWeapons","floor":7.0},{"not_picked":["potionbrewer:CausticBarrier","potionbrewer:LeftoverSpecimen","potionbrewer:Prototype"],"picked":"potionbrewer:Shovel","floor":8.0},{"not_picked":["potionbrewer:TestFormula","potionbrewer:ChokingPowder","potionbrewer:ChemicalWeapons"],"picked":"potionbrewer:Prototype","floor":10.0},{"not_picked":["potionbrewer:Refill","potionbrewer:FlashPowder","potionbrewer:Contingency"],"picked":"potionbrewer:Prototype","floor":12.0},{"not_picked":["potionbrewer:Smokescreen","potionbrewer:TimeBomb"],"picked":"potionbrewer:HazardousWaste","floor":13.0},{"not_picked":["potionbrewer:CausticBarrier","potionbrewer:FlashPowder","potionbrewer:ChainReaction"],"picked":"potionbrewer:Prototype","floor":14.0},{"not_picked":["potionbrewer:TheFinalStraw","potionbrewer:PotentialEnergy","potionbrewer:Prototype"],"picked":"potionbrewer:RefinedProcess","floor":16.0},{"not_picked":["potionbrewer:UnstableFormula","potionbrewer:HazardousMaterials","potionbrewer:Shovel"],"picked":"potionbrewer:Prototype","floor":18},{"not_picked":["infinitespire:Menacing","infinitespire:Execution"],"picked":"infinitespire:Gouge","floor":20},{"not_picked":["potionbrewer:LeftoverSpecimen","potionbrewer:Refill+1"],"picked":"potionbrewer:BottomlessFlask","floor":22}],"player_experience":218730,"relics_obtained":[{"floor":6.0,"key":"Akabeko"},{"floor":8.0,"key":"Blue Candle"},{"floor":12.0,"key":"Potion Belt"}],"event_choices":[{"cards_removed":["potionbrewer:PotionbrewerStrike"],"damage_healed":0.0,"max_hp_gain":0.0,"max_hp_loss":0.0,"gold_gain":0.0,"event_name":"Golden Wing","player_choice":"Card Removal","floor":2.0,"gold_loss":0.0,"damage_taken":7.0},{"damage_healed":0.0,"max_hp_gain":0.0,"max_hp_loss":0.0,"gold_gain":0.0,"event_name":"betterThird:BetterGoop","player_choice":"Slimed","floor":3.0,"gold_loss":24.0,"damage_taken":11.0},{"damage_healed":18.0,"max_hp_gain":0.0,"max_hp_loss":0.0,"gold_gain":0.0,"event_name":"Wheel of Change","player_choice":"Full Heal","floor":4.0,"gold_loss":0.0,"damage_taken":0.0}],"is_beta":false,"boss_relics":[{"not_picked":["hubris:Stopwatch","Tiny House"],"picked":"hubris:ScarierMask"}],"items_purged_floors":[],"is_endless":false,"potions_floor_spawned":[1,6,12,13,16,18],"killed_by":"Gremlin Leader","ascension_level":1}}