{"host":"mvlqq966zh3ccmv5","time":1607793759,"event":{"mods":["AchievementEnabler","BaseMod","DeckTracker","Minty Spire (QoL Compilation)","SuperFastMode"],"gold_per_floor":[112,34,45,57,69,97,97,59,59,70,70,80,140,140,140,237,237,252,266,277,289,60,88,104,119,119,139,139,172,172,172,172,273,273,288,303,314,161,177,205,224,224,224,224,224,69,419,419,419,419,419],"floor_reached":50,"playtime":1487,"items_purged":[],"score":716,"play_id":"184be1f0-e2dc-434c-ad4f-dac4e6915dc1","local_time":"20201213022239","is_ascension_mode":false,"campfire_choices":[{"data":"Defragment","floor":7.0,"key":"SMITH"},{"data":"Defragment","floor":11.0,"key":"SMITH"},{"data":"Chaos","floor":15.0,"key":"SMITH"},{"data":"Amplify","floor":30.0,"key":"SMITH"},{"data":"Fusion","floor":32.0,"key":"SMITH"},{"data":"White Noise","floor":42.0,"key":"SMITH"},{"data":"Buffer","floor":44.0,"key":"SMITH"},{"data":"Zap","floor":49.0,"key":"SMITH"}],"circlet_count":0,"master_deck":["Strike_B","Strike_B","Strike_B+1","Defend_B","Defend_B","Defend_B","Zap+1","Dualcast","White Noise+1","Force Field","Chaos+1","Defragment+1","Self Repair","Hello World+1","Compile Driver","Buffer+1","Defragment+1","Echo Form","Force Field","Loop+1","Amplify+1","Steam Power","Defragment+1","Capacitor+1","Capacitor+1","Storm+1","Static Discharge+1","Chaos+1","Writhe","Biased Cognition+1","Fusion+1","Creative AI+1","Heatsinks+1","Chaos+1","Storm+1","Redo+1","Defragment+1","Double Energy","Madness"],"relics":["Cracked Core","MealTicket","InkBottle","Frozen Egg 2","Nuclear Battery","DataDisk","Orichalcum","WingedGreaves","Thread and Needle","Oddly Smooth Stone","Sozu","Happy Flower","Strawberry","Orrery","Old Coin"],"acts_visited":["Exordium","TheCity","TheBeyond"],"potions_floor_usage":[],"damage_taken":[{"damage":2.0,"enemies":"2 Louse","floor":1.0,"turns":3.0},{"damage":6.0,"enemies":"Small Slimes","floor":3.0,"turns":4.0},{"damage":1.0,"enemies":"Jaw Worm","floor":4.0,"turns":4.0},{"damage":19.0,"enemies":"Looter","floor":5.0,"turns":4.0},{"damage":9.0,"enemies":"Lagavulin","floor":6.0,"turns":5.0},{"damage":7.0,"enemies":"Blue Slaver","floor":10.0,"turns":5.0},{"damage":0.0,"enemies":"Exordium Wildlife","floor":12.0,"turns":3.0},{"damage":9.0,"enemies":"3 Sentries","floor":13.0,"turns":5.0},{"damage":0.0,"enemies":"The Guardian","floor":16.0,"turns":9.0},{"damage":7.0,"enemies":"Chosen","floor":18.0,"turns":5.0},{"damage":6.0,"enemies":"Shell Parasite","floor":19.0,"turns":4.0},{"damage":25.0,"enemies":"Centurion and Healer","floor":20.0,"turns":5.0},{"damage":7.0,"enemies":"Sentry and Sphere","floor":21.0,"turns":4.0},{"damage":7.0,"enemies":"Book of Stabbing","floor":23.0,"turns":4.0},{"damage":5.0,"enemies":"Snecko","floor":24.0,"turns":3.0},{"damage":0.0,"enemies":"Centurion and Healer","floor":25.0,"turns":3.0},{"damage":6.0,"enemies":"3 Cultists","floor":27.0,"turns":4.0},{"damage":19.0,"enemies":"Gremlin Leader","floor":29.0,"turns":4.0},{"damage":0.0,"enemies":"Champ","floor":33.0,"turns":5.0},{"damage":0.0,"enemies":"3 Shapes","floor":35.0,"turns":4.0},{"damage":0.0,"enemies":"Orb Walker","floor":36.0,"turns":2.0},{"damage":0.0,"enemies":"Transient","floor":37.0,"turns":5.0},{"damage":15.0,"enemies":"3 Darklings","floor":39.0,"turns":3.0},{"damage":0.0,"enemies":"Giant Head","floor":40.0,"turns":5.0},{"damage":23.0,"enemies":"Jaw Worm Horde","floor":41.0,"turns":3.0},{"damage":0.0,"enemies":"Mind Bloom Boss Battle","floor":47.0,"turns":4.0},{"damage":0,"enemies":"Awakened One","floor":50,"turns":1}],"seed_played":"-4075965372692762802","potions_obtained":[{"floor":3.0,"key":"Explosive Potion"},{"floor":4.0,"key":"EntropicBrew"},{"floor":6.0,"key":"BlessingOfTheForge"},{"floor":13.0,"key":"Strength Potion"},{"floor":19.0,"key":"CultistPotion"},{"floor":27.0,"key":"Dexterity Potion"},{"floor":29.0,"key":"Block Potion"}],"is_trial":false,"path_per_floor":["M","$","M","M","M","E","R","$","T","M","R","M","?","?","R","B",null,"M","M","M","M","$","E","M","M","T","M","?","E","R","?","R","B",null,"M","M","M","$","M","E","M","R","T","R","?","$","?","?","R","B"],"character_chosen":"DEFECT","items_purchased":["Defragment","Defragment","DataDisk","Storm+1","Happy Flower","Orrery"],"campfire_rested":0,"item_purchase_floors":[2,8,22,22,38,46],"current_hp_per_floor":[66,66,60,66,54,52,52,67,67,67,67,67,65,51,51,58,68,68,68,50,50,65,65,67,67,67,68,68,56,56,56,56,63,68,68,68,68,68,53,67,51,51,51,51,51,66,66,56,56,56,56],"gold":419,"neow_bonus":"TRANSFORM_TWO_CARDS","is_daily":false,"chose_seed":false,"campfire_upgraded":8,"win_rate":0.0,"timestamp":1607793759,"path_taken":["M","$","M","M","M","E","R","$","T","M","R","M","?","?","R","BOSS","M","M","M","M","$","E","M","M","T","M","?","E","R","?","R","BOSS","M","M","M","$","M","E","M","R","T","R","?","$","?","?","R","BOSS"],"items_purchased_type":["Card","Card","Relic","Card","Relic","Relic"],"build_version":"2020-11-30","purchased_purges":0,"victory":false,"max_hp_per_floor":[68,68,68,68,68,68,68,68,68,68,68,68,68,68,68,68,68,68,68,68,68,68,68,68,68,68,68,68,68,68,68,68,68,68,68,68,68,68,68,75,75,75,75,75,75,75,75,75,75,75,75],"card_choices":[{"not_picked":["Sweeping Beam","Glacier"],"picked":"Chaos","floor":1.0},{"not_picked":["Rebound","Gash"],"picked":"Self Repair","floor":3.0},{"not_picked":["Self Repair","Rebound"],"picked":"Hello World","floor":4.0},{"not_picked":["BootSequence","Conserve Battery"],"picked":"Compile Driver","floor":5.0},{"not_picked":["Redo","Turbo"],"picked":"Buffer","floor":6.0},{"not_picked":["Ball Lightning","Stack"],"picked":"Echo Form","floor":10.0},{"not_picked":["Turbo","BootSequence"],"picked":"Force Field","floor":12.0},{"not_picked":["White Noise","Barrage"],"picked":"Loop+1","floor":13.0},{"not_picked":["Thunder Strike","Biased Cognition+1"],"picked":"Amplify","floor":16.0},{"not_picked":["Steam Power","Hello World+1","Redo"],"picked":"SKIP","floor":18.0},{"not_picked":["Hello World+1","Redo"],"picked":"Steam Power","floor":18.0},{"not_picked":["Leap+1","Compile Driver"],"picked":"Defragment+1","floor":19.0},{"not_picked":["Turbo","Gash"],"picked":"Capacitor+1","floor":20.0},{"not_picked":["Machine Learning+1","White Noise"],"picked":"Capacitor+1","floor":21.0},{"not_picked":["Melter","Doom and Gloom"],"picked":"Static Discharge+1","floor":23.0},{"not_picked":["Skim+1","Rip and Tear+1"],"picked":"Chaos+1","floor":24.0},{"not_picked":["Turbo","Lockon","Recycle"],"picked":"SKIP","floor":25.0},{"not_picked":["Steam","Compile Driver+1","Steam Power"],"picked":"SKIP","floor":27.0},{"not_picked":["Hologram","Redo"],"picked":"Biased Cognition+1","floor":29.0},{"not_picked":["Hyperbeam","Reboot"],"picked":"Creative AI+1","floor":33.0},{"not_picked":["Go for the Eyes","Darkness"],"picked":"Heatsinks+1","floor":35.0},{"not_picked":["Stack","Beam Cell","Conserve Battery"],"picked":"SKIP","floor":36.0},{"not_picked":["Hologram+1","Sweeping Beam+1","Recycle"],"picked":"SKIP","floor":37.0},{"not_picked":["Leap","Aggregate"],"picked":"Chaos+1","floor":39.0},{"not_picked":["Auto Shields","Cold Snap+1","Leap"],"picked":"SKIP","floor":40.0},{"not_picked":["Go for the Eyes+1","Steam+1","Cold Snap"],"picked":"SKIP","floor":41.0},{"not_picked":["Barrage+1","Glacier+1"],"picked":"Storm+1","floor":46.0},{"not_picked":["Sweeping Beam+1","Turbo"],"picked":"Redo+1","floor":46.0},{"not_picked":["Go for the Eyes+1","Biased Cognition+1"],"picked":"Defragment+1","floor":46.0},{"not_picked":["Steam+1","Leap+1"],"picked":"Double Energy","floor":47.0},{"not_picked":["The Bomb","Sadistic Nature+1"],"picked":"Madness","floor":48.0}],"player_experience":198832,"relics_obtained":[{"floor":6.0,"key":"MealTicket"},{"floor":9.0,"key":"InkBottle"},{"floor":13.0,"key":"Frozen Egg 2"},{"floor":23.0,"key":"Orichalcum"},{"floor":26.0,"key":"WingedGreaves"},{"floor":29.0,"key":"Oddly Smooth Stone"},{"floor":40.0,"key":"Strawberry"},{"floor":47.0,"key":"Old Coin"}],"event_choices":[{"damage_healed":0.0,"max_hp_gain":0.0,"max_hp_loss":0.0,"gold_gain":30.0,"event_name":"Dead Adventurer","player_choice":"Searched \u00273\u0027 times","floor":13.0,"gold_loss":0.0,"damage_taken":0.0},{"damage_healed":0.0,"max_hp_gain":0.0,"max_hp_loss":0.0,"gold_gain":0.0,"event_name":"Shining Light","player_choice":"Entered Light","floor":14.0,"gold_loss":0.0,"damage_taken":14.0,"cards_upgraded":["Strike_B","Hello World"]},{"damage_healed":0.0,"max_hp_gain":0.0,"max_hp_loss":0.0,"gold_gain":0.0,"event_name":"The Mausoleum","player_choice":"Opened","floor":28.0,"gold_loss":0.0,"damage_taken":0.0,"relics_obtained":["Thread and Needle"],"cards_obtained":["Writhe"]},{"damage_healed":0.0,"max_hp_gain":0.0,"max_hp_loss":0.0,"gold_gain":0.0,"event_name":"The Library","player_choice":"Read","floor":31.0,"gold_loss":0.0,"damage_taken":0.0,"cards_obtained":["Fusion"]},{"damage_healed":0.0,"max_hp_gain":0.0,"max_hp_loss":0.0,"gold_gain":0.0,"event_name":"Tomb of Lord Red Mask","player_choice":"Ignored","floor":45.0,"gold_loss":0.0,"damage_taken":0.0},{"damage_healed":0.0,"max_hp_gain":0.0,"max_hp_loss":0.0,"gold_gain":0.0,"event_name":"MindBloom","player_choice":"Fight","floor":47.0,"gold_loss":0.0,"damage_taken":0.0},{"damage_healed":0.0,"max_hp_gain":0.0,"max_hp_loss":0.0,"gold_gain":0.0,"event_name":"SensoryStone","player_choice":"Memory 3","floor":48.0,"gold_loss":0.0,"damage_taken":10.0}],"is_beta":false,"boss_relics":[{"not_picked":["Fusion Hammer","Calling Bell"],"picked":"Nuclear Battery"},{"not_picked":["Pandora\u0027s Box","Philosopher\u0027s Stone"],"picked":"Sozu"}],"items_purged_floors":[],"is_endless":false,"potions_floor_spawned":[3,4,6,13,19,21,23,25,27,29,36,40,47],"killed_by":"Awakened One","ascension_level":0}}