{"host":"by8i6f8xc0ywpsd5","time":1607782033,"event":{"mods":["BaseMod","Colored Map","Minty Spire (QoL Compilation)","Relic Stats"],"gold_per_floor":[10,10,34,49,49,89,89,113,161,161,201,220,239,287,287,287,287],"floor_reached":16,"playtime":550,"items_purged":[],"score":244,"play_id":"624a21b5-fcda-472a-807e-52a0da9bc106","local_time":"20201212160713","is_ascension_mode":true,"campfire_choices":[{"data":"Whirlwind","floor":7.0,"key":"SMITH"},{"data":"Armaments","floor":10.0,"key":"SMITH"},{"data":"Battle Trance","floor":15,"key":"SMITH"}],"circlet_count":0,"master_deck":["AscendersBane","Strike_R","Strike_R","Strike_R","Strike_R","Defend_R","Defend_R","Defend_R","Defend_R","Bash","Battle Trance+1","Whirlwind+1","Shrug It Off","Armaments+1","Double Tap","Uppercut","Spot Weakness"],"relics":["Burning Blood","Golden Idol","Pear","Nunchaku","CeramicFish"],"acts_visited":["Exordium"],"potions_floor_usage":[11,13,16],"damage_taken":[{"damage":11.0,"enemies":"Jaw Worm","floor":1.0,"turns":5.0},{"damage":14.0,"enemies":"Small Slimes","floor":3.0,"turns":5.0},{"damage":7.0,"enemies":"Cultist","floor":4.0,"turns":4.0},{"damage":31.0,"enemies":"Lagavulin","floor":6.0,"turns":8.0},{"damage":0.0,"enemies":"3 Louse","floor":8.0,"turns":1.0},{"damage":15,"enemies":"3 Sentries","floor":11,"turns":4},{"damage":6,"enemies":"Looter","floor":12,"turns":4},{"damage":5,"enemies":"Gremlin Gang","floor":13,"turns":3},{"damage":30,"enemies":"Lagavulin","floor":14,"turns":7},{"damage":28,"enemies":"Hexaghost","floor":16,"turns":9}],"seed_played":"2850285877203956262","potions_obtained":[{"floor":1.0,"key":"GamblersBrew"},{"floor":4.0,"key":"CultistPotion"},{"floor":6.0,"key":"BlessingOfTheForge"},{"floor":12,"key":"ElixirPotion"}],"is_trial":false,"path_per_floor":["M","?","M","M","?","E","R","M","T","R","E","M","M","E","R","B"],"character_chosen":"IRONCLAD","items_purchased":[],"campfire_rested":0,"item_purchase_floors":[],"current_hp_per_floor":[77,77,69,68,68,53,53,59,59,59,50,50,51,27,27,0,0],"gold":287,"neow_bonus":"TWENTY_PERCENT_HP_BONUS","is_daily":false,"chose_seed":false,"campfire_upgraded":3,"win_rate":0.0,"timestamp":1607782033,"path_taken":["M","?","M","M","?","E","R","M","T","R","E","?","M","E","R","BOSS"],"items_purchased_type":[],"build_version":"2020-11-30","purchased_purges":0,"victory":false,"max_hp_per_floor":[89,81,81,81,81,91,91,91,91,91,91,91,91,91,91,91,91],"relic_stats":{"Nunchaku":[3],"counters":[10,50],"Golden Idol":45,"CeramicFish":9,"obtain_stats":[{"Nunchaku":11,"Pear":6,"Golden Idol":2,"CeramicFish":14,"Burning Blood":0},{"Nunchaku":6,"Pear":4,"Golden Idol":1,"CeramicFish":9,"Burning Blood":0},{"Nunchaku":27,"Pear":22,"Golden Idol":5,"CeramicFish":41,"Burning Blood":0}],"Burning Blood":54},"card_choices":[{"not_picked":["Disarm","Cleave"],"picked":"Battle Trance","floor":1.0},{"not_picked":["Second Wind","Sentinel"],"picked":"Whirlwind","floor":3.0},{"not_picked":["True Grit","Entrench"],"picked":"Shrug It Off","floor":4.0},{"not_picked":["Anger","Blood for Blood"],"picked":"Armaments","floor":6.0},{"not_picked":["Sword Boomerang","Shrug It Off","Anger"],"picked":"SKIP","floor":8.0},{"not_picked":["Power Through","Wild Strike"],"picked":"Double Tap","floor":11},{"not_picked":["Hemokinesis","Wild Strike","Cleave"],"picked":"SKIP","floor":12},{"not_picked":["Iron Wave","Anger"],"picked":"Uppercut","floor":13},{"not_picked":["Pommel Strike","Hemokinesis"],"picked":"Spot Weakness","floor":14}],"player_experience":1649223,"relics_obtained":[{"floor":6.0,"key":"Pear"},{"floor":11,"key":"Nunchaku"},{"floor":14,"key":"CeramicFish"}],"event_choices":[{"damage_healed":0.0,"max_hp_gain":0.0,"max_hp_loss":8.0,"gold_gain":0.0,"event_name":"Golden Idol","player_choice":"Lose Max HP","floor":2.0,"gold_loss":0.0,"damage_taken":0.0,"relics_obtained":["Golden Idol"]},{"cards_removed":["Strike_R"],"damage_healed":0.0,"max_hp_gain":0.0,"max_hp_loss":0.0,"gold_gain":0.0,"event_name":"Bonfire Elementals","player_choice":"Offered Basic","floor":5.0,"gold_loss":0.0,"damage_taken":0.0}],"is_beta":false,"boss_relics":[],"items_purged_floors":[],"is_endless":false,"potions_floor_spawned":[1,4,6,12],"killed_by":"Hexaghost","ascension_level":20}}