{"host":"thovpxgnyjc4psom","time":1607805721,"event":{"mods":["AchievementEnabler","BaseMod","Block Reminder","Colored Powertips","Highlight Path","Keyboard Shortcuts","Minty Spire (QoL Compilation)","MonsterHotkey","Quick Restart","Random Character Button","Rare Cards Sparkle","Relic Sorter","Relic Stats"],"gold_per_floor":[216,216,47,66,66,100,111,139,162,172,172,172,203,203,203,302,302,320,207,20,50,50,50,79,79,79,79,89,106,139,139,139,238,238,258,1,12,82,95,126,126,155,155,166,166,183,194,225,225,225,225,225,31,59,59],"floor_reached":56,"playtime":5292,"items_purged":["Strike_P","Strike_P"],"score":1991,"play_id":"541201cc-465c-4e27-a2c1-c395c94f597e","local_time":"20201212214201","is_ascension_mode":true,"campfire_choices":[{"data":"Halt","floor":12.0,"key":"SMITH"},{"data":"CrushJoints","floor":15.0,"key":"SMITH"},{"data":"Apotheosis","floor":23.0,"key":"SMITH"},{"data":"DevaForm","floor":25.0,"key":"SMITH"},{"floor":27.0,"key":"REST"},{"data":"Vault","floor":32.0,"key":"SMITH"},{"floor":41.0,"key":"REST"},{"floor":45.0,"key":"RECALL"},{"floor":49.0,"key":"REST"},{"floor":52.0,"key":"REST"}],"circlet_count":0,"master_deck":["AscendersBane","Strike_P+1","Defend_P","Defend_P","Defend_P","Eruption","Vigilance","Tantrum","CutThroughFate","Wallop+1","Halt+1","WheelKick","EmptyFist","CrushJoints+1","DevaForm+1","Study","Fasting2","Apotheosis+1","Consecrate","Halt","ClearTheMind","Vault+1","FlurryOfBlows+1","Consecrate","Blasphemy","Protect","Parasite","Halt+1","EmptyBody+1","Fasting2","Wallop","Halt+1","CutThroughFate","Master of Strategy","Devotion"],"relics":["PureWater","Orichalcum","Toy Ornithopter","Dream Catcher","Lantern","Boot","Gremlin Horn","SlaversCollar","Red Mask","Nloth\u0027s Gift","Matryoshka","Bag of Marbles","StrikeDummy","Bottled Flame","Fusion Hammer","Pen Nib","Centennial Puzzle","GoldenEye","MealTicket","Omamori","TeardropLocket","Bronze Scales"],"acts_visited":["Exordium","TheCity","TheBeyond","TheEnding"],"potions_floor_usage":[55,55],"damage_taken":[{"damage":2.0,"enemies":"Jaw Worm","floor":1.0,"turns":3.0},{"damage":0.0,"enemies":"Small Slimes","floor":4.0,"turns":2.0},{"damage":4.0,"enemies":"3 Sentries","floor":6.0,"turns":4.0},{"damage":0.0,"enemies":"2 Louse","floor":7.0,"turns":1.0},{"damage":8.0,"enemies":"Gremlin Nob","floor":8.0,"turns":3.0},{"damage":2.0,"enemies":"2 Fungi Beasts","floor":10.0,"turns":2.0},{"damage":6.0,"enemies":"3 Sentries","floor":13.0,"turns":5.0},{"damage":0.0,"enemies":"Slime Boss","floor":16.0,"turns":4.0},{"damage":5.0,"enemies":"2 Thieves","floor":18.0,"turns":3.0},{"damage":29.0,"enemies":"Masked Bandits","floor":21.0,"turns":5.0},{"damage":0.0,"enemies":"Gremlin Leader","floor":24.0,"turns":3.0},{"damage":0.0,"enemies":"Spheric Guardian","floor":28.0,"turns":2.0},{"damage":2.0,"enemies":"Chosen and Byrds","floor":29.0,"turns":3.0},{"damage":20.0,"enemies":"Book of Stabbing","floor":30.0,"turns":5.0},{"damage":13.0,"enemies":"Champ","floor":33.0,"turns":10.0},{"damage":1.0,"enemies":"3 Darklings","floor":35.0,"turns":3.0},{"damage":0.0,"enemies":"3 Shapes","floor":37.0,"turns":6.0},{"damage":26.0,"enemies":"Writhing Mass","floor":39.0,"turns":8.0},{"damage":33.0,"enemies":"Nemesis","floor":40.0,"turns":6.0},{"damage":0.0,"enemies":"Reptomancer","floor":42.0,"turns":3.0},{"damage":0.0,"enemies":"Transient","floor":44.0,"turns":6.0},{"damage":0.0,"enemies":"4 Shapes","floor":46.0,"turns":5.0},{"damage":0.0,"enemies":"Jaw Worm Horde","floor":47.0,"turns":4.0},{"damage":0.0,"enemies":"Giant Head","floor":48.0,"turns":7.0},{"damage":20.0,"enemies":"Donu and Deca","floor":50.0,"turns":7.0},{"damage":14,"enemies":"Shield and Spear","floor":54,"turns":5},{"damage":57,"enemies":"The Heart","floor":55,"turns":8}],"seed_played":"6585544747130779633","potions_obtained":[{"floor":1.0,"key":"Swift Potion"},{"floor":7.0,"key":"BottledMiracle"},{"floor":8.0,"key":"StancePotion"},{"floor":16.0,"key":"SpeedPotion"},{"floor":21.0,"key":"SteroidPotion"},{"floor":29.0,"key":"BlessingOfTheForge"},{"floor":39.0,"key":"PowerPotion"},{"floor":44.0,"key":"Weak Potion"},{"floor":46.0,"key":"Block Potion"}],"is_trial":false,"path_per_floor":["M","?","$","M","?","E","M","E","T","M","?","R","E","?","R","B",null,"M","$","$","?","?","R","E","R","T","R","M","M","E","?","R","B",null,"M","$","M","T","M","E","R","E","T","M","R","M","M","E","R","B",null,"R","$","E","B",null],"character_chosen":"WATCHER","items_purchased":["CutThroughFate","Orichalcum","Fasting2","Apotheosis","Pen Nib","Master of Strategy"],"campfire_rested":4,"item_purchase_floors":[3,3,19,20,36,53],"current_hp_per_floor":[63,56,56,56,56,52,52,44,44,42,39,39,33,33,33,33,62,57,57,57,38,38,38,38,38,38,59,59,57,37,37,37,29,61,65,65,65,65,39,6,27,32,32,32,32,32,32,32,53,33,62,72,72,58,11],"gold":59,"neow_bonus":"HUNDRED_GOLD","is_daily":false,"chose_seed":false,"campfire_upgraded":5,"win_rate":0.0,"timestamp":1607805721,"path_taken":["M","?","$","M","?","E","M","E","T","M","?","R","E","?","R","BOSS","M","?","$","?","?","R","E","R","T","R","?","M","E","?","R","BOSS","M","$","M","?","M","E","R","E","T","M","R","M","M","E","R","BOSS","R","$","E","BOSS"],"items_purchased_type":["Card","Relic","Card","Card","Relic","Card"],"build_version":"2020-11-30","purchased_purges":2,"victory":true,"max_hp_per_floor":[72,72,72,72,72,72,72,72,72,72,72,72,72,72,72,72,72,72,72,72,72,72,72,72,72,72,72,72,72,72,72,72,72,72,72,72,72,72,72,72,72,72,72,72,72,72,72,72,72,72,72,72,72,72,72],"relic_stats":{"Gremlin Horn":[23,23],"counters":[27,123],"Pen Nib":[13],"Orichalcum":[174],"Boot":[99],"GoldenEye":[26],"Dream Catcher":4,"Centennial Puzzle":[15],"Bronze Scales":[96],"MealTicket":0,"Nloth\u0027s Gift":5,"obtain_stats":[{"Lantern":11,"Gremlin Horn":14,"Pen Nib":36,"Omamori":43,"Whetstone":9,"TeardropLocket":48,"Orichalcum":3,"Boot":13,"GoldenEye":40,"SlaversCollar":17,"Dream Catcher":8,"Bottled Flame":30,"Centennial Puzzle":38,"Matryoshka":24,"Bronze Scales":54,"MealTicket":42,"Fusion Hammer":34,"Red Mask":21,"Nloth\u0027s Gift":22,"Bag of Marbles":26,"PureWater":0,"StrikeDummy":26,"Toy Ornithopter":6},{"Lantern":6,"Gremlin Horn":7,"Pen Nib":16,"Omamori":20,"Whetstone":5,"TeardropLocket":24,"Orichalcum":1,"Boot":7,"GoldenEye":19,"SlaversCollar":8,"Dream Catcher":5,"Bottled Flame":14,"Centennial Puzzle":17,"Matryoshka":11,"Bronze Scales":26,"MealTicket":20,"Fusion Hammer":15,"Red Mask":10,"Nloth\u0027s Gift":10,"Bag of Marbles":11,"PureWater":0,"StrikeDummy":11,"Toy Ornithopter":3},{"Lantern":15,"Gremlin Horn":20,"Pen Nib":58,"Omamori":81,"Whetstone":13,"TeardropLocket":103,"Orichalcum":3,"Boot":20,"GoldenEye":78,"SlaversCollar":24,"Dream Catcher":13,"Bottled Flame":45,"Centennial Puzzle":64,"Matryoshka":35,"Bronze Scales":115,"MealTicket":81,"Fusion Hammer":55,"Red Mask":32,"Nloth\u0027s Gift":32,"Bag of Marbles":35,"PureWater":0,"StrikeDummy":35,"Toy Ornithopter":9}],"Toy Ornithopter":35},"card_choices":[{"not_picked":["BattleHymn","ForeignInfluence"],"picked":"Tantrum","floor":1.0},{"not_picked":["FollowUp","SashWhip"],"picked":"Wallop","floor":4.0},{"not_picked":["Nirvana","Swivel","PathToVictory"],"picked":"SKIP","floor":6.0},{"not_picked":["FollowUp","Evaluate"],"picked":"Halt","floor":7.0},{"not_picked":["EmptyBody","CutThroughFate"],"picked":"WheelKick","floor":8.0},{"not_picked":["Protect","CarveReality"],"picked":"EmptyFist","floor":10.0},{"not_picked":["CutThroughFate","PathToVictory"],"picked":"CrushJoints","floor":13.0},{"not_picked":["Ragnarok","Judgement"],"picked":"DevaForm","floor":16.0},{"not_picked":["InnerPeace","Prostrate"],"picked":"Study","floor":18.0},{"not_picked":["Crescendo","Wireheading"],"picked":"Consecrate","floor":21.0},{"not_picked":["PathToVictory","SandsOfTime+1","WaveOfTheHand+1"],"picked":"SKIP","floor":24.0},{"not_picked":["BowlingBash","WindmillStrike+1"],"picked":"Halt","floor":27.0},{"not_picked":["FlyingSleeves+1","CrushJoints"],"picked":"ClearTheMind","floor":28.0},{"not_picked":["Prostrate+1","MentalFortress"],"picked":"Vault","floor":29.0},{"not_picked":["Conclude","InnerPeace"],"picked":"FlurryOfBlows+1","floor":30.0},{"not_picked":["MasterReality","Ragnarok"],"picked":"Blasphemy","floor":33.0},{"not_picked":["Wireheading","FlyingSleeves","Worship+1"],"picked":"SKIP","floor":35.0},{"not_picked":["Crescendo","DevaForm"],"picked":"Protect","floor":37.0},{"not_picked":["TalkToTheHand","CutThroughFate"],"picked":"Halt+1","floor":39.0},{"not_picked":["LikeWater","Worship+1"],"picked":"EmptyBody+1","floor":40.0},{"not_picked":["Wish","Blasphemy"],"picked":"Fasting2","floor":42.0},{"not_picked":["ThirdEye+1","CrushJoints"],"picked":"Wallop","floor":44.0},{"not_picked":["Swivel","Prostrate+1","EmptyBody"],"picked":"SKIP","floor":46.0},{"not_picked":["EmptyBody","BowlingBash+1"],"picked":"Halt+1","floor":47.0},{"not_picked":["Collect","LikeWater+1","MasterReality"],"picked":"SKIP","floor":48.0},{"not_picked":["Protect+1","Halt"],"picked":"CutThroughFate","floor":49.0},{"not_picked":["Wallop+1","WheelKick"],"picked":"Devotion","floor":54}],"player_experience":874631,"relics_obtained":[{"floor":6.0,"key":"Toy Ornithopter"},{"floor":8.0,"key":"Dream Catcher"},{"floor":9.0,"key":"Whetstone"},{"floor":13.0,"key":"Boot"},{"floor":21.0,"key":"Red Mask"},{"floor":24.0,"key":"Matryoshka"},{"floor":26.0,"key":"Bag of Marbles"},{"floor":26.0,"key":"StrikeDummy"},{"floor":30.0,"key":"Bottled Flame"},{"floor":38.0,"key":"Centennial Puzzle"},{"floor":40.0,"key":"GoldenEye"},{"floor":42.0,"key":"MealTicket"},{"floor":43.0,"key":"Omamori"},{"floor":48.0,"key":"TeardropLocket"},{"floor":54,"key":"Bronze Scales"}],"event_choices":[{"cards_removed":["Defend_P"],"damage_healed":0.0,"max_hp_gain":0.0,"max_hp_loss":0.0,"gold_gain":0.0,"event_name":"Golden Wing","player_choice":"Card Removal","floor":2.0,"gold_loss":0.0,"damage_taken":7.0},{"damage_healed":0.0,"max_hp_gain":0.0,"max_hp_loss":0.0,"gold_gain":0.0,"event_name":"Liars Game","player_choice":"Ignored","floor":5.0,"gold_loss":0.0,"damage_taken":0.0},{"damage_healed":0.0,"max_hp_gain":0.0,"max_hp_loss":0.0,"gold_gain":0.0,"event_name":"Scrap Ooze","player_choice":"Success","floor":11.0,"gold_loss":0.0,"damage_taken":3.0,"relics_obtained":["Lantern"]},{"damage_healed":0.0,"max_hp_gain":0.0,"max_hp_loss":0.0,"gold_gain":0.0,"event_name":"WeMeetAgain","player_choice":"Gave Potion","floor":14.0,"gold_loss":0.0,"damage_taken":0.0,"relics_obtained":["Gremlin Horn"]},{"damage_healed":0.0,"max_hp_gain":0.0,"max_hp_loss":0.0,"gold_gain":0.0,"event_name":"Masked Bandits","player_choice":"Fought Bandits","floor":21.0,"gold_loss":0.0,"damage_taken":0.0},{"damage_healed":0.0,"max_hp_gain":0.0,"max_hp_loss":0.0,"gold_gain":0.0,"event_name":"N\u0027loth","player_choice":"Traded Relic","floor":22.0,"relics_lost":["Whetstone"],"gold_loss":0.0,"damage_taken":0.0,"relics_obtained":["Nloth\u0027s Gift"]},{"damage_healed":0.0,"max_hp_gain":0.0,"max_hp_loss":0.0,"gold_gain":0.0,"cards_transformed":["Strike_P"],"event_name":"Transmorgrifier","player_choice":"Transformed","floor":31.0,"gold_loss":0.0,"damage_taken":0.0,"cards_obtained":["Consecrate"]}],"is_beta":false,"boss_relics":[{"not_picked":["Busted Crown","Runic Dome"],"picked":"SlaversCollar"},{"not_picked":["Sozu","Black Star"],"picked":"Fusion Hammer"}],"items_purged_floors":[19,36],"is_endless":false,"potions_floor_spawned":[1,7,8,16,21,29,39,44,46,47],"ascension_level":11}}