{"host":"6fbjdsiu9jij34p7","time":1607774265,"event":{"mods":["2.2 Compatiblity","AchievementEnabler","BaseMod","Colored Map","DeckTracker","Highlight Path","Keyboard Shortcuts","Minty Spire (QoL Compilation)","Permanent Neow","Quick Restart","StSLib","SuperFastMode"],"gold_per_floor":[113,113,123,123,143,143,143,174,242,256,281,291,310,324,324,403,403,420,335,352,352,370,370,405,417,417],"floor_reached":25,"playtime":585,"items_purged":[],"score":603,"play_id":"6be2595a-f9ef-4333-9553-371f92351d01","local_time":"20201212205745","is_ascension_mode":true,"campfire_choices":[{"data":"Reprogram","floor":6.0,"key":"SMITH"},{"floor":15,"key":"REST"},{"floor":23,"key":"REST"}],"circlet_count":0,"master_deck":["AscendersBane","Strike_B","Strike_B","Strike_B","Strike_B","Defend_B+1","Defend_B","Defend_B","Defend_B+1","Zap","Compile Driver","Reprogram+1","FTL","Conserve Battery","Go for the Eyes","Self Repair","Conserve Battery","Conserve Battery","Streamline","Hyperbeam","Gash","Beam Cell"],"relics":["Cracked Core","HornCleat","War Paint","Cables","Peace Pipe","SlaversCollar","Vajra","MawBank"],"acts_visited":["Exordium","TheCity"],"potions_floor_usage":[12,16,24],"damage_taken":[{"damage":0.0,"enemies":"2 Louse","floor":1.0,"turns":2.0},{"damage":1.0,"enemies":"Cultist","floor":3.0,"turns":3.0},{"damage":7.0,"enemies":"Jaw Worm","floor":5.0,"turns":2.0},{"damage":24.0,"enemies":"Lagavulin","floor":8.0,"turns":6.0},{"damage":0.0,"enemies":"Blue Slaver","floor":10.0,"turns":3.0},{"damage":9.0,"enemies":"Gremlin Nob","floor":11.0,"turns":4.0},{"damage":5,"enemies":"Lots of Slimes","floor":12,"turns":2},{"damage":4,"enemies":"Looter","floor":13,"turns":4},{"damage":0,"enemies":"3 Louse","floor":14,"turns":4},{"damage":10,"enemies":"The Guardian","floor":16,"turns":11},{"damage":21,"enemies":"2 Thieves","floor":18,"turns":5},{"damage":36,"enemies":"Chosen","floor":20,"turns":5},{"damage":12,"enemies":"Snake Plant","floor":22,"turns":5},{"damage":56,"enemies":"Slavers","floor":24,"turns":7},{"damage":22,"enemies":"Sentry and Sphere","floor":25,"turns":3}],"seed_played":"-8878847722067647065","potions_obtained":[{"floor":1.0,"key":"Weak Potion"},{"floor":3.0,"key":"FairyPotion"},{"floor":8.0,"key":"Explosive Potion"},{"floor":14,"key":"AttackPotion"},{"floor":22,"key":"SteroidPotion"},{"floor":24,"key":"FearPotion"}],"is_trial":false,"path_per_floor":["M","?","M","T","M","R","?","E","T","M","E","M","M","M","R","B",null,"M","?","M","?","M","R","E","M"],"character_chosen":"DEFECT","items_purchased":[],"campfire_rested":2,"item_purchase_floors":[],"current_hp_per_floor":[64,64,63,63,56,56,56,32,32,32,23,25,28,35,56,53,67,53,53,24,24,12,33,17,0,0],"gold":417,"neow_bonus":"RANDOM_COLORLESS","is_daily":false,"chose_seed":false,"campfire_upgraded":1,"win_rate":0.0,"timestamp":1607774265,"path_taken":["M","?","?","?","M","R","?","E","T","M","E","?","M","M","R","BOSS","M","?","M","?","M","R","E","M"],"items_purchased_type":[],"build_version":"2020-11-30","purchased_purges":0,"victory":false,"max_hp_per_floor":[71,71,71,71,71,71,71,71,71,71,71,71,71,71,71,71,71,71,71,71,71,71,71,71,71,71],"card_choices":[{"not_picked":["Trip","Bandage Up"],"picked":"Dramatic Entrance","floor":0.0},{"not_picked":["Turbo","Auto Shields"],"picked":"Compile Driver","floor":1.0},{"not_picked":["Aggregate","Conserve Battery"],"picked":"Reprogram","floor":3.0},{"not_picked":["Capacitor","Coolheaded"],"picked":"FTL","floor":5.0},{"not_picked":["Coolheaded","Aggregate"],"picked":"Conserve Battery","floor":8.0},{"not_picked":["Compile Driver","Hologram"],"picked":"Go for the Eyes","floor":10.0},{"not_picked":["Recycle","Genetic Algorithm"],"picked":"Self Repair","floor":11.0},{"not_picked":["Steam Power","Capacitor"],"picked":"Conserve Battery","floor":12},{"not_picked":["Chill","Buffer"],"picked":"Conserve Battery","floor":13},{"not_picked":["Leap","Ball Lightning"],"picked":"Streamline","floor":14},{"not_picked":["Seek","Buffer"],"picked":"Hyperbeam","floor":16},{"not_picked":["Tempest","Loop+1","Cold Snap"],"picked":"SKIP","floor":18},{"not_picked":["Loop","Sunder","Force Field"],"picked":"SKIP","floor":20},{"not_picked":["Cold Snap+1","Ball Lightning+1"],"picked":"Gash","floor":22},{"not_picked":["Hologram","Self Repair"],"picked":"Beam Cell","floor":24}],"player_experience":224259,"relics_obtained":[{"floor":4.0,"key":"HornCleat"},{"floor":8.0,"key":"War Paint"},{"floor":9.0,"key":"Cables"},{"floor":11.0,"key":"Peace Pipe"},{"floor":24,"key":"MawBank"}],"event_choices":[{"damage_healed":0.0,"max_hp_gain":0.0,"max_hp_loss":0.0,"gold_gain":0.0,"event_name":"Upgrade Shrine","player_choice":"Upgraded","floor":2.0,"gold_loss":0.0,"damage_taken":0.0,"cards_upgraded":["Dualcast"]},{"cards_removed":["Dualcast"],"damage_healed":0.0,"max_hp_gain":0.0,"max_hp_loss":0.0,"gold_gain":0.0,"event_name":"Bonfire Elementals","player_choice":"Offered Basic","floor":7.0,"gold_loss":0.0,"damage_taken":0.0},{"damage_healed":0,"gold_gain":0,"player_choice":"Obtained Relic","damage_taken":0,"relics_obtained":["Vajra"],"max_hp_gain":0,"max_hp_loss":0,"event_name":"Addict","floor":19,"gold_loss":85},{"damage_healed":0,"gold_gain":0,"player_choice":"Ignored","damage_taken":0,"max_hp_gain":0,"max_hp_loss":0,"event_name":"Cursed Tome","floor":21,"gold_loss":0}],"is_beta":false,"boss_relics":[{"not_picked":["SacredBark","Pandora\u0027s Box"],"picked":"SlaversCollar"}],"items_purged_floors":[],"is_endless":false,"potions_floor_spawned":[1,3,8,14,22,24],"killed_by":"Sentry and Sphere","ascension_level":16}}