{"host":"046f94hp0svsg0ce","time":1607792535,"event":{"mods":["Act Like it!","Astrologer","BaseMod","Beaked The Cultist","Colored Map","Colored Powertips","GungeonMod","Halation","Highlight Path","Mad Scientist","Minty Spire (QoL Compilation)","Quick Restart","Rare Cards Sparkle","StSLib","The Construct","The Forsaken","The Necromancer","The Runesmith","The Servant 0.9.4"],"gold_per_floor":[112,112,129,129,25,25,44,76,99,133,133,153,153,172,172,268,268,283,52,52,327,347,379,379,89,89,108,108,108],"floor_reached":28,"playtime":5094,"items_purged":["astrologer:Defend","astrologer:Strike"],"score":246,"play_id":"1b693854-b0cc-4d84-bee1-b931d442d35a","local_time":"20201212180215","is_ascension_mode":false,"campfire_choices":[{"floor":11,"key":"REST"},{"data":"astrologer:CosmicExpanse","floor":13,"key":"SMITH"},{"data":"astrologer:Novile","floor":15,"key":"SMITH"},{"floor":24,"key":"REST"}],"circlet_count":0,"master_deck":["astrologer:Strike","astrologer:Strike","astrologer:Strike","astrologer:Defend+1","astrologer:Defend","astrologer:Defend+1","astrologer:NorthStar","astrologer:TheFool+1","astrologer:Opposition+1","astrologer:FadingStar","astrologer:Glimpse","astrologer:Opposition","astrologer:Fireball","astrologer:CosmicExpanse+1","astrologer:FrozenStar","astrologer:CrystalBall","astrologer:Novile+1","astrologer:Alignment","CurseOfTheBell","astrologer:TheStar+1","RitualDagger","Regret","astrologer:Glimpse+1","astrologer:Trine","astrologer:Confirmation","astrologer:Opposition","astrologer:Temperance"],"relics":["astrologer:SkyMirror","halation:SelfBoilingWater","Ancient Tea Set","DemoMod:NanoMachines","Calling Bell","Pen Nib","Ornamental Fan","FossilizedHelix","halation:LettersToHer","DemoMod:PartiallyEatenCheese","halation:Diary","beaked:ShinyBauble"],"acts_visited":["Exordium","TheCity"],"potions_floor_usage":[23,28,28],"damage_taken":[{"damage":8,"enemies":"Small Slimes","floor":1,"turns":4},{"damage":0,"enemies":"Jaw Worm","floor":3,"turns":3},{"damage":0,"enemies":"Cultist","floor":7,"turns":3},{"damage":2,"enemies":"3 Sentries","floor":8,"turns":8},{"damage":6,"enemies":"Gremlin Nob","floor":10,"turns":4},{"damage":0,"enemies":"Large Slime","floor":12,"turns":4},{"damage":0,"enemies":"Red Slaver","floor":14,"turns":3},{"damage":3,"enemies":"Slime Boss","floor":16,"turns":9},{"damage":9,"enemies":"Chosen","floor":18,"turns":5},{"damage":0,"enemies":"Spheric Guardian","floor":22,"turns":3},{"damage":37,"enemies":"Book of Stabbing","floor":23,"turns":5},{"damage":28,"enemies":"Snake Plant","floor":27,"turns":5},{"damage":20,"enemies":"Gremlin Leader","floor":28,"turns":4}],"seed_played":"-2050963710151732497","potions_obtained":[{"floor":1,"key":"LiquidBronze"},{"floor":7,"key":"AttackPotion"},{"floor":8,"key":"GamblersBrew"},{"floor":22,"key":"Explosive Potion"},{"floor":27,"key":"DistilledChaos"}],"is_trial":false,"path_per_floor":["M","?","M","?","$","?","M","E","T","E","R","M","R","M","R","B",null,"M","$","?","?","M","E","R","$","T","M","E"],"character_chosen":"ASTROLOGER","items_purchased":["astrologer:Glimpse","astrologer:Opposition","halation:LettersToHer","halation:Diary","astrologer:Confirmation","astrologer:Opposition"],"campfire_rested":2,"item_purchase_floors":[5,5,19,25,25,25],"current_hp_per_floor":[69,69,69,54,54,54,54,52,52,46,69,69,69,69,69,66,77,68,68,62,62,62,25,48,48,48,20,0,0],"gold":108,"neow_bonus":"TEN_PERCENT_HP_BONUS","is_daily":false,"chose_seed":false,"campfire_upgraded":2,"win_rate":0.0,"timestamp":1607792535,"path_taken":["M","?","M","?","$","?","M","E","T","E","R","M","R","M","R","BOSS","M","$","?","?","?","E","R","$","T","M","E"],"items_purchased_type":["Card","Card","Relic","Relic","Card","Card"],"build_version":"2020-11-30","purchased_purges":2,"victory":false,"max_hp_per_floor":[77,77,77,77,77,77,77,77,77,77,77,77,77,77,77,77,77,77,77,77,77,77,77,77,77,77,77,77,77],"card_choices":[{"not_picked":["astrologer:Stardust","astrologer:TheWorld"],"picked":"astrologer:Opposition","floor":1},{"not_picked":["astrologer:StarOfCourage","astrologer:CometStrike"],"picked":"astrologer:FadingStar","floor":3},{"not_picked":["astrologer:TheEmperor","astrologer:TheMoon"],"picked":"astrologer:Fireball","floor":7},{"not_picked":["astrologer:TheEmperor","astrologer:Death"],"picked":"astrologer:CosmicExpanse","floor":8},{"not_picked":["astrologer:Retelling","astrologer:TheHighPriestess"],"picked":"astrologer:FrozenStar","floor":10},{"not_picked":["astrologer:TheEmpress","astrologer:Conjunction"],"picked":"astrologer:CrystalBall","floor":12},{"not_picked":["astrologer:Premeditation","astrologer:Judgement"],"picked":"astrologer:Novile","floor":14},{"not_picked":["astrologer:WheelofFortune","astrologer:TheSun"],"picked":"astrologer:Alignment","floor":16},{"not_picked":["astrologer:FadingStar","astrologer:MeteorShower"],"picked":"astrologer:TheStar+1","floor":18},{"not_picked":["astrologer:FrozenStar","astrologer:Divination"],"picked":"astrologer:Glimpse+1","floor":22},{"not_picked":["astrologer:Justice+1","astrologer:StarOfChange"],"picked":"astrologer:Trine","floor":23},{"not_picked":["astrologer:FrozenStar","astrologer:ShiningStar"],"picked":"astrologer:Temperance","floor":27}],"player_experience":1568069,"relics_obtained":[{"floor":8,"key":"halation:SelfBoilingWater"},{"floor":9,"key":"Ancient Tea Set"},{"floor":10,"key":"DemoMod:NanoMachines"},{"floor":17,"key":"Pen Nib"},{"floor":17,"key":"Ornamental Fan"},{"floor":17,"key":"FossilizedHelix"},{"floor":23,"key":"DemoMod:PartiallyEatenCheese"},{"floor":26,"key":"halation:LettersToHer"},{"floor":26,"key":"beaked:ShinyBauble"}],"event_choices":[{"damage_healed":0,"gold_gain":0,"player_choice":"Grow","damage_taken":0,"max_hp_gain":0,"max_hp_loss":0,"event_name":"Living Wall","floor":2,"gold_loss":0,"cards_upgraded":["astrologer:Opposition"]},{"damage_healed":0,"gold_gain":0,"player_choice":"Entered Light","damage_taken":15,"max_hp_gain":0,"max_hp_loss":0,"event_name":"Shining Light","floor":4,"gold_loss":0,"cards_upgraded":["astrologer:Defend","astrologer:Defend"]},{"damage_healed":0,"gold_gain":0,"player_choice":"Forge","damage_taken":0,"max_hp_gain":0,"max_hp_loss":0,"event_name":"Accursed Blacksmith","floor":6,"gold_loss":0,"cards_upgraded":["astrologer:TheFool"]},{"damage_healed":0,"gold_gain":0,"player_choice":"Joined the Cult","damage_taken":6,"max_hp_gain":0,"max_hp_loss":0,"event_name":"Nest","floor":20,"gold_loss":0,"cards_obtained":["RitualDagger"]},{"damage_healed":0,"gold_gain":275,"player_choice":"Desecrate","damage_taken":0,"max_hp_gain":0,"max_hp_loss":0,"event_name":"Golden Shrine","floor":21,"gold_loss":0,"cards_obtained":["Regret"]}],"is_beta":false,"boss_relics":[{"not_picked":["Snecko Eye","Runic Pyramid"],"picked":"Calling Bell"}],"items_purged_floors":[19,25],"is_endless":false,"potions_floor_spawned":[1,7,8,22,27],"killed_by":"Gremlin Leader","ascension_level":0}}