{"host":"pf47v7h0307523iy","time":1607779559,"event":{"mods":["BaseMod","Minty Spire (QoL Compilation)"],"gold_per_floor":[111,131,131,51,51,51,80,80,126,143,143,176,176,188,188,262,262,279,291,306,306,306,306],"floor_reached":22,"playtime":880,"items_purged":[],"score":438,"play_id":"0458fedb-8764-4b50-aa82-5e5e2035a491","local_time":"20201212152559","is_ascension_mode":true,"campfire_choices":[{"data":"Bouncing Flask","floor":6.0,"key":"SMITH"},{"data":"Well Laid Plans","floor":11.0,"key":"SMITH"},{"data":"Well Laid Plans","floor":13.0,"key":"SMITH"},{"data":"Caltrops","floor":15.0,"key":"SMITH"}],"circlet_count":0,"master_deck":["AscendersBane","Strike_G","Strike_G","Strike_G","Strike_G","Defend_G","Defend_G","Defend_G","Defend_G","Defend_G","Survivor","Neutralize","Predator","Bouncing Flask+1","Well Laid Plans+1","Well Laid Plans+1","Dagger Spray","Backflip","Caltrops+1","Bullet Time+1","Noxious Fumes"],"relics":["Ring of the Serpent","NeowsBlessing","Anchor","PreservedInsect","Bottled Flame"],"acts_visited":["Exordium","TheCity"],"potions_floor_usage":[20],"damage_taken":[{"damage":0.0,"enemies":"2 Louse","floor":1.0,"turns":1.0},{"damage":0.0,"enemies":"Small Slimes","floor":2.0,"turns":1.0},{"damage":0.0,"enemies":"Gremlin Nob","floor":7.0,"turns":1.0},{"damage":0.0,"enemies":"Cultist","floor":10.0,"turns":3.0},{"damage":10.0,"enemies":"Lagavulin","floor":12.0,"turns":5.0},{"damage":3.0,"enemies":"Blue Slaver","floor":14.0,"turns":3.0},{"damage":35.0,"enemies":"Hexaghost","floor":16.0,"turns":9.0},{"damage":0.0,"enemies":"Chosen","floor":18.0,"turns":5.0},{"damage":28.0,"enemies":"Spheric Guardian","floor":19.0,"turns":6.0},{"damage":22,"enemies":"Centurion and Healer","floor":20,"turns":8},{"damage":0,"enemies":"Cultist and Chosen","floor":22,"turns":3}],"seed_played":"-3606918408044513787","potions_obtained":[{"floor":1.0,"key":"ColorlessPotion"},{"floor":10.0,"key":"Weak Potion"},{"floor":12.0,"key":"Poison Potion"},{"floor":16.0,"key":"ColorlessPotion"},{"floor":19.0,"key":"PowerPotion"}],"is_trial":false,"path_per_floor":["M","M","?","$","?","R","E","?","T","M","R","E","R","M","R","B",null,"M","M","M","?","M"],"character_chosen":"THE_SILENT","items_purchased":["Well Laid Plans"],"campfire_rested":0,"item_purchase_floors":[4],"current_hp_per_floor":[59,59,64,64,57,57,57,57,57,57,57,47,47,44,44,9,56,56,28,6,6,6,6],"gold":306,"neow_bonus":"THREE_ENEMY_KILL","is_daily":false,"chose_seed":false,"campfire_upgraded":4,"win_rate":0.0,"timestamp":1607779559,"path_taken":["M","M","?","$","?","R","E","?","T","M","R","E","R","?","R","BOSS","M","M","M","?","M"],"items_purchased_type":["Card"],"build_version":"2020-11-30","purchased_purges":0,"victory":false,"max_hp_per_floor":[66,66,71,71,71,71,71,71,71,71,71,71,71,71,71,71,71,71,71,71,71,71,71],"card_choices":[{"not_picked":["Blur","Setup"],"picked":"Predator","floor":1.0},{"not_picked":["Dagger Throw","Concentrate"],"picked":"Bouncing Flask","floor":2.0},{"not_picked":["Flying Knee","Poisoned Stab"],"picked":"Well Laid Plans","floor":7.0},{"not_picked":["Heel Hook","Flying Knee"],"picked":"Dagger Spray","floor":10.0},{"not_picked":["Slice","Masterful Stab"],"picked":"Backflip","floor":12.0},{"not_picked":["Flying Knee","Dagger Spray"],"picked":"Caltrops","floor":14.0},{"not_picked":["Envenom","Night Terror"],"picked":"Bullet Time","floor":16.0},{"not_picked":["Dagger Spray+1","Skewer","Dash"],"picked":"SKIP","floor":18.0},{"not_picked":["Flying Knee","Escape Plan"],"picked":"Noxious Fumes","floor":19.0},{"not_picked":["Well Laid Plans","Deadly Poison","Heel Hook"],"picked":"SKIP","floor":20}],"player_experience":1460540,"relics_obtained":[{"floor":7.0,"key":"Anchor"},{"floor":9.0,"key":"PreservedInsect"},{"floor":12.0,"key":"Bottled Flame"}],"event_choices":[{"damage_healed":0.0,"max_hp_gain":5.0,"max_hp_loss":0.0,"gold_gain":0.0,"event_name":"Big Fish","player_choice":"Donut","floor":3.0,"gold_loss":0.0,"damage_taken":0.0},{"cards_removed":["Strike_G"],"damage_healed":0.0,"max_hp_gain":0.0,"max_hp_loss":0.0,"gold_gain":0.0,"event_name":"Golden Wing","player_choice":"Card Removal","floor":5.0,"gold_loss":0.0,"damage_taken":7.0},{"damage_healed":0.0,"max_hp_gain":0.0,"max_hp_loss":0.0,"gold_gain":0.0,"event_name":"Match and Keep!","player_choice":"0 cards matched","floor":8.0,"gold_loss":0.0,"damage_taken":0.0,"cards_obtained":[]},{"damage_healed":0,"gold_gain":0,"player_choice":"Forge","damage_taken":0,"max_hp_gain":0,"max_hp_loss":0,"event_name":"Accursed Blacksmith","floor":21,"gold_loss":0,"cards_upgraded":["Bullet Time"]}],"is_beta":false,"boss_relics":[{"not_picked":["HoveringKite","Runic Dome"],"picked":"Ring of the Serpent"}],"items_purged_floors":[],"is_endless":false,"potions_floor_spawned":[1,10,12,16,19],"killed_by":"Cultist and Chosen","ascension_level":20}}