{"host":"i41n6wh529970c2c","time":1607816335,"event":{"mods":["Act Like it!","BaseMod","BetterRewards","Friendly Minions","Gold Saver","Hermit","Minty Spire (QoL Compilation)","Replay The Spire","Shop Mod","StSLib"],"gold_per_floor":[113,113,113,31,45,79,79,99,99,114,127,157,157,182,182,280,280,299,310,310,325,325,352,368,387,435,467,62,62,62,95,95,193,193,193,39,39,39],"floor_reached":37,"playtime":13672,"items_purged":["Strike_R","Shame"],"score":780,"play_id":"662382c8-d557-4ed6-8037-d9d0a5ceef14","local_time":"20201212183855","is_ascension_mode":true,"campfire_choices":[{"data":"Offering","floor":7.0,"key":"SMITH"},{"data":"Body Slam","floor":15.0,"key":"SMITH"},{"data":"Apotheosis","floor":29.0,"key":"SMITH"},{"data":"Dramatic Entrance","floor":32.0,"key":"SMITH"},{"data":"Brutality","floor":35,"key":"SMITH"}],"circlet_count":0,"master_deck":["AscendersBane","Strike_R","Strike_R","Strike_R","Defend_R","Defend_R","Defend_R","Defend_R","Bash","Body Slam+1","Offering+1","Metallicize","Armaments","Brutality+1","Dramatic Entrance+1","Anger","Fiend Fire","CurseOfTheBell","Rampage+1","Headbutt","Flame Barrier","Body Slam","Limit Break","Apotheosis+1","Limit Break","Demon Form+1","Run Through"],"relics":["Burning Blood","NeowsBlessing","Kunai","Centennial Puzzle","HornCleat","Orichalcum","Lizard Tail","Calling Bell","Vajra","Frozen Egg 2","Thread and Needle","Letter Opener","Charon\u0027s Ashes","White Beast Statue","Tiny Chest","Meat on the Bone","Shuriken","Torii","Black Star"],"acts_visited":["TheEnding"],"potions_floor_usage":[],"damage_taken":[{"damage":0.0,"enemies":"Cultist","floor":1.0,"turns":1.0},{"damage":0.0,"enemies":"Jaw Worm","floor":5.0,"turns":1.0},{"damage":0.0,"enemies":"Lagavulin","floor":6.0,"turns":1.0},{"damage":6.0,"enemies":"Small Slimes","floor":8.0,"turns":3.0},{"damage":6.0,"enemies":"Blue Slaver","floor":10.0,"turns":3.0},{"damage":6.0,"enemies":"Looter","floor":11.0,"turns":4.0},{"damage":0.0,"enemies":"Gremlin Nob","floor":12.0,"turns":3.0},{"damage":12.0,"enemies":"3 Sentries","floor":14.0,"turns":6.0},{"damage":48.0,"enemies":"Slime Boss","floor":16.0,"turns":12.0},{"damage":5.0,"enemies":"Chosen","floor":18.0,"turns":5.0},{"damage":2.0,"enemies":"3 Byrds","floor":19.0,"turns":6.0},{"damage":13.0,"enemies":"Centurion and Healer","floor":21.0,"turns":7.0},{"damage":8.0,"enemies":"Gremlin Leader","floor":23.0,"turns":5.0},{"damage":12.0,"enemies":"Chosen and Byrds","floor":24.0,"turns":5.0},{"damage":0.0,"enemies":"Shelled Parasite and Fungi","floor":25.0,"turns":4.0},{"damage":0.0,"enemies":"Slavers","floor":27.0,"turns":2.0},{"damage":12.0,"enemies":"Book of Stabbing","floor":31.0,"turns":4.0},{"damage":64.0,"enemies":"Champ","floor":33.0,"turns":7.0},{"damage":75,"enemies":"Shield and Spear","floor":37,"turns":3}],"seed_played":"2148726544416240568","potions_obtained":[{"floor":5.0,"key":"LiquidMemories"},{"floor":11.0,"key":"AttackPotion"},{"floor":12.0,"key":"BlessingOfTheForge"},{"floor":14.0,"key":"Block Potion"},{"floor":16.0,"key":"ColorlessPotion"},{"floor":23.0,"key":"EntropicBrew"},{"floor":24.0,"key":"SkillPotion"},{"floor":25.0,"key":"ColorlessPotion"},{"floor":27.0,"key":"Dexterity Potion"},{"floor":31.0,"key":"Strength Potion"},{"floor":33.0,"key":"DistilledChaos"}],"is_trial":false,"path_per_floor":["M","?","$","?","M","E","R","M","T","M","M","E","?","E","R","B",null,"M","M","?","M","T","E","M","M","T","E","$","R","?","E","R","B",null,"R","$","E"],"character_chosen":"IRONCLAD","items_purchased":["Apotheosis","Limit Break","Run Through"],"campfire_rested":0,"item_purchase_floors":[28,28,36],"current_hp_per_floor":[78,71,71,71,77,80,80,80,80,80,80,80,80,74,74,32,68,69,73,73,66,66,64,58,64,64,70,70,70,70,64,64,58,75,75,75,0,0],"gold":39,"neow_bonus":"THREE_ENEMY_KILL","is_daily":false,"chose_seed":false,"campfire_upgraded":5,"win_rate":0.0,"timestamp":1607816335,"path_taken":["M","?","$","?","?","E","R","M","T","M","M","E","?","E","R","BOSS","M","M","?","M","?","E","M","M","T","E","?","R","?","E","R","BOSS","R","$","E"],"items_purchased_type":["Card","Card","Card"],"build_version":"2020-11-30","purchased_purges":2,"victory":false,"max_hp_per_floor":[80,80,80,80,80,80,80,80,80,80,80,80,80,80,80,80,80,80,80,80,80,80,80,80,80,80,80,80,80,80,80,80,80,80,80,80,80,80],"card_choices":[{"not_picked":["Havoc","Uppercut","Wild Strike"],"picked":"SKIP","floor":1.0},{"not_picked":["Rampage","Sword Boomerang"],"picked":"Body Slam","floor":5.0},{"not_picked":["Sentinel","Spot Weakness"],"picked":"Offering","floor":6.0},{"not_picked":["Rupture","Dark Embrace"],"picked":"Metallicize","floor":8.0},{"not_picked":["Power Through","Pommel Strike"],"picked":"Armaments","floor":10.0},{"not_picked":["Feel No Pain","Burning Pact","Fire Breathing"],"picked":"SKIP","floor":11.0},{"not_picked":["Evolve","Iron Wave","Rupture"],"picked":"SKIP","floor":12.0},{"not_picked":["Blood for Blood","Headbutt"],"picked":"Anger","floor":14.0},{"not_picked":["Corruption","Reaper"],"picked":"Fiend Fire","floor":16.0},{"not_picked":["Hemokinesis","True Grit"],"picked":"Rampage+1","floor":18.0},{"not_picked":["Flex","Hemokinesis+1"],"picked":"Headbutt","floor":19.0},{"not_picked":["Twin Strike","Pummel","Cleave"],"picked":"SKIP","floor":21.0},{"not_picked":["Dark Embrace+1","Pummel+1","Intimidate"],"picked":"SKIP","floor":23.0},{"not_picked":["Anger","Carnage"],"picked":"Flame Barrier","floor":24.0},{"not_picked":["Heavy Blade","Combust+1"],"picked":"Body Slam","floor":25.0},{"not_picked":["Fire Breathing+1","Body Slam"],"picked":"Limit Break","floor":27.0},{"not_picked":["Dropkick","Perfected Strike","Combust+1"],"picked":"SKIP","floor":31.0},{"not_picked":["Double Tap","Offering"],"picked":"Demon Form+1","floor":33.0}],"player_experience":726688,"relics_obtained":[{"floor":6.0,"key":"Centennial Puzzle"},{"floor":9.0,"key":"HornCleat"},{"floor":12.0,"key":"Orichalcum"},{"floor":14.0,"key":"Lizard Tail"},{"floor":17.0,"key":"Vajra"},{"floor":17.0,"key":"Frozen Egg 2"},{"floor":17.0,"key":"Thread and Needle"},{"floor":22.0,"key":"Charon\u0027s Ashes"},{"floor":23.0,"key":"White Beast Statue"},{"floor":26.0,"key":"Tiny Chest"},{"floor":27.0,"key":"Meat on the Bone"},{"floor":31.0,"key":"Torii"}],"event_choices":[{"cards_removed":["Strike_R"],"damage_healed":0.0,"max_hp_gain":0.0,"max_hp_loss":0.0,"gold_gain":0.0,"event_name":"Golden Wing","player_choice":"Card Removal","floor":2.0,"gold_loss":0.0,"damage_taken":7.0},{"damage_healed":0.0,"max_hp_gain":0.0,"max_hp_loss":0.0,"gold_gain":0.0,"event_name":"WeMeetAgain","player_choice":"Paid Gold","floor":4.0,"gold_loss":82.0,"damage_taken":0.0,"relics_obtained":["Kunai"]},{"damage_healed":0.0,"max_hp_gain":0.0,"max_hp_loss":0.0,"gold_gain":0.0,"event_name":"Match and Keep!","player_choice":"2 cards matched","floor":13.0,"gold_loss":0.0,"damage_taken":0.0,"cards_obtained":["Brutality","Dramatic Entrance"]},{"damage_healed":0.0,"max_hp_gain":0.0,"max_hp_loss":0.0,"gold_gain":0.0,"event_name":"The Mausoleum","player_choice":"Opened","floor":20.0,"gold_loss":0.0,"damage_taken":0.0,"relics_obtained":["Letter Opener"]},{"damage_healed":0.0,"max_hp_gain":0.0,"max_hp_loss":0.0,"gold_gain":0.0,"event_name":"Addict","player_choice":"Stole Relic","floor":30.0,"gold_loss":0.0,"damage_taken":0.0,"relics_obtained":["Shuriken"],"cards_obtained":["Shame"]}],"is_beta":false,"boss_relics":[{"not_picked":["Runic Pyramid","Cursed Key"],"picked":"Calling Bell"},{"not_picked":["Black Blood","Runic Dome"],"picked":"Black Star"}],"items_purged_floors":[28,36],"is_endless":false,"potions_floor_spawned":[5,11,12,14,16,23,24,25,27,31,33],"killed_by":"Shield and Spear","ascension_level":10}}