{"host":"90jl2h70xtuoeg0i","time":1607733219,"event":{"mods":["AchievementEnabler","BaseMod","Colored Map","Colored Powertips","Minty Spire (QoL Compilation)","Relic Stats","ojb\u0027s Better Paths Mod","ojb\u0027s Info Mod"],"gold_per_floor":[112,128,128,142,159,159,175,207,207,132,132,132,132,19,19,93,93,109,109,109,126,126,126],"floor_reached":22,"playtime":1516,"items_purged":["Strike_G"],"score":322,"play_id":"90228fcb-2612-4e50-ad6d-b0dea91b48d8","local_time":"20201211193339","is_ascension_mode":true,"campfire_choices":[{"floor":6,"key":"REST"},{"data":"Deadly Poison","floor":11,"key":"SMITH"},{"floor":15,"key":"REST"}],"circlet_count":0,"master_deck":["AscendersBane","Strike_G","Strike_G","Strike_G","Defend_G","Defend_G","Defend_G","Defend_G","Survivor","Neutralize","Deadly Poison+1","Blade Dance","Underhanded Strike","Tactician","Caltrops","Dash","Malaise","Leg Sweep","Dagger Throw"],"relics":["Snecko Eye","Incense Burner","Nunchaku","SacredBark","Ninja Scroll"],"acts_visited":["Exordium","TheCity"],"potions_floor_usage":[22],"damage_taken":[{"damage":0.0,"enemies":"2 Louse","floor":1.0,"turns":3.0},{"damage":17.0,"enemies":"Jaw Worm","floor":2.0,"turns":6.0},{"damage":3.0,"enemies":"Small Slimes","floor":4.0,"turns":4.0},{"damage":0.0,"enemies":"Exordium Wildlife","floor":5.0,"turns":4.0},{"damage":7,"enemies":"Large Slime","floor":7,"turns":6},{"damage":37,"enemies":"3 Sentries","floor":8,"turns":10},{"damage":22,"enemies":"The Guardian","floor":16,"turns":9},{"damage":18,"enemies":"Chosen","floor":18,"turns":4},{"damage":4,"enemies":"Spheric Guardian","floor":21,"turns":6},{"damage":13,"enemies":"Cultist and Chosen","floor":22,"turns":4}],"seed_played":"-4595774392895569176","potions_obtained":[{"floor":1.0,"key":"Fire Potion"},{"floor":5,"key":"Ancient Potion"},{"floor":16,"key":"CultistPotion"}],"is_trial":false,"path_per_floor":["M","M","?","M","M","R","M","E","T","?","R","?","?","$","R","B",null,"M","?","T","M","M"],"character_chosen":"THE_SILENT","items_purchased":["Dash"],"campfire_rested":2,"item_purchase_floors":[14],"current_hp_per_floor":[59,42,42,39,39,58,51,14,14,14,14,9,9,9,28,6,51,33,15,15,11,0,0],"gold":126,"neow_bonus":"BOSS_RELIC","is_daily":false,"chose_seed":false,"campfire_upgraded":1,"win_rate":0.0,"timestamp":1607733219,"path_taken":["M","M","?","M","M","R","M","E","T","?","R","?","?","$","R","BOSS","M","?","?","M","M"],"items_purchased_type":["Card"],"build_version":"2020-11-30","purchased_purges":1,"victory":false,"max_hp_per_floor":[66,66,66,66,66,66,66,66,66,66,66,66,66,66,66,66,66,66,71,71,71,71,71],"relic_stats":{"Nunchaku":[6],"counters":[10,56],"Snecko Eye":[74,110,70,99],"obtain_stats":[{"Nunchaku":12,"Ninja Scroll":20,"SacredBark":17,"Snecko Eye":0,"Incense Burner":8,"Ring of the Snake":0},{"Nunchaku":6,"Ninja Scroll":8,"SacredBark":7,"Snecko Eye":0,"Incense Burner":6,"Ring of the Snake":0},{"Nunchaku":33,"Ninja Scroll":46,"SacredBark":42,"Snecko Eye":0,"Incense Burner":33,"Ring of the Snake":0}]},"card_choices":[{"not_picked":["Caltrops","Blur"],"picked":"Deadly Poison","floor":1.0},{"not_picked":["Caltrops","Acrobatics"],"picked":"Blade Dance","floor":2.0},{"not_picked":["Deadly Poison","Caltrops"],"picked":"Underhanded Strike","floor":4.0},{"not_picked":["Endless Agony","Sucker Punch","Flying Knee"],"picked":"SKIP","floor":5},{"not_picked":["Escape Plan","Slice","Acrobatics"],"picked":"SKIP","floor":7},{"not_picked":["Backflip","Blade Dance"],"picked":"Tactician","floor":8},{"not_picked":["Doppelganger","Night Terror"],"picked":"Malaise","floor":16},{"not_picked":["Deflect","Sucker Punch"],"picked":"Leg Sweep","floor":18},{"not_picked":["Quick Slash","Acrobatics"],"picked":"Dagger Throw","floor":21}],"player_experience":1229919,"relics_obtained":[{"floor":8,"key":"Incense Burner"},{"floor":20,"key":"Ninja Scroll"}],"event_choices":[{"damage_healed":0.0,"max_hp_gain":0.0,"max_hp_loss":0.0,"gold_gain":0.0,"event_name":"Liars Game","player_choice":"Ignored","floor":3.0,"gold_loss":0.0,"damage_taken":0.0},{"cards_removed":["Defend_G"],"damage_healed":0,"gold_gain":0,"player_choice":"Card Removal","damage_taken":0,"max_hp_gain":0,"max_hp_loss":0,"event_name":"The Cleric","floor":10,"gold_loss":75},{"damage_healed":0,"gold_gain":0,"player_choice":"Success","damage_taken":5,"relics_obtained":["Nunchaku"],"max_hp_gain":0,"max_hp_loss":0,"event_name":"Scrap Ooze","floor":12,"gold_loss":0},{"damage_healed":0,"gold_gain":0,"cards_transformed":["Strike_G"],"player_choice":"Change","damage_taken":0,"max_hp_gain":0,"max_hp_loss":0,"event_name":"Living Wall","floor":13,"gold_loss":0,"cards_obtained":["Caltrops"]},{"damage_healed":0,"gold_gain":0,"player_choice":"Shed Blood","damage_taken":23,"max_hp_gain":5,"max_hp_loss":0,"event_name":"Forgotten Altar","floor":19,"gold_loss":0}],"is_beta":false,"boss_relics":[{"not_picked":["Black Star","WristBlade"],"picked":"SacredBark"}],"items_purged_floors":[14],"is_endless":false,"potions_floor_spawned":[1,5,16,18,21],"killed_by":"Cultist and Chosen","ascension_level":15}}