{"host":"w4b7hmige5bnqipq","time":1607734558,"event":{"mods":["BaseMod","Minty Spire (QoL Compilation)","Rare Cards Sparkle","SuperFastMode","everything is the same but u backflip on backflip","slay the spire mod where everything is the same but ironclad has a cowboy hat"],"gold_per_floor":[16,16,16,16,79,79,178,178,178],"floor_reached":8,"playtime":117,"items_purged":[],"score":88,"play_id":"ff78deb1-05cf-4f62-a863-72b37aab4dbe","local_time":"20201212095558","is_ascension_mode":true,"campfire_choices":[{"data":"Dash","floor":6,"key":"SMITH"}],"circlet_count":0,"master_deck":["AscendersBane","Strike_G","Strike_G","Strike_G","Strike_G","Strike_G","Defend_G","Defend_G","Defend_G","Defend_G","Defend_G","Survivor","Neutralize","Grand Finale+1","Dash+1","Dagger Spray+1"],"relics":["Ring of the Snake","Golden Idol","SsserpentHead","Whetstone"],"acts_visited":["Exordium"],"potions_floor_usage":[5,8],"damage_taken":[{"damage":6.0,"enemies":"2 Louse","floor":1.0,"turns":3.0},{"damage":0,"enemies":"Jaw Worm","floor":5,"turns":3},{"damage":49,"enemies":"Gremlin Nob","floor":8,"turns":4}],"seed_played":"3787650034615089212","potions_obtained":[{"floor":1.0,"key":"CunningPotion"},{"floor":5,"key":"SkillPotion"}],"is_trial":false,"path_per_floor":["M","?","$","?","M","R","T","E"],"character_chosen":"THE_SILENT","items_purchased":[],"campfire_rested":0,"item_purchase_floors":[],"current_hp_per_floor":[53,30,30,30,30,30,30,0,0],"gold":178,"neow_bonus":"THREE_RARE_CARDS","is_daily":false,"chose_seed":false,"campfire_upgraded":1,"win_rate":0.0,"timestamp":1607734558,"path_taken":["M","?","$","?","?","R","?","E"],"items_purchased_type":[],"build_version":"2020-11-30","purchased_purges":0,"victory":false,"max_hp_per_floor":[66,66,66,66,66,66,66,66,66],"card_choices":[{"not_picked":["Storm of Steel","Doppelganger"],"picked":"Grand Finale","floor":0.0},{"not_picked":["Underhanded Strike","Deflect"],"picked":"Dash","floor":1.0},{"not_picked":["Predator","Cloak And Dagger"],"picked":"Dagger Spray","floor":5}],"player_experience":379330,"relics_obtained":[{"floor":7,"key":"Whetstone"}],"event_choices":[{"damage_healed":0.0,"max_hp_gain":0.0,"max_hp_loss":0.0,"gold_gain":0.0,"event_name":"Golden Idol","player_choice":"Take Damage","floor":2.0,"gold_loss":0.0,"damage_taken":23.0,"relics_obtained":["Golden Idol"]},{"damage_healed":0.0,"max_hp_gain":0.0,"max_hp_loss":0.0,"gold_gain":0.0,"event_name":"FaceTrader","player_choice":"Trade","floor":4.0,"gold_loss":0.0,"damage_taken":0.0,"relics_obtained":["SsserpentHead"]}],"is_beta":false,"boss_relics":[],"items_purged_floors":[],"is_endless":false,"potions_floor_spawned":[1,5],"killed_by":"Gremlin Nob","ascension_level":20}}