{"host":"p6y17sixyu8q9v1f","time":1607782547,"event":{"mods":["BaseMod","Colored Map","Minty Spire (QoL Compilation)"],"gold_per_floor":[111,286,286,236,254,289,289,289,289,330,330,330,42,60,60,183,183,201,221,265,265,265,265,280,280,280,380,380,380,182,199,199,303,303,316,316,327,107,107,119,154,154,154,429,161,187,187,187],"floor_reached":47,"playtime":1258,"items_purged":["Defend_B","Meteor Strike","Strike_B","Regret"],"score":607,"play_id":"da740964-fa0a-43a8-a21e-1af87e00f5b4","local_time":"20201212081547","is_ascension_mode":true,"campfire_choices":[{"data":"Zap","floor":8,"key":"SMITH"},{"floor":12,"key":"REST"},{"data":"Redo","floor":15,"key":"SMITH"},{"data":"Static Discharge","floor":23,"key":"SMITH"},{"data":"Static Discharge","floor":29,"key":"SMITH"},{"floor":32,"key":"REST"},{"floor":42,"key":"REST"}],"circlet_count":0,"master_deck":["Strike_B+1","Strike_B+1","Defend_B","Defend_B","Zap+1","Dualcast","Electrodynamics+1","Leap","Conserve Battery","Static Discharge+1","Redo+1","Ball Lightning","Ball Lightning+1","Static Discharge+1","Reboot","Leap","Static Discharge+1","Mayhem","Defragment"],"relics":["Cracked Core","Whetstone","Bloody Idol","The Courier","Juzu Bracelet","PreservedInsect","Kunai","Velvet Choker","Red Mask","Nilry\u0027s Codex","Pear","Turnip","Pantograph","Toy Ornithopter","Nuclear Battery","Bronze Scales","Pen Nib","Bottled Flame","Omamori"],"acts_visited":["Exordium","TheCity","TheBeyond"],"potions_floor_usage":[20,31,35,40,47],"damage_taken":[{"damage":2,"enemies":"Jaw Worm","floor":1,"turns":3},{"damage":0,"enemies":"Small Slimes","floor":5,"turns":2},{"damage":39,"enemies":"Gremlin Nob","floor":6,"turns":5},{"damage":11,"enemies":"3 Sentries","floor":10,"turns":4},{"damage":0,"enemies":"2 Louse","floor":14,"turns":1},{"damage":5,"enemies":"Slime Boss","floor":16,"turns":6},{"damage":8,"enemies":"Spheric Guardian","floor":18,"turns":3},{"damage":2,"enemies":"Chosen","floor":19,"turns":4},{"damage":12,"enemies":"Masked Bandits","floor":20,"turns":3},{"damage":0,"enemies":"Centurion and Healer","floor":24,"turns":4},{"damage":12,"enemies":"Colosseum Slavers","floor":27,"turns":2},{"damage":17,"enemies":"Colosseum Nobs","floor":27,"turns":3},{"damage":19,"enemies":"Snake Plant","floor":31,"turns":3},{"damage":23,"enemies":"Collector","floor":33,"turns":6},{"damage":9,"enemies":"Orb Walker","floor":35,"turns":3},{"damage":8,"enemies":"3 Shapes","floor":37,"turns":3},{"damage":0,"enemies":"Jaw Worm Horde","floor":40,"turns":1},{"damage":49,"enemies":"Giant Head","floor":41,"turns":5},{"damage":15,"enemies":"Nemesis","floor":46,"turns":1},{"damage":93,"enemies":"Transient","floor":47,"turns":5}],"seed_played":"-6435642271003392065","potions_obtained":[{"floor":1,"key":"Strength Potion"},{"floor":5,"key":"Dexterity Potion"},{"floor":6,"key":"BlessingOfTheForge"},{"floor":20,"key":"SpeedPotion"},{"floor":27,"key":"Fire Potion"},{"floor":31,"key":"Weak Potion"},{"floor":35,"key":"LiquidMemories"},{"floor":40,"key":"Energy Potion"}],"is_trial":false,"path_per_floor":["M","?","?","?","M","E","?","R","T","E","?","R","$","M","R","B",null,"M","M","?","?","?","R","M","?","T","?","?","R","$","M","R","B",null,"M","?","M","$","?","M","E","R","T","?","$","E","M"],"character_chosen":"DEFECT","items_purchased":["Static Discharge","Kunai","Toy Ornithopter","Bronze Scales","Mayhem"],"campfire_rested":3,"item_purchase_floors":[13,13,30,38,45],"current_hp_per_floor":[73,73,73,73,73,34,34,34,34,23,16,36,36,36,36,31,69,61,59,47,47,47,47,52,36,46,22,48,48,48,39,62,61,79,75,75,72,72,72,79,35,58,58,63,63,53,0,0],"gold":187,"neow_bonus":"ONE_RANDOM_RARE_CARD","is_daily":false,"chose_seed":false,"campfire_upgraded":4,"win_rate":0.0,"timestamp":1607782547,"path_taken":["M","?","?","?","M","E","?","R","T","E","?","R","$","M","R","BOSS","M","M","?","?","?","R","M","?","T","?","?","R","$","M","R","BOSS","M","?","M","$","?","M","E","R","T","?","$","E","M"],"items_purchased_type":["Card","Relic","Relic","Relic","Card"],"build_version":"2020-11-30","purchased_purges":4,"victory":false,"max_hp_per_floor":[75,75,75,75,75,75,69,69,69,69,69,69,69,69,69,69,69,69,69,69,69,69,69,69,69,79,79,79,79,79,79,79,79,79,79,79,79,79,79,79,79,79,79,79,79,79,79,79],"card_choices":[{"not_picked":["Undo","Go for the Eyes"],"picked":"Leap","floor":1},{"not_picked":["Heatsinks","Stack","Go for the Eyes"],"picked":"SKIP","floor":5},{"not_picked":["Aggregate","Stack","Darkness"],"picked":"SKIP","floor":6},{"not_picked":["Turbo","Auto Shields"],"picked":"Conserve Battery","floor":10},{"not_picked":["Turbo","Recycle"],"picked":"Redo","floor":14},{"not_picked":["Core Surge","Fission"],"picked":"Meteor Strike","floor":16},{"not_picked":["Steam Power","Sweeping Beam"],"picked":"Ball Lightning","floor":18},{"not_picked":["Cold Snap","Blizzard","Compile Driver+1"],"picked":"SKIP","floor":19},{"not_picked":["Conserve Battery","Scrape+1"],"picked":"Ball Lightning+1","floor":20},{"not_picked":["Barrage","Chill","Cold Snap"],"picked":"SKIP","floor":24},{"not_picked":["Steam Power","Barrage","Leap"],"picked":"SKIP","floor":31},{"not_picked":["Multi-Cast","Amplify"],"picked":"Reboot","floor":33},{"not_picked":["Rebound+1","Barrage+1","Hello World+1"],"picked":"SKIP","floor":35},{"not_picked":["Hello World","Go for the Eyes+1","Steam+1"],"picked":"SKIP","floor":37},{"not_picked":["Beam Cell+1","Aggregate+1"],"picked":"Leap","floor":40},{"not_picked":["Blizzard","FTL+1"],"picked":"Static Discharge+1","floor":41},{"not_picked":["Reprogram","Rebound+1"],"picked":"Defragment","floor":46}],"player_experience":741843,"relics_obtained":[{"floor":6,"key":"Whetstone"},{"floor":9,"key":"The Courier"},{"floor":10,"key":"Juzu Bracelet"},{"floor":20,"key":"Red Mask"},{"floor":25,"key":"Nilry\u0027s Codex"},{"floor":26,"key":"Pear"},{"floor":27,"key":"Turnip"},{"floor":27,"key":"Pantograph"},{"floor":41,"key":"Pen Nib"},{"floor":43,"key":"Bottled Flame"},{"floor":46,"key":"Omamori"}],"event_choices":[{"damage_healed":0,"gold_gain":175,"player_choice":"AGREE","damage_taken":0,"max_hp_gain":0,"max_hp_loss":0,"event_name":"Liars Game","floor":2,"gold_loss":0,"cards_obtained":["Doubt"]},{"damage_healed":0,"gold_gain":0,"player_choice":"Grow","damage_taken":0,"max_hp_gain":0,"max_hp_loss":0,"event_name":"Living Wall","floor":3,"gold_loss":0,"cards_upgraded":["Electrodynamics"]},{"cards_removed":["Doubt"],"damage_healed":0,"gold_gain":0,"player_choice":"Card Removal","damage_taken":0,"max_hp_gain":0,"max_hp_loss":0,"event_name":"The Cleric","floor":4,"gold_loss":50},{"damage_healed":0,"gold_gain":0,"player_choice":"Lose Max HP","damage_taken":0,"relics_obtained":["Golden Idol"],"max_hp_gain":0,"max_hp_loss":6,"event_name":"Golden Idol","floor":7,"gold_loss":0},{"damage_healed":0,"gold_gain":0,"player_choice":"Success","damage_taken":7,"relics_obtained":["PreservedInsect"],"max_hp_gain":0,"max_hp_loss":0,"event_name":"Scrap Ooze","floor":11,"gold_loss":0},{"damage_healed":0,"gold_gain":0,"player_choice":"Fought Bandits","damage_taken":0,"max_hp_gain":0,"max_hp_loss":0,"event_name":"Masked Bandits","floor":20,"gold_loss":0},{"damage_healed":0,"gold_gain":0,"player_choice":"Copied","damage_taken":0,"max_hp_gain":0,"max_hp_loss":0,"event_name":"Duplicator","floor":21,"gold_loss":0,"cards_obtained":["Static Discharge"]},{"damage_healed":0,"gold_gain":0,"player_choice":"Gave Idol","damage_taken":0,"relics_obtained":["Bloody Idol"],"max_hp_gain":0,"max_hp_loss":0,"event_name":"Forgotten Altar","floor":22,"relics_lost":["Golden Idol"],"gold_loss":0},{"damage_healed":0,"gold_gain":0,"player_choice":"Obtained Book","damage_taken":16,"max_hp_gain":0,"max_hp_loss":0,"event_name":"Cursed Tome","floor":25,"gold_loss":0},{"damage_healed":0,"gold_gain":0,"player_choice":"Fight","damage_taken":0,"max_hp_gain":0,"max_hp_loss":0,"event_name":"Colosseum","floor":27,"gold_loss":0},{"damage_healed":0,"gold_gain":0,"player_choice":"Fought Nobs","damage_taken":0,"max_hp_gain":0,"max_hp_loss":0,"event_name":"Colosseum","floor":27,"gold_loss":0},{"damage_healed":26,"gold_gain":0,"player_choice":"Heal","damage_taken":0,"max_hp_gain":0,"max_hp_loss":0,"event_name":"The Library","floor":28,"gold_loss":0},{"cards_removed":["Strike_B"],"damage_healed":0,"gold_gain":0,"player_choice":"Offered Basic","damage_taken":0,"max_hp_gain":0,"max_hp_loss":0,"event_name":"Bonfire Elementals","floor":36,"gold_loss":0},{"cards_removed":["Defend_B"],"damage_healed":0,"gold_gain":0,"player_choice":"Removed Skill","damage_taken":0,"max_hp_gain":0,"max_hp_loss":0,"event_name":"Falling","floor":39,"gold_loss":0},{"damage_healed":0,"gold_gain":275,"player_choice":"Desecrate","damage_taken":0,"max_hp_gain":0,"max_hp_loss":0,"event_name":"Golden Shrine","floor":44,"gold_loss":0,"cards_obtained":["Regret"]}],"is_beta":false,"boss_relics":[{"not_picked":["Snecko Eye","Runic Dome"],"picked":"Velvet Choker"},{"not_picked":["Coffee Dripper","Tiny House"],"picked":"Nuclear Battery"}],"items_purged_floors":[13,30,38,45],"is_endless":false,"potions_floor_spawned":[1,5,6,20,27,27,31,35,40],"killed_by":"Transient","ascension_level":4}}