{"host":"9z9bilz90zy1bfdt","time":1607770135,"event":{"mods":["BaseMod","Minty Spire (QoL Compilation)","StSLib","SuperFastMode"],"gold_per_floor":[109,109,123,48,63,63,83,117,144,176,176,176,208,208,208,304,354,365,365,365,212,212,212,212],"floor_reached":23,"playtime":754,"items_purged":["Defend_P"],"score":383,"play_id":"09f5b128-6fbc-4cd8-a52f-c4f8d1fec4a4","local_time":"20201212194854","is_ascension_mode":true,"campfire_choices":[{"data":"Eruption","floor":6.0,"key":"SMITH"},{"data":"Pray","floor":11.0,"key":"SMITH"},{"floor":15.0,"key":"REST"}],"circlet_count":0,"master_deck":["AscendersBane","Defend_P","Defend_P","Vigilance","SignatureMove+1","Master of Strategy","InnerPeace","Pray+1","Tantrum","Evaluate","Swivel+1","Vault","MentalFortress"],"relics":["PureWater","MealTicket","Omamori","Boot","Anchor","Kunai","Tiny House","PrismaticShard","Enchiridion"],"acts_visited":["Exordium","TheCity"],"potions_floor_usage":[23,23],"damage_taken":[{"damage":0.0,"enemies":"Small Slimes","floor":1.0,"turns":3.0},{"damage":0.0,"enemies":"Cultist","floor":3.0,"turns":2.0},{"damage":0.0,"enemies":"2 Louse","floor":5.0,"turns":3.0},{"damage":10.0,"enemies":"Exordium Wildlife","floor":7.0,"turns":2.0},{"damage":17.0,"enemies":"3 Sentries","floor":8.0,"turns":5.0},{"damage":0.0,"enemies":"Gremlin Nob","floor":10.0,"turns":2.0},{"damage":15.0,"enemies":"3 Sentries","floor":13.0,"turns":3.0},{"damage":2.0,"enemies":"The Guardian","floor":16.0,"turns":8.0},{"damage":12.0,"enemies":"2 Thieves","floor":18.0,"turns":4.0},{"damage":49,"enemies":"Gremlin Leader","floor":23,"turns":5}],"seed_played":"-5531242358859934294","potions_obtained":[{"floor":7.0,"key":"SpeedPotion"},{"floor":13.0,"key":"ColorlessPotion"},{"floor":17.0,"key":"Weak Potion"}],"is_trial":false,"path_per_floor":["M","?","M","$","M","R","M","E","T","E","R","?","E","?","R","B",null,"M","?","?","$","?","E"],"character_chosen":"WATCHER","items_purchased":["PrismaticShard"],"campfire_rested":1,"item_purchase_floors":[21],"current_hp_per_floor":[65,65,65,65,65,65,55,38,38,38,38,31,16,9,28,26,60,48,48,48,63,47,0,0],"gold":212,"neow_bonus":"RANDOM_COLORLESS_2","is_daily":false,"chose_seed":false,"campfire_upgraded":2,"win_rate":0.0,"timestamp":1607770134,"path_taken":["M","?","M","$","M","R","?","E","T","E","R","?","E","?","R","BOSS","M","?","?","$","?","E"],"items_purchased_type":["Relic"],"build_version":"2020-11-30","purchased_purges":1,"victory":false,"max_hp_per_floor":[65,65,65,65,65,65,65,65,65,65,65,65,65,65,65,65,70,70,70,70,70,70,70,70],"card_choices":[{"not_picked":["Violence","Thinking Ahead"],"picked":"Master of Strategy","floor":0.0},{"not_picked":["BattleHymn","SashWhip"],"picked":"InnerPeace","floor":1.0},{"not_picked":["CutThroughFate","SashWhip"],"picked":"Pray","floor":3.0},{"not_picked":["Evaluate","JustLucky"],"picked":"Tantrum","floor":5.0},{"not_picked":["CutThroughFate","WheelKick"],"picked":"Evaluate","floor":7.0},{"not_picked":["ClearTheMind","BowlingBash","ConjureBlade"],"picked":"SKIP","floor":8.0},{"not_picked":["WheelKick","FollowUp","ClearTheMind"],"picked":"SKIP","floor":10.0},{"not_picked":["Prostrate","EmptyFist"],"picked":"Swivel","floor":13.0},{"not_picked":["Alpha","DeusExMachina"],"picked":"Vault","floor":16.0},{"not_picked":["JustLucky","Consecrate","FollowUp"],"picked":"SKIP","floor":18.0}],"player_experience":320930,"relics_obtained":[{"floor":8.0,"key":"MealTicket"},{"floor":9.0,"key":"Omamori"},{"floor":10.0,"key":"Boot"},{"floor":13.0,"key":"Kunai"},{"floor":22,"key":"Enchiridion"}],"event_choices":[{"damage_healed":0.0,"max_hp_gain":0.0,"max_hp_loss":0.0,"gold_gain":0.0,"event_name":"Match and Keep!","player_choice":"0 cards matched","floor":2.0,"gold_loss":0.0,"damage_taken":0.0,"cards_obtained":[]},{"damage_healed":0.0,"max_hp_gain":0.0,"max_hp_loss":0.0,"gold_gain":0.0,"event_name":"Scrap Ooze","player_choice":"Success","floor":12.0,"gold_loss":0.0,"damage_taken":7.0,"relics_obtained":["Anchor"]},{"cards_removed":["Eruption"],"damage_healed":0.0,"max_hp_gain":0.0,"max_hp_loss":0.0,"gold_gain":0.0,"event_name":"Golden Wing","player_choice":"Card Removal","floor":14.0,"gold_loss":0.0,"damage_taken":7.0},{"damage_healed":0.0,"max_hp_gain":0.0,"max_hp_loss":0.0,"gold_gain":0.0,"event_name":"The Library","player_choice":"Read","floor":19.0,"gold_loss":0.0,"damage_taken":0.0,"cards_obtained":["MentalFortress"]},{"cards_removed":["Defend_P"],"damage_healed":0.0,"max_hp_gain":0.0,"max_hp_loss":0.0,"gold_gain":0.0,"event_name":"Back to Basics","player_choice":"Elegance","floor":20.0,"gold_loss":0.0,"damage_taken":0.0},{"damage_healed":0,"gold_gain":0,"player_choice":"Obtained Book","damage_taken":16,"max_hp_gain":0,"max_hp_loss":0,"event_name":"Cursed Tome","floor":22,"gold_loss":0}],"is_beta":false,"boss_relics":[{"not_picked":["Calling Bell","SacredBark"],"picked":"Tiny House"}],"items_purged_floors":[4],"is_endless":false,"potions_floor_spawned":[7,13],"killed_by":"Gremlin Leader","ascension_level":10}}