{"host":"39edsv1n7lhvfemz","time":1607780128,"event":{"mods":["Act Like it!","BaseMod","Better Vampires","Better-Laid Plans","CapriCore","Friendly Minions","Lobotomy","LobotomyExtend","Minty Spire (QoL Compilation)","Pale of the Ancients","StSLib","The Jungle","Waifu the Spire","noobMod","¡¾ÒÅÎï¿¨ÅÆ¡¿REMEMod"],"gold_per_floor":[109,120,133,34,34,34,94,94,94,127,142,161,61,61,61,61,61],"floor_reached":16,"playtime":719,"items_purged":["Woodsman","CENSORED"],"score":210,"play_id":"73556ccd-9266-44ee-a556-fb9d429d8b70","local_time":"20201212213528","is_ascension_mode":true,"campfire_choices":[{"data":"Blade Dance","floor":6,"key":"SMITH"},{"floor":15,"key":"REST"}],"circlet_count":0,"master_deck":[],"relics":["Ring of the Snake","ice","REME_ComplimentaryCards","CogitoBucket","LetterFromLob","Ancient Tea Set","Sundial","Nunchaku","Potion Belt","Theresia","HonorFeather","InspiredRelic"],"acts_visited":["Exordium"],"potions_floor_usage":[11],"damage_taken":[{"damage":2,"enemies":"Cultist","floor":1,"turns":4},{"damage":7,"enemies":"Jaw Worm","floor":2,"turns":3},{"damage":6,"enemies":"2 Louse","floor":3,"turns":2},{"damage":45,"enemies":"Lagavulin Event","floor":7,"turns":6},{"damage":36,"enemies":"Lagavulin","floor":10,"turns":6},{"damage":29,"enemies":"Exordium Thugs","floor":11,"turns":6},{"damage":8,"enemies":"Red Slaver","floor":12,"turns":2},{"damage":55,"enemies":"Blue Slaver","floor":14,"turns":2},{"damage":149,"enemies":"The Guardian","floor":16,"turns":12}],"seed_played":"-1086126053201337941","potions_obtained":[{"floor":1,"key":"SmokeBomb"},{"floor":10,"key":"SkillPotion"},{"floor":11,"key":"Poison Potion"}],"is_trial":false,"path_per_floor":["M","M","M","$","?","R","?","T","T","E","M","M","$","M","R","B"],"character_chosen":"THE_SILENT","items_purchased":["Blade Dance"],"campfire_rested":1,"item_purchase_floors":[4],"current_hp_per_floor":[61,54,60,60,53,53,8,8,8,59,54,49,49,29,79,0,0],"gold":61,"neow_bonus":"","is_daily":false,"chose_seed":false,"campfire_upgraded":1,"win_rate":0.0,"timestamp":1607780128,"path_taken":["M","?","M","$","?","R","?","?","T","E","M","M","$","M","R","BOSS"],"items_purchased_type":["Card"],"build_version":"2020-11-30","purchased_purges":2,"victory":false,"max_hp_per_floor":[70,70,70,70,70,70,70,70,70,72,82,83,83,79,79,100,100],"card_choices":[{"not_picked":["Tactician","Outmaneuver"],"picked":"REME_GreenPollution","floor":1},{"not_picked":["OSAHOGD","Scorched","UniverseFragment"],"picked":"Singing Bowl","floor":1},{"not_picked":["ShyLook","Bloodbath"],"picked":"Woodsman","floor":2},{"not_picked":["Poisoned Stab","Deadly Poison","Quick Slash"],"picked":"SKIP","floor":2},{"not_picked":["DreamingCurrent","Bloodbath"],"picked":"BlackSwan","floor":3},{"not_picked":["Skewer","Caltrops"],"picked":"Prepared","floor":3},{"not_picked":["OldLady","FairyFestival"],"picked":"CENSORED","floor":7},{"not_picked":["Escape Plan","Dagger Spray"],"picked":"Accuracy","floor":7},{"not_picked":["LaLuna","FairyFestival","Laetitia"],"picked":"Singing Bowl","floor":10},{"not_picked":["Scorched","MeatLantern"],"picked":"Funeral","floor":10},{"not_picked":["Riddle With Holes","Accuracy"],"picked":"After Image","floor":10},{"not_picked":["Flying Knee","Sucker Punch"],"picked":"Blade Dance","floor":11},{"not_picked":["PunishingBird","WallGazer"],"picked":"QueenBee","floor":11},{"not_picked":["UniverseFragment","ShyLook"],"picked":"LittlePrince","floor":12},{"not_picked":["Acrobatics","Flechettes","Prepared"],"picked":"SKIP","floor":12}],"player_experience":142030,"relics_obtained":[{"floor":1,"key":"LetterFromLob"},{"floor":9,"key":"Nunchaku"},{"floor":10,"key":"Potion Belt"}],"event_choices":[{"damage_healed":0,"gold_gain":0,"player_choice":"Success","damage_taken":7,"relics_obtained":["Ancient Tea Set"],"max_hp_gain":0,"max_hp_loss":0,"event_name":"Scrap Ooze","floor":5,"gold_loss":0},{"damage_healed":0,"gold_gain":30,"player_choice":"Searched \u00273\u0027 times","damage_taken":0,"relics_obtained":["Sundial"],"max_hp_gain":0,"max_hp_loss":0,"event_name":"Dead Adventurer","floor":7,"gold_loss":0}],"is_beta":false,"boss_relics":[],"items_purged_floors":[4,13],"is_endless":false,"potions_floor_spawned":[1,7,10,11],"killed_by":"The Guardian","ascension_level":12}}