{"host":"hfxp6ue4pvwo3fit","time":1607753292,"event":{"mods":["AchievementEnabler","BaseMod","Colored Map","Colored Powertips","Highlight Path","Minty Spire (QoL Compilation)","StSLib","SuperFastMode"],"gold_per_floor":[110,3,14,33,53,87,87,120,168,168,23,23,55,83,95,182,194,134,7,7,7,7,7,7,7,7,7,7,7,7,7,7,7,7,7,7,7,0,0,0,0,0,0,0,0,0,0,0,0,0],"floor_reached":51,"playtime":2587,"items_purged":["Strike_B"],"score":1537,"play_id":"6e1b131f-3edb-46bf-860e-91aa6b584e23","local_time":"20201212000812","is_ascension_mode":true,"campfire_choices":[{"data":"Zap","floor":7,"key":"SMITH"},{"data":"Hologram","floor":12,"key":"SMITH"},{"data":"Defragment","floor":15,"key":"SMITH"},{"floor":24,"key":"REST"},{"data":"Echo Form","floor":28,"key":"SMITH"},{"floor":32,"key":"REST"},{"floor":41,"key":"REST"},{"data":"Creative AI","floor":45,"key":"SMITH"},{"data":"Glacier","floor":49,"key":"SMITH"}],"circlet_count":0,"master_deck":["AscendersBane","Strike_B+1","Strike_B+1","Strike_B+1","Defend_B+1","Defend_B+1","Defend_B+1","Defend_B+1","Zap+1","Dualcast","Glacier","Genetic Algorithm","Cold Snap","Ball Lightning","Conserve Battery+1","Compile Driver","Gash","Capacitor+1","Hologram+1","Echo Form+1","Defragment+1","Electrodynamics","Steam","Coolheaded","Steam+1","Glacier+1","Coolheaded+1","Capacitor+1","Creative AI+1","Blizzard","Defragment+1","Barrage","Self Repair","Heatsinks+1"],"relics":["FrozenCore","NeowsBlessing","Pear","Shuriken","Vajra","MawBank","Ectoplasm","MutagenicStrength","Turnip","Mercury Hourglass","Whetstone","War Paint","Red Mask","Bottled Tornado","CeramicFish","Sundial","Bag of Marbles","Gambling Chip","PreservedInsect"],"acts_visited":["Exordium","TheCity","TheBeyond"],"potions_floor_usage":[11,14,25,42,50],"damage_taken":[{"damage":0,"enemies":"Small Slimes","floor":1,"turns":1},{"damage":0,"enemies":"Cultist","floor":3,"turns":1},{"damage":0,"enemies":"Jaw Worm","floor":4,"turns":1},{"damage":5,"enemies":"Red Slaver","floor":5,"turns":4},{"damage":16,"enemies":"3 Sentries","floor":6,"turns":11},{"damage":24,"enemies":"Lagavulin","floor":8,"turns":7},{"damage":7,"enemies":"3 Sentries","floor":13,"turns":8},{"damage":0,"enemies":"2 Fungi Beasts","floor":14,"turns":3},{"damage":0,"enemies":"Hexaghost","floor":16,"turns":9},{"damage":21,"enemies":"2 Thieves","floor":18,"turns":3},{"damage":0,"enemies":"3 Byrds","floor":21,"turns":2},{"damage":14,"enemies":"Book of Stabbing","floor":23,"turns":7},{"damage":33,"enemies":"Slavers","floor":25,"turns":4},{"damage":12,"enemies":"Book of Stabbing","floor":29,"turns":7},{"damage":0,"enemies":"Centurion and Healer","floor":30,"turns":7},{"damage":0,"enemies":"Snake Plant","floor":31,"turns":6},{"damage":0,"enemies":"Champ","floor":33,"turns":13},{"damage":12,"enemies":"3 Darklings","floor":35,"turns":8},{"damage":2,"enemies":"Orb Walker","floor":37,"turns":5},{"damage":13,"enemies":"Nemesis","floor":40,"turns":11},{"damage":2,"enemies":"Reptomancer","floor":42,"turns":8},{"damage":10,"enemies":"4 Shapes","floor":44,"turns":4},{"damage":11,"enemies":"Transient","floor":46,"turns":5},{"damage":0,"enemies":"Mind Bloom Boss Battle","floor":47,"turns":10},{"damage":0,"enemies":"Nemesis","floor":48,"turns":12},{"damage":60,"enemies":"Awakened One","floor":50,"turns":13}],"seed_played":"4171793405590151055","potions_obtained":[{"floor":3,"key":"DuplicationPotion"},{"floor":5,"key":"Fruit Juice"},{"floor":14,"key":"Strength Potion"},{"floor":23,"key":"EssenceOfSteel"},{"floor":29,"key":"DistilledChaos"},{"floor":44,"key":"Energy Potion"}],"is_trial":false,"path_per_floor":["M","$","M","M","M","E","R","E","T","?","$","R","E","M","R","B",null,"M","$","?","M","?","E","R","E","T","?","R","E","M","M","R","B",null,"M","?","M","?","T","E","R","E","T","M","R","M","?","E","R","B",null],"character_chosen":"DEFECT","items_purchased":["Genetic Algorithm","Cold Snap","Hologram","Fruit Juice","Coolheaded"],"campfire_rested":3,"item_purchase_floors":[2,2,11,11,19],"current_hp_per_floor":[68,68,68,68,63,57,57,33,33,33,38,38,31,36,36,36,80,59,59,59,59,59,45,73,40,40,40,40,28,28,28,56,56,85,73,73,71,71,71,58,86,84,84,74,74,63,70,84,84,24],"gold":0,"neow_bonus":"THREE_ENEMY_KILL","is_daily":false,"chose_seed":false,"campfire_upgraded":6,"win_rate":0.0,"timestamp":1607753292,"path_taken":["M","$","M","M","M","E","R","E","T","?","$","R","E","?","R","BOSS","M","$","?","M","?","E","R","E","T","?","R","E","M","M","R","BOSS","M","?","?","?","?","E","R","E","T","?","R","M","?","E","R","BOSS"],"items_purchased_type":["Card","Card","Card","Potion","Card"],"build_version":"2020-11-30","purchased_purges":1,"victory":true,"max_hp_per_floor":[75,75,75,75,75,85,85,85,85,85,90,90,90,95,95,95,95,95,95,95,95,95,95,95,95,95,95,95,95,95,95,95,95,95,95,95,95,95,95,95,95,95,95,95,95,95,95,95,95,95],"card_choices":[{"not_picked":["Compile Driver","Darkness"],"picked":"Glacier","floor":1},{"not_picked":["Conserve Battery","Streamline"],"picked":"Ball Lightning","floor":3},{"not_picked":["Turbo","Sweeping Beam"],"picked":"Conserve Battery","floor":4},{"not_picked":["Leap","Coolheaded"],"picked":"Compile Driver","floor":5},{"not_picked":["BootSequence","Melter"],"picked":"Gash","floor":6},{"not_picked":["Redo","Biased Cognition"],"picked":"Capacitor","floor":8},{"not_picked":["Go for the Eyes","Hologram"],"picked":"Echo Form","floor":13},{"not_picked":["Hologram","Steam"],"picked":"Defragment","floor":14},{"not_picked":["All For One","Echo Form"],"picked":"Electrodynamics","floor":16},{"not_picked":["Rebound","Redo"],"picked":"Steam","floor":18},{"not_picked":["Redo","Turbo"],"picked":"Steam+1","floor":21},{"not_picked":["Fusion+1","Coolheaded"],"picked":"Glacier","floor":23},{"not_picked":["Ball Lightning+1","Consume"],"picked":"Coolheaded","floor":25},{"not_picked":["Compile Driver+1","Double Energy"],"picked":"Capacitor+1","floor":29},{"not_picked":["Cold Snap","Go for the Eyes","Hologram"],"picked":"SKIP","floor":30},{"not_picked":["Capacitor","Leap","Recycle"],"picked":"SKIP","floor":31},{"not_picked":["Hyperbeam","Multi-Cast"],"picked":"Creative AI","floor":33},{"not_picked":["Steam Power","Skim"],"picked":"Blizzard","floor":35},{"not_picked":["Recycle+1","Ball Lightning","Steam"],"picked":"SKIP","floor":37},{"not_picked":["Aggregate","Stack"],"picked":"Barrage","floor":40},{"not_picked":["Redo","Rebound+1","Capacitor+1"],"picked":"SKIP","floor":42},{"not_picked":["Static Discharge","Redo","Ball Lightning+1"],"picked":"SKIP","floor":44},{"not_picked":["Storm","Beam Cell+1"],"picked":"Self Repair","floor":46},{"not_picked":["Barrage+1","Streamline+1"],"picked":"Heatsinks+1","floor":47},{"not_picked":["Rip and Tear+1","Fusion","Core Surge"],"picked":"SKIP","floor":48}],"player_experience":365562,"relics_obtained":[{"floor":6,"key":"Pear"},{"floor":8,"key":"Shuriken"},{"floor":9,"key":"Vajra"},{"floor":13,"key":"MawBank"},{"floor":23,"key":"Turnip"},{"floor":25,"key":"Mercury Hourglass"},{"floor":26,"key":"Whetstone"},{"floor":29,"key":"War Paint"},{"floor":39,"key":"Bottled Tornado"},{"floor":40,"key":"CeramicFish"},{"floor":42,"key":"Sundial"},{"floor":43,"key":"Bag of Marbles"},{"floor":47,"key":"Gambling Chip"},{"floor":48,"key":"PreservedInsect"}],"event_choices":[{"damage_healed":0,"gold_gain":0,"player_choice":"Upgraded","damage_taken":0,"max_hp_gain":0,"max_hp_loss":0,"event_name":"Upgrade Shrine","floor":10,"gold_loss":0,"cards_upgraded":["Capacitor"]},{"damage_healed":0,"gold_gain":0,"player_choice":"Ignored","damage_taken":0,"max_hp_gain":0,"max_hp_loss":0,"event_name":"The Mausoleum","floor":20,"gold_loss":0},{"damage_healed":0,"gold_gain":0,"player_choice":"Inject Mutagens","damage_taken":0,"relics_obtained":["MutagenicStrength"],"max_hp_gain":0,"max_hp_loss":0,"event_name":"Drug Dealer","floor":22,"gold_loss":0},{"damage_healed":0,"gold_gain":0,"player_choice":"Simplicity","damage_taken":0,"max_hp_gain":0,"max_hp_loss":0,"event_name":"Back to Basics","floor":27,"gold_loss":0,"cards_upgraded":["Strike_B","Defend_B","Defend_B","Defend_B","Defend_B"]},{"damage_healed":0,"gold_gain":0,"player_choice":"Copied","damage_taken":0,"max_hp_gain":0,"max_hp_loss":0,"event_name":"Duplicator","floor":36,"gold_loss":0,"cards_obtained":["Defragment"]},{"damage_healed":0,"gold_gain":0,"player_choice":"Paid","damage_taken":0,"relics_obtained":["Red Mask"],"max_hp_gain":0,"max_hp_loss":0,"event_name":"Tomb of Lord Red Mask","floor":38,"gold_loss":7},{"damage_healed":0,"gold_gain":0,"player_choice":"Fight","damage_taken":0,"max_hp_gain":0,"max_hp_loss":0,"event_name":"MindBloom","floor":47,"gold_loss":0}],"is_beta":false,"boss_relics":[{"not_picked":["Pandora\u0027s Box","Sozu"],"picked":"Ectoplasm"},{"not_picked":["Busted Crown","Inserter"],"picked":"FrozenCore"}],"items_purged_floors":[19],"is_endless":false,"potions_floor_spawned":[3,5,14,23,29,30,31,33,44,46,47,48],"ascension_level":13}}