{"host":"ktoxvvst1mwxww91","time":1607803104,"event":{"mods":["BaseMod","Downfall","Hermit","Minty Spire (QoL Compilation)","StSLib","The Blackbeard","The Hierophant","The Mystic","The Necromancer"],"gold_per_floor":[113,113,131,206,60,60,87,87,113,142,154,164,226,255,255,354,354,370,370,386,61,74,74,99,112,112,112,126,51,51,61,61,163,163,176,276,286,304,304,334,334,367,440,216,216,63,63,77,77,77,77],"floor_reached":50,"playtime":1541,"items_purged":["Gash","Decay"],"score":663,"play_id":"c9dd19fd-96b7-427d-bcff-a774ecbceffc","local_time":"20201212205824","daily_mods":["Draft"],"is_ascension_mode":false,"campfire_choices":[{"data":"Capacitor","floor":6,"key":"SMITH"},{"data":"Static Discharge","floor":8,"key":"SMITH"},{"data":"Static Discharge","floor":15,"key":"SMITH"},{"data":"Storm","floor":23,"key":"SMITH"},{"data":"Creative AI","floor":32,"key":"SMITH"},{"floor":45,"key":"REST"},{"floor":47,"key":"REST"},{"floor":49,"key":"REST"}],"circlet_count":0,"master_deck":["Capacitor+1","Leap","Ball Lightning","Force Field","Steam","Static Discharge+1","Tempest+1","Go for the Eyes","Ball Lightning","Ball Lightning","Self Repair","Conserve Battery+1","Auto Shields","BootSequence","Self Repair","Static Discharge+1","Hologram","Undo","Biased Cognition","Redo+1","Hologram","Storm","Storm+1","Capacitor","Creative AI+1","Conserve Battery","Heatsinks+1","Biased Cognition","Self Repair","Ball Lightning","Writhe","Reinforced Body+1","Force Field","Storm","Echo Form"],"relics":["Cracked Core","CaptainsWheel","Vajra","Matryoshka","Akabeko","Darkstone Periapt","SlaversCollar","War Paint","DataDisk","Bottled Lightning","White Beast Statue","Fusion Hammer","Shuriken","Orichalcum","InkBottle","Meat on the Bone","sneckomod:BlankCard"],"acts_visited":["Exordium","TheCity","TheBeyond"],"potions_floor_usage":[13,22,22,25,25,37,38,42,50,50,50],"damage_taken":[{"damage":4,"enemies":"Jaw Worm","floor":1,"turns":3},{"damage":0,"enemies":"2 Louse","floor":3,"turns":2},{"damage":12,"enemies":"Lagavulin","floor":7,"turns":5},{"damage":10,"enemies":"Gremlin Nob","floor":10,"turns":4},{"damage":0,"enemies":"Cultist","floor":11,"turns":2},{"damage":0,"enemies":"Large Slime","floor":12,"turns":4},{"damage":0,"enemies":"Gremlin Nob","floor":13,"turns":4},{"damage":1,"enemies":"Lagavulin","floor":14,"turns":5},{"damage":5,"enemies":"Slime Boss","floor":16,"turns":8},{"damage":0,"enemies":"Chosen","floor":18,"turns":4},{"damage":0,"enemies":"Spheric Guardian","floor":20,"turns":4},{"damage":0,"enemies":"Shelled Parasite and Fungi","floor":22,"turns":4},{"damage":14,"enemies":"Gremlin Leader","floor":24,"turns":5},{"damage":8,"enemies":"3 Cultists","floor":25,"turns":3},{"damage":30,"enemies":"Centurion and Healer","floor":28,"turns":3},{"damage":5,"enemies":"Chosen and Byrds","floor":31,"turns":4},{"damage":0,"enemies":"Champ","floor":33,"turns":6},{"damage":0,"enemies":"Orb Walker","floor":35,"turns":2},{"damage":9,"enemies":"3 Shapes","floor":37,"turns":2},{"damage":18,"enemies":"Jaw Worm Horde","floor":38,"turns":3},{"damage":7,"enemies":"Nemesis","floor":40,"turns":3},{"damage":22,"enemies":"Reptomancer","floor":42,"turns":4},{"damage":26,"enemies":"4 Shapes","floor":48,"turns":3},{"damage":89,"enemies":"Awakened One","floor":50,"turns":13}],"seed_played":"4436474496321147069","potions_obtained":[{"floor":1,"key":"SkillPotion"},{"floor":10,"key":"DuplicationPotion"},{"floor":13,"key":"Block Potion"},{"floor":14,"key":"Explosive Potion"},{"floor":20,"key":"Block Potion"},{"floor":22,"key":"CultistPotion"},{"floor":24,"key":"sneckomod:MuddlingPotion"},{"floor":28,"key":"FearPotion"},{"floor":31,"key":"SpeedPotion"},{"floor":33,"key":"GamblersBrew"},{"floor":35,"key":"AttackPotion"},{"floor":37,"key":"Block Potion"},{"floor":38,"key":"CultistPotion"},{"floor":40,"key":"PowerPotion"},{"floor":42,"key":"BlessingOfTheForge"}],"is_trial":true,"path_per_floor":["M","?","M","?","$","R","E","R","T","E","M","M","?","E","R","B",null,"M","?","M","$","M","R","E","M","T","?","M","?","$","M","R","B",null,"M","?","M","M","?","E","?","E","T","$","R","$","R","M","R","B"],"character_chosen":"DEFECT","items_purchased":["BootSequence","Storm","War Paint","Storm","sneckomod:BlankCard","Echo Form"],"campfire_rested":3,"item_purchase_floors":[5,21,21,44,44,46],"current_hp_per_floor":[75,68,68,57,57,57,52,52,52,56,56,63,75,75,75,75,75,75,81,81,81,81,81,81,81,81,81,51,51,51,60,60,74,81,81,81,72,54,80,87,87,79,79,79,87,87,87,68,87,0,0],"gold":77,"neow_bonus":"","is_daily":false,"chose_seed":false,"campfire_upgraded":5,"win_rate":0.0,"timestamp":1607803104,"path_taken":["M","?","M","?","$","R","E","R","T","E","M","M","?","E","R","BOSS","M","?","M","$","M","R","E","?","T","?","M","?","$","M","R","BOSS","M","?","?","M","?","E","?","E","T","$","R","$","R","M","R","BOSS"],"items_purchased_type":["Card","Card","Relic","Card","Relic","Card"],"build_version":"2020-11-30","purchased_purges":2,"victory":false,"max_hp_per_floor":[75,75,75,75,75,75,75,75,75,75,75,75,75,75,75,75,75,75,81,81,81,81,81,81,81,81,81,81,81,81,81,81,81,81,81,81,81,81,87,87,87,87,87,87,87,87,87,87,87,87,87],"card_choices":[{"not_picked":["Genetic Algorithm","Ball Lightning"],"picked":"Capacitor","floor":0},{"not_picked":["Rebound","Stack"],"picked":"Tempest","floor":0},{"not_picked":["Stack","Steam"],"picked":"Leap","floor":0},{"not_picked":["Redo","Barrage"],"picked":"Ball Lightning","floor":0},{"not_picked":["Recycle","Gash"],"picked":"Force Field","floor":0},{"not_picked":["Coolheaded","Rebound"],"picked":"Steam","floor":0},{"not_picked":["Beam Cell","Compile Driver"],"picked":"Static Discharge","floor":0},{"not_picked":["Stack","Coolheaded"],"picked":"Beam Cell","floor":0},{"not_picked":["Streamline","Redo"],"picked":"Tempest","floor":0},{"not_picked":["Doom and Gloom","Steam Power"],"picked":"Go for the Eyes","floor":0},{"not_picked":["Static Discharge","Recycle"],"picked":"Ball Lightning","floor":0},{"not_picked":["Barrage","Hologram"],"picked":"Ball Lightning","floor":0},{"not_picked":["Recycle","Hello World"],"picked":"Gash","floor":0},{"not_picked":["Lockon","Coolheaded"],"picked":"Self Repair","floor":0},{"not_picked":["Hologram","Cold Snap"],"picked":"Conserve Battery","floor":0},{"not_picked":["Stack","Gash"],"picked":"Auto Shields","floor":1},{"not_picked":["Beam Cell","Consume","Sunder"],"picked":"SKIP","floor":3},{"not_picked":["Ball Lightning","Coolheaded"],"picked":"Self Repair","floor":7},{"not_picked":["Darkness","Compile Driver"],"picked":"Ball Lightning","floor":10},{"not_picked":["Tempest","Sweeping Beam","Cold Snap"],"picked":"SKIP","floor":11},{"not_picked":["Scrape","Ball Lightning"],"picked":"Static Discharge","floor":12},{"not_picked":["Lockon","Chill"],"picked":"Hologram","floor":13},{"not_picked":["Go for the Eyes","Rip and Tear"],"picked":"Undo","floor":14},{"not_picked":["All For One","Reboot"],"picked":"Biased Cognition","floor":16},{"not_picked":["Genetic Algorithm","Coolheaded"],"picked":"Redo+1","floor":18},{"not_picked":["Doom and Gloom","BootSequence+1"],"picked":"Hologram","floor":20},{"not_picked":["Auto Shields","Redo+1"],"picked":"Storm","floor":22},{"not_picked":["BootSequence","Glacier"],"picked":"Capacitor","floor":24},{"not_picked":["Compile Driver","Fusion","Barrage"],"picked":"SKIP","floor":25},{"not_picked":["Turbo","Beam Cell+1"],"picked":"Conserve Battery","floor":28},{"not_picked":["Hologram","Gash"],"picked":"Heatsinks+1","floor":31},{"not_picked":["Seek","Core Surge"],"picked":"Biased Cognition","floor":33},{"not_picked":["Streamline+1","Cold Snap","Go for the Eyes+1"],"picked":"SKIP","floor":35},{"not_picked":["Turbo+1","Sweeping Beam+1"],"picked":"Self Repair","floor":37},{"not_picked":["Stack+1","Gash"],"picked":"Ball Lightning","floor":38},{"not_picked":["Tempest","Turbo"],"picked":"Reinforced Body+1","floor":40},{"not_picked":["Barrage+1","Streamline"],"picked":"Force Field","floor":42},{"not_picked":["Go for the Eyes+1","Darkness","Compile Driver"],"picked":"SKIP","floor":48}],"player_experience":1022134,"relics_obtained":[{"floor":7,"key":"CaptainsWheel"},{"floor":9,"key":"Vajra"},{"floor":10,"key":"Matryoshka"},{"floor":13,"key":"Akabeko"},{"floor":14,"key":"Darkstone Periapt"},{"floor":24,"key":"DataDisk"},{"floor":26,"key":"Bottled Lightning"},{"floor":26,"key":"White Beast Statue"},{"floor":40,"key":"Shuriken"},{"floor":42,"key":"Orichalcum"},{"floor":43,"key":"InkBottle"},{"floor":43,"key":"Meat on the Bone"}],"event_choices":[{"cards_removed":["Beam Cell"],"damage_healed":0,"gold_gain":0,"player_choice":"Card Removal","damage_taken":7,"max_hp_gain":0,"max_hp_loss":0,"event_name":"Golden Wing","floor":2,"gold_loss":0},{"damage_healed":0,"gold_gain":75,"player_choice":"Gather Gold","damage_taken":11,"max_hp_gain":0,"max_hp_loss":0,"event_name":"World of Goop","floor":4,"gold_loss":0},{"damage_healed":0,"gold_gain":0,"player_choice":"Searched \u00272\u0027 times","damage_taken":0,"max_hp_gain":0,"max_hp_loss":0,"event_name":"Dead Adventurer","floor":13,"gold_loss":0},{"damage_healed":0,"gold_gain":0,"player_choice":"Cursed","damage_taken":0,"max_hp_gain":0,"max_hp_loss":0,"event_name":"Wheel of Change","floor":19,"gold_loss":0,"cards_obtained":["Decay"]},{"damage_healed":0,"gold_gain":0,"player_choice":"Read","damage_taken":0,"max_hp_gain":0,"max_hp_loss":0,"event_name":"The Library","floor":27,"gold_loss":0,"cards_obtained":["Creative AI"]},{"cards_removed":["Tempest"],"damage_healed":0,"gold_gain":0,"player_choice":"Gave Gold","damage_taken":0,"max_hp_gain":0,"max_hp_loss":0,"event_name":"Beggar","floor":29,"gold_loss":75},{"damage_healed":0,"gold_gain":100,"player_choice":"Pray","damage_taken":0,"max_hp_gain":0,"max_hp_loss":0,"event_name":"Golden Shrine","floor":36,"gold_loss":0},{"damage_healed":20,"gold_gain":0,"player_choice":"Writhe","damage_taken":0,"max_hp_gain":0,"max_hp_loss":0,"event_name":"Winding Halls","floor":39,"gold_loss":0,"cards_obtained":["Writhe"]},{"cards_removed":["Ball Lightning"],"damage_healed":0,"gold_gain":0,"player_choice":"Removed Attack","damage_taken":0,"max_hp_gain":0,"max_hp_loss":0,"event_name":"Falling","floor":41,"gold_loss":0}],"is_beta":false,"boss_relics":[{"not_picked":["FrozenCore","Ectoplasm"],"picked":"SlaversCollar"},{"not_picked":["expansioncontent:StudyCardRelic","Astrolabe"],"picked":"Fusion Hammer"}],"items_purged_floors":[5,21],"is_endless":true,"potions_floor_spawned":[1,10,13,14,16,20,22,24,28,31,33,35,37,38,40,42,48],"killed_by":"Awakened One","ascension_level":0}}