{"host":"wshh0nphwn6jv7vj","time":1607816366,"event":{"mods":["BaseMod","Bestiary","Minty Spire (QoL Compilation)"],"gold_per_floor":[20,33,33,33,33,64,64,64,64,97,110,131,56,74,74,170,170,183,197,217,217,217,261,261,8,8,8,8,8],"floor_reached":28,"playtime":3355,"items_purged":["Strike_G"],"score":431,"play_id":"331b4a42-f574-411b-b999-c545e15837ca","local_time":"20201212183926","is_ascension_mode":true,"campfire_choices":[{"floor":8.0,"key":"REST"},{"floor":15,"key":"REST"},{"floor":24,"key":"REST"}],"circlet_count":0,"master_deck":["AscendersBane","Strike_G","Strike_G","Defend_G","Defend_G","Defend_G+1","Defend_G","Defend_G","Survivor","Neutralize","Adrenaline+1","Flying Knee","Riddle With Holes","Backflip","Blade Dance","Caltrops","Backstab","Blade Dance","A Thousand Cuts","Backflip","Dagger Throw","Dodge and Roll","Ghostly","Ghostly","Ghostly","Grand Finale","Poisoned Stab","Writhe"],"relics":["Ring of the Snake","Golden Idol","Nunchaku","Oddly Smooth Stone","CaptainsWheel","SlaversCollar","Ornamental Fan","Pantograph","Eternal Feather","Akabeko"],"acts_visited":["Exordium","TheCity"],"potions_floor_usage":[10,14,16,16,28,28],"damage_taken":[{"damage":1.0,"enemies":"2 Louse","floor":1.0,"turns":5.0},{"damage":0.0,"enemies":"Small Slimes","floor":2.0,"turns":4.0},{"damage":21.0,"enemies":"3 Sentries","floor":6.0,"turns":9.0},{"damage":28,"enemies":"Lagavulin","floor":10,"turns":8},{"damage":0,"enemies":"Jaw Worm","floor":11,"turns":2},{"damage":0,"enemies":"2 Fungi Beasts","floor":12,"turns":3},{"damage":0,"enemies":"Large Slime","floor":14,"turns":5},{"damage":23,"enemies":"Slime Boss","floor":16,"turns":15},{"damage":0,"enemies":"3 Byrds","floor":18,"turns":5},{"damage":0,"enemies":"Spheric Guardian","floor":19,"turns":4},{"damage":18,"enemies":"Centurion and Healer","floor":20,"turns":7},{"damage":17,"enemies":"Book of Stabbing","floor":23,"turns":7},{"damage":30,"enemies":"Gremlin Leader","floor":28,"turns":5}],"seed_played":"788656112370635803","potions_obtained":[{"floor":1.0,"key":"GamblersBrew"},{"floor":10,"key":"GamblersBrew"},{"floor":12,"key":"AttackPotion"},{"floor":14,"key":"SkillPotion"},{"floor":19,"key":"Fruit Juice"},{"floor":20,"key":"Poison Potion"}],"is_trial":false,"path_per_floor":["M","M","?","?","?","E","?","R","T","E","M","M","$","M","R","B",null,"M","M","M","?","?","E","R","$","T","?","E"],"character_chosen":"THE_SILENT","items_purchased":["Pantograph"],"campfire_rested":3,"item_purchase_floors":[25],"current_hp_per_floor":[58,58,58,63,43,22,22,41,41,13,13,13,13,13,32,9,51,51,51,33,32,32,15,24,24,24,24,0,0],"gold":8,"neow_bonus":"THREE_RARE_CARDS","is_daily":false,"chose_seed":false,"campfire_upgraded":0,"win_rate":0.0,"timestamp":1607816366,"path_taken":["M","M","?","?","?","E","?","R","T","E","M","?","$","M","R","BOSS","M","M","M","?","?","E","R","$","T","?","E"],"items_purchased_type":["Relic"],"build_version":"2020-11-30","purchased_purges":1,"victory":false,"max_hp_per_floor":[66,66,60,65,65,65,65,65,65,65,65,65,65,65,65,65,65,65,65,65,32,32,32,32,32,32,32,37,37],"card_choices":[{"not_picked":["Storm of Steel","Grand Finale"],"picked":"Adrenaline","floor":0.0},{"not_picked":["Concentrate","Noxious Fumes"],"picked":"Flying Knee","floor":1.0},{"not_picked":["Outmaneuver","Backflip"],"picked":"Riddle With Holes","floor":2.0},{"not_picked":["Deflect","Acrobatics"],"picked":"Backflip","floor":6.0},{"not_picked":["Dagger Spray","Bane"],"picked":"Blade Dance","floor":10},{"not_picked":["Acrobatics","Outmaneuver"],"picked":"Caltrops","floor":11},{"not_picked":["Outmaneuver","Infinite Blades"],"picked":"Backstab","floor":12},{"not_picked":["Caltrops","Poisoned Stab"],"picked":"Blade Dance","floor":14},{"not_picked":["Phantasmal Killer","Malaise"],"picked":"A Thousand Cuts","floor":16},{"not_picked":["Concentrate","Quick Slash"],"picked":"Backflip","floor":18},{"not_picked":["Bane","Catalyst"],"picked":"Dagger Throw","floor":19},{"not_picked":["Poisoned Stab","Prepared"],"picked":"Dodge and Roll","floor":20},{"not_picked":["Dagger Spray","Underhanded Strike","Outmaneuver"],"picked":"SKIP","floor":23}],"player_experience":1398684,"relics_obtained":[{"floor":6.0,"key":"Nunchaku"},{"floor":9.0,"key":"Oddly Smooth Stone"},{"floor":10,"key":"CaptainsWheel"},{"floor":23,"key":"Ornamental Fan"},{"floor":26,"key":"Eternal Feather"}],"event_choices":[{"damage_healed":0.0,"max_hp_gain":0.0,"max_hp_loss":6.0,"gold_gain":0.0,"event_name":"Golden Idol","player_choice":"Lose Max HP","floor":3.0,"gold_loss":0.0,"damage_taken":0.0,"relics_obtained":["Golden Idol"]},{"damage_healed":0.0,"max_hp_gain":5.0,"max_hp_loss":0.0,"gold_gain":0.0,"event_name":"Big Fish","player_choice":"Donut","floor":4.0,"gold_loss":0.0,"damage_taken":0.0},{"damage_healed":0.0,"max_hp_gain":0.0,"max_hp_loss":0.0,"gold_gain":0.0,"event_name":"Shining Light","player_choice":"Entered Light","floor":5.0,"gold_loss":0.0,"damage_taken":20.0,"cards_upgraded":["Defend_G","Adrenaline"]},{"damage_healed":0.0,"max_hp_gain":0.0,"max_hp_loss":0.0,"gold_gain":0.0,"event_name":"Liars Game","player_choice":"Ignored","floor":7.0,"gold_loss":0.0,"damage_taken":0.0},{"damage_healed":0,"gold_gain":0,"player_choice":"Became a Ghost","damage_taken":0,"max_hp_gain":0,"max_hp_loss":33,"event_name":"Ghosts","floor":21,"gold_loss":0,"cards_obtained":["Ghostly","Ghostly","Ghostly"]},{"damage_healed":0,"gold_gain":0,"cards_transformed":["Strike_G","Strike_G"],"player_choice":"Became Test Subject","damage_taken":0,"max_hp_gain":0,"max_hp_loss":0,"event_name":"Drug Dealer","floor":22,"gold_loss":0,"cards_obtained":["Grand Finale","Poisoned Stab"]},{"damage_healed":0,"gold_gain":0,"player_choice":"Opened","damage_taken":0,"relics_obtained":["Akabeko"],"max_hp_gain":0,"max_hp_loss":0,"event_name":"The Mausoleum","floor":27,"gold_loss":0,"cards_obtained":["Writhe"]}],"is_beta":false,"boss_relics":[{"not_picked":["SacredBark","Snecko Eye"],"picked":"SlaversCollar"}],"items_purged_floors":[13],"is_endless":false,"potions_floor_spawned":[1,10,12,14,19,20],"killed_by":"Gremlin Leader","ascension_level":15}}