{"host":"1c52r9kaxdyo25eq","time":1607748924,"event":{"mods":["AchievementEnabler","BaseMod","Minty Spire (QoL Compilation)","Rare Cards Sparkle","SuperFastMode","everything is the same but u backflip on backflip"],"gold_per_floor":[109,109,109,34,52,52,82,82,108,139,39,64,77,77,77,154,154,164,164,0,0,0,32,32,82,108,127,127,138,163,179,179,250,250,260,135,154,170,170,204,204,229,229,229,229,248,248,262,262,262,262],"floor_reached":50,"playtime":976,"items_purged":["Defend_P","Strike_P","Strike_P"],"score":1110,"play_id":"d7bcb83b-78d8-49c3-9d71-52f6c35a7a73","local_time":"20201212135524","is_ascension_mode":true,"campfire_choices":[{"data":"Eruption","floor":6.0,"key":"SMITH"},{"data":"CarveReality","floor":15.0,"key":"SMITH"},{"data":"Ragnarok","floor":24.0,"key":"SMITH"},{"data":"Prostrate","floor":32.0,"key":"SMITH"},{"data":"Brilliance","floor":41.0,"key":"SMITH"},{"floor":45,"key":"REST"},{"floor":49,"key":"RECALL"}],"circlet_count":0,"master_deck":["AscendersBane","Defend_P","Eruption+1","Vigilance","ClearTheMind","CarveReality+1","Prostrate+1","Evaluate","Ragnarok+1","Brilliance+1","Prostrate+1","Devotion"],"relics":["PureWater","NeowsBlessing","Bag of Marbles","Juzu Bracelet","Meat on the Bone","Odd Mushroom","Letter Opener","Runic Pyramid","Ornamental Fan","Vajra","Bottled Lightning","VioletLotus","Bag of Preparation","StrikeDummy"],"acts_visited":["Exordium","TheCity","TheBeyond"],"potions_floor_usage":[50],"damage_taken":[{"damage":0.0,"enemies":"Jaw Worm","floor":1.0,"turns":1.0},{"damage":0.0,"enemies":"2 Louse","floor":5.0,"turns":1.0},{"damage":0.0,"enemies":"Gremlin Nob","floor":7.0,"turns":1.0},{"damage":15.0,"enemies":"Lagavulin","floor":10.0,"turns":5.0},{"damage":0.0,"enemies":"The Mushroom Lair","floor":12.0,"turns":3.0},{"damage":0.0,"enemies":"Cultist","floor":13.0,"turns":1.0},{"damage":25.0,"enemies":"The Guardian","floor":16.0,"turns":7.0},{"damage":34.0,"enemies":"3 Byrds","floor":18.0,"turns":5.0},{"damage":46.0,"enemies":"Gremlin Leader","floor":23.0,"turns":4.0},{"damage":0.0,"enemies":"Spheric Guardian","floor":27.0,"turns":3.0},{"damage":0.0,"enemies":"Centurion and Healer","floor":29.0,"turns":2.0},{"damage":30.0,"enemies":"Slavers","floor":30.0,"turns":3.0},{"damage":0.0,"enemies":"3 Cultists","floor":31.0,"turns":2.0},{"damage":29.0,"enemies":"Collector","floor":33.0,"turns":6.0},{"damage":11.0,"enemies":"3 Darklings","floor":35.0,"turns":2.0},{"damage":0.0,"enemies":"3 Shapes","floor":37.0,"turns":1.0},{"damage":18.0,"enemies":"Sphere and 2 Shapes","floor":38.0,"turns":3.0},{"damage":3.0,"enemies":"Nemesis","floor":40.0,"turns":3.0},{"damage":19,"enemies":"Reptomancer","floor":42,"turns":4},{"damage":6,"enemies":"Jaw Worm Horde","floor":46,"turns":2},{"damage":11,"enemies":"3 Darklings","floor":48,"turns":2},{"damage":44,"enemies":"Time Eater","floor":50,"turns":3}],"seed_played":"4106943985815738818","potions_obtained":[{"floor":5.0,"key":"Weak Potion"},{"floor":7.0,"key":"SpeedPotion"},{"floor":12.0,"key":"EssenceOfSteel"},{"floor":23.0,"key":"ColorlessPotion"},{"floor":30.0,"key":"SkillPotion"},{"floor":33.0,"key":"LiquidBronze"}],"is_trial":false,"path_per_floor":["M","?","?","$","M","R","E","?","T","E","$","?","M","T","R","B",null,"M","?","?","?","?","E","R","?","T","M","?","M","E","M","R","B",null,"M","$","M","M","?","E","R","E","T","?","R","M","?","M","R","B"],"character_chosen":"WATCHER","items_purchased":[],"campfire_rested":1,"item_purchase_floors":[],"current_hp_per_floor":[61,54,59,59,59,59,59,59,59,44,44,44,44,44,44,31,63,41,41,41,56,56,22,22,22,22,34,34,46,28,40,40,23,61,50,50,50,44,44,41,41,34,34,34,55,49,49,38,38,0,0],"gold":262,"neow_bonus":"THREE_ENEMY_KILL","is_daily":false,"chose_seed":false,"campfire_upgraded":5,"win_rate":0.0,"timestamp":1607748924,"path_taken":["M","?","?","$","M","R","E","?","T","E","$","?","M","?","R","BOSS","M","?","?","?","?","E","R","?","T","M","?","M","E","M","R","BOSS","M","$","M","M","?","E","R","E","T","?","R","M","?","M","R","BOSS"],"items_purchased_type":[],"build_version":"2020-11-30","purchased_purges":3,"victory":false,"max_hp_per_floor":[68,68,73,73,73,73,73,73,73,73,73,73,73,73,73,73,73,73,73,73,73,73,73,73,73,73,73,73,73,73,73,73,73,73,73,73,73,73,73,73,73,73,73,73,73,73,73,73,73,73,73],"card_choices":[{"not_picked":["FearNoEvil","ReachHeaven"],"picked":"Prostrate","floor":1.0},{"not_picked":["Swivel","PathToVictory","ClearTheMind"],"picked":"SKIP","floor":5.0},{"not_picked":["Halt","FlurryOfBlows","Nirvana"],"picked":"SKIP","floor":7.0},{"not_picked":["SpiritShield","Crescendo"],"picked":"CarveReality","floor":10.0},{"not_picked":["Fasting2","PathToVictory"],"picked":"Prostrate","floor":12.0},{"not_picked":["Halt","Crescendo","Evaluate"],"picked":"SKIP","floor":13.0},{"not_picked":["Halt","Crescendo"],"picked":"Evaluate","floor":13.0},{"not_picked":["SpiritShield","Devotion"],"picked":"Ragnarok","floor":16.0},{"not_picked":["CarveReality","PathToVictory","BattleHymn"],"picked":"SKIP","floor":18.0},{"not_picked":["BattleHymn","Evaluate","EmptyFist"],"picked":"SKIP","floor":23.0},{"not_picked":["Consecrate","CrushJoints+1","ThirdEye"],"picked":"SKIP","floor":27.0},{"not_picked":["Wallop","Protect","BowlingBash"],"picked":"SKIP","floor":29.0},{"not_picked":["WheelKick+1","Conclude"],"picked":"BowlingBash","floor":30.0},{"not_picked":["CarveReality","Consecrate+1","Indignation"],"picked":"SKIP","floor":31.0},{"not_picked":["Wish","Devotion"],"picked":"Brilliance","floor":33.0},{"not_picked":["ForeignInfluence","FlyingSleeves+1","SashWhip"],"picked":"SKIP","floor":35.0},{"not_picked":["CrushJoints+1","Indignation","EmptyBody"],"picked":"SKIP","floor":37.0},{"not_picked":["WindmillStrike+1","FollowUp"],"picked":"Prostrate+1","floor":38.0},{"not_picked":["FollowUp","Worship","ForeignInfluence"],"picked":"SKIP","floor":40.0},{"not_picked":["FollowUp","Worship","ForeignInfluence"],"picked":"SKIP","floor":40.0},{"not_picked":["Indignation","Evaluate"],"picked":"Devotion","floor":42},{"not_picked":["EmptyBody+1","FollowUp","Crescendo+1"],"picked":"SKIP","floor":46},{"not_picked":["CrushJoints+1","Fasting2","Wireheading+1"],"picked":"SKIP","floor":48}],"player_experience":463648,"relics_obtained":[{"floor":7.0,"key":"Bag of Marbles"},{"floor":9.0,"key":"Juzu Bracelet"},{"floor":10.0,"key":"Meat on the Bone"},{"floor":12.0,"key":"Odd Mushroom"},{"floor":14.0,"key":"Letter Opener"},{"floor":23.0,"key":"Ornamental Fan"},{"floor":26.0,"key":"Vajra"},{"floor":30.0,"key":"Bottled Lightning"},{"floor":40.0,"key":"Bag of Preparation"},{"floor":42,"key":"StrikeDummy"}],"event_choices":[{"cards_removed":["Defend_P"],"damage_healed":0.0,"max_hp_gain":0.0,"max_hp_loss":0.0,"gold_gain":0.0,"event_name":"Golden Wing","player_choice":"Card Removal","floor":2.0,"gold_loss":0.0,"damage_taken":7.0},{"damage_healed":0.0,"max_hp_gain":5.0,"max_hp_loss":0.0,"gold_gain":0.0,"event_name":"Big Fish","player_choice":"Donut","floor":3.0,"gold_loss":0.0,"damage_taken":0.0},{"damage_healed":0.0,"max_hp_gain":0.0,"max_hp_loss":0.0,"gold_gain":0.0,"cards_transformed":["Strike_P"],"event_name":"Living Wall","player_choice":"Change","floor":8.0,"gold_loss":0.0,"damage_taken":0.0,"cards_obtained":["ClearTheMind"]},{"damage_healed":0.0,"max_hp_gain":0.0,"max_hp_loss":0.0,"gold_gain":0.0,"event_name":"Mushrooms","player_choice":"Fought Mushrooms","floor":12.0,"gold_loss":0.0,"damage_taken":0.0},{"cards_removed":["Defend_P"],"damage_healed":0.0,"max_hp_gain":0.0,"max_hp_loss":0.0,"gold_gain":0.0,"event_name":"Purifier","player_choice":"Purged","floor":19.0,"gold_loss":0.0,"damage_taken":0.0},{"damage_healed":0.0,"max_hp_gain":0.0,"max_hp_loss":0.0,"gold_gain":0.0,"event_name":"Masked Bandits","player_choice":"Paid Fearfully","floor":20.0,"gold_loss":164.0,"damage_taken":0.0},{"damage_healed":15.0,"max_hp_gain":0.0,"max_hp_loss":0.0,"gold_gain":0.0,"event_name":"The Library","player_choice":"Heal","floor":21.0,"gold_loss":0.0,"damage_taken":0.0},{"cards_removed":["Strike_P"],"damage_healed":0.0,"max_hp_gain":0.0,"max_hp_loss":0.0,"gold_gain":0.0,"event_name":"Back to Basics","player_choice":"Elegance","floor":22.0,"gold_loss":0.0,"damage_taken":0.0},{"damage_healed":0.0,"max_hp_gain":0.0,"max_hp_loss":0.0,"gold_gain":50.0,"event_name":"Nest","player_choice":"Stole From Cult","floor":25.0,"gold_loss":0.0,"damage_taken":0.0},{"damage_healed":0.0,"max_hp_gain":0.0,"max_hp_loss":0.0,"gold_gain":0.0,"event_name":"Ghosts","player_choice":"Ignored","floor":28.0,"gold_loss":0.0,"damage_taken":0.0},{"cards_removed":["Prostrate"],"damage_healed":0.0,"max_hp_gain":0.0,"max_hp_loss":0.0,"gold_gain":0.0,"event_name":"Wheel of Change","player_choice":"Card Removal","floor":39.0,"gold_loss":0.0,"damage_taken":0.0},{"damage_healed":0,"gold_gain":0,"player_choice":"Ignored","damage_taken":0,"max_hp_gain":0,"max_hp_loss":0,"event_name":"Tomb of Lord Red Mask","floor":44,"gold_loss":0},{"cards_removed":["BowlingBash"],"damage_healed":0,"gold_gain":0,"player_choice":"Removed Attack","damage_taken":0,"max_hp_gain":0,"max_hp_loss":0,"event_name":"Falling","floor":47,"gold_loss":0}],"is_beta":false,"boss_relics":[{"not_picked":["Tiny House","SacredBark"],"picked":"Runic Pyramid"},{"not_picked":["Busted Crown","Coffee Dripper"],"picked":"VioletLotus"}],"items_purged_floors":[4,11,36],"is_endless":false,"potions_floor_spawned":[5,7,12,23,30,33,38,46,48],"killed_by":"Time Eater","ascension_level":19}}