{"host":"j4g6ia6asvpyu2b0","time":1607806990,"event":{"mods":["BaseMod","Colored Map","Minty Spire (QoL Compilation)","Permanent Neow","Quick Restart","Relic Stats","StSLib","Unceasing Turn Reminder"],"gold_per_floor":[110,110,110,159,186,228,250,291,303,350,378,405,417,399,411,549,561,597,634,291,291,291],"floor_reached":21,"playtime":1266,"items_purged":["Strike_B"],"score":235,"play_id":"ef194bca-0f39-4f6c-beae-4ecbcaa8cf69","local_time":"20201212140310","is_ascension_mode":true,"campfire_choices":[{"data":"Defragment","floor":15,"key":"SMITH"}],"circlet_count":0,"master_deck":["Strike_B","Strike_B","Defend_B","Defend_B","Defend_B","Defend_B","Zap","Dualcast","Defragment+1","Coolheaded","Rip and Tear","Cold Snap","Chill","Biased Cognition","Darkness","Hologram","Electrodynamics","Cold Snap","Loop","Storm","Coolheaded"],"relics":["Cracked Core","Bag of Preparation","Ice Cream","MawBank","Dream Catcher","PreservedInsect","Peace Pipe","Gambling Chip","Golden Idol","Cursed Key","PrismaticShard"],"acts_visited":["Exordium","TheCity"],"potions_floor_usage":[6,6],"damage_taken":[{"damage":1,"enemies":"Cultist","floor":1,"turns":3},{"damage":1,"enemies":"Jaw Worm","floor":5,"turns":3},{"damage":18,"enemies":"3 Sentries","floor":6,"turns":5},{"damage":0,"enemies":"2 Louse","floor":7,"turns":1},{"damage":0,"enemies":"Lagavulin","floor":8,"turns":8},{"damage":11,"enemies":"Gremlin Nob","floor":10,"turns":3},{"damage":0,"enemies":"Looter","floor":11,"turns":3},{"damage":7,"enemies":"Gremlin Gang","floor":12,"turns":5},{"damage":9,"enemies":"Hexaghost","floor":16,"turns":9},{"damage":1,"enemies":"3 Byrds","floor":18,"turns":3},{"damage":0,"enemies":"Spheric Guardian","floor":19,"turns":3},{"damage":0,"enemies":"Centurion and Healer","floor":21,"turns":3}],"seed_played":"-470093690727080162","potions_obtained":[{"floor":1,"key":"LiquidBronze"},{"floor":5,"key":"Energy Potion"},{"floor":8,"key":"SpeedPotion"},{"floor":10,"key":"CultistPotion"},{"floor":11,"key":"SteroidPotion"},{"floor":14,"key":"AttackPotion"},{"floor":14,"key":"Dexterity Potion"},{"floor":16,"key":"EssenceOfDarkness"}],"is_trial":false,"path_per_floor":["M","?","?","T","M","E","M","E","T","E","M","M","?","?","R","B",null,"M","M","$","M"],"character_chosen":"DEFECT","items_purchased":["Storm","PrismaticShard","Coolheaded"],"campfire_rested":0,"item_purchase_floors":[20,20,20],"current_hp_per_floor":[74,71,64,64,63,45,45,45,45,34,34,27,27,27,27,18,69,68,68,68,68,68],"gold":291,"neow_bonus":"RANDOM_COMMON_RELIC","is_daily":false,"chose_seed":false,"campfire_upgraded":1,"win_rate":0.0,"timestamp":1607806990,"path_taken":["M","?","?","?","M","E","M","E","T","E","?","M","?","?","R","BOSS","M","?","$","M"],"items_purchased_type":["Card","Relic","Card"],"build_version":"2020-11-30","purchased_purges":1,"victory":false,"max_hp_per_floor":[75,75,75,75,75,75,75,75,75,75,75,75,69,69,69,69,69,69,69,69,69,69],"relic_stats":{"Peace Pipe":0,"Dream Catcher":0,"counters":[12,49],"Golden Idol":35,"Gambling Chip":[9],"PreservedInsect":22,"Bag of Preparation":[24],"MawBank":192,"Cursed Key":0,"obtain_stats":[{"Ice Cream":2,"Peace Pipe":9,"Dream Catcher":6,"Golden Idol":13,"Gambling Chip":10,"PreservedInsect":8,"Bag of Preparation":0,"Cracked Core":0,"MawBank":4,"Cursed Key":17,"PrismaticShard":20},{"Ice Cream":1,"Peace Pipe":5,"Dream Catcher":3,"Golden Idol":8,"Gambling Chip":6,"PreservedInsect":5,"Bag of Preparation":0,"Cracked Core":0,"MawBank":1,"Cursed Key":9,"PrismaticShard":11},{"Ice Cream":3,"Peace Pipe":20,"Dream Catcher":11,"Golden Idol":31,"Gambling Chip":23,"PreservedInsect":20,"Bag of Preparation":0,"Cracked Core":0,"MawBank":3,"Cursed Key":40,"PrismaticShard":46}]},"card_choices":[{"not_picked":["BootSequence","Sweeping Beam"],"picked":"Defragment","floor":1},{"not_picked":["Storm","Barrage"],"picked":"Coolheaded","floor":5},{"not_picked":["Reinforced Body","Force Field"],"picked":"Rip and Tear","floor":6},{"not_picked":["Leap","Coolheaded"],"picked":"Cold Snap","floor":7},{"not_picked":["Rainbow","FTL"],"picked":"Chill","floor":8},{"not_picked":["Steam","Darkness"],"picked":"Biased Cognition","floor":10},{"not_picked":["Undo","Hologram"],"picked":"Darkness","floor":11},{"not_picked":["Scrape","Rebound"],"picked":"Hologram","floor":12},{"not_picked":["Biased Cognition","Meteor Strike"],"picked":"Electrodynamics","floor":16},{"not_picked":["Reinforced Body","Steam Power"],"picked":"Cold Snap","floor":18},{"not_picked":["Sweeping Beam","Conserve Battery"],"picked":"Loop","floor":19}],"player_experience":621073,"relics_obtained":[{"floor":4,"key":"MawBank"},{"floor":6,"key":"Dream Catcher"},{"floor":8,"key":"PreservedInsect"},{"floor":9,"key":"Peace Pipe"},{"floor":10,"key":"Gambling Chip"}],"event_choices":[{"damage_healed":0,"gold_gain":0,"player_choice":"Success","damage_taken":3,"relics_obtained":["Ice Cream"],"max_hp_gain":0,"max_hp_loss":0,"event_name":"Scrap Ooze","floor":2,"gold_loss":0},{"cards_removed":["Strike_B"],"damage_healed":0,"gold_gain":0,"player_choice":"Card Removal","damage_taken":7,"max_hp_gain":0,"max_hp_loss":0,"event_name":"Golden Wing","floor":3,"gold_loss":0},{"damage_healed":0,"gold_gain":0,"player_choice":"Lose Max HP","damage_taken":0,"relics_obtained":["Golden Idol"],"max_hp_gain":0,"max_hp_loss":6,"event_name":"Golden Idol","floor":13,"gold_loss":0},{"damage_healed":0,"gold_gain":0,"player_choice":"Bought 2 Potions","damage_taken":0,"max_hp_gain":0,"max_hp_loss":0,"event_name":"The Woman in Blue","floor":14,"gold_loss":0}],"is_beta":false,"boss_relics":[{"not_picked":["Sozu","FrozenCore"],"picked":"Cursed Key"}],"items_purged_floors":[20],"is_endless":false,"potions_floor_spawned":[1,5,8,10,11,16,18],"killed_by":"Centurion and Healer","ascension_level":1}}