{"host":"fbqvzfq8f1yzoo4u","time":1607792184,"event":{"mods":["BaseMod","Minty Spire (QoL Compilation)","Replay The Spire","StSLib"],"gold_per_floor":[112,126,69,34,34,34,62,62,62,81,44,44,55,55,130,205,255,271,271,290,156,172,172,202,202,226,242,242,252,271,271,271,271,271],"floor_reached":33,"playtime":1621,"items_purged":[],"score":530,"play_id":"ba1b2a73-483f-4908-a5f0-3d877b8178d2","local_time":"20201213005624","is_ascension_mode":true,"campfire_choices":[{"floor":6.0,"key":"REST"},{"floor":8.0,"key":"REST"},{"floor":23.0,"key":"REST"},{"floor":25.0,"key":"REST"},{"floor":28.0,"key":"REST"},{"floor":32.0,"key":"REST"}],"circlet_count":0,"master_deck":["AscendersBane","Strike_B","Strike_B+1","Strike_B","Strike_B","Defend_B","Defend_B+1","Defend_B+1","Defend_B","Zap","Dualcast","ReplayTheSpireMod:Necrogeddon","Rebound+1","Chaos","Genetic Algorithm","Conserve Battery+1","Coolheaded+1","Coolheaded","Ball Lightning","Reboot","BasicCrystalCard+1","Capacitor","Stack","Compile Driver","Ball Lightning","Static Discharge+1","Parasite","Stack","ReplaySolidLightProjector+1","Go for the Eyes+1","Aggregate+1","Chill","FIFO Queue"],"relics":["Cracked Core","Gremlin Food","TungstenRod","Question Card","Replay:Grab Bag","Cursed Key","Fusion Hammer","Tiny House","Prayer Wheel","Replay:WaspNest","Akabeko"],"acts_visited":["Exordium","TheCity"],"potions_floor_usage":[33],"damage_taken":[{"damage":9.0,"enemies":"Small Slimes","floor":1.0,"turns":4.0},{"damage":8.0,"enemies":"2 Louse","floor":2.0,"turns":3.0},{"damage":20.0,"enemies":"3 Sentries","floor":7.0,"turns":7.0},{"damage":0.0,"enemies":"Cultist","floor":10.0,"turns":2.0},{"damage":0.0,"enemies":"Looter","floor":13.0,"turns":5.0},{"damage":69.0,"enemies":"Fading Forest","floor":16.0,"turns":13.0},{"damage":14.0,"enemies":"Spheric Guardian","floor":18.0,"turns":4.0},{"damage":0.0,"enemies":"3 Byrds","floor":20.0,"turns":3.0},{"damage":0.0,"enemies":"Cultist and Chosen","floor":22.0,"turns":7.0},{"damage":66.0,"enemies":"Slavers","floor":24.0,"turns":9.0},{"damage":17.0,"enemies":"Snecko","floor":27.0,"turns":5.0},{"damage":13.0,"enemies":"Sentry and Sphere","floor":29.0,"turns":6.0},{"damage":5.0,"enemies":"Centurion and Healer","floor":30.0,"turns":8.0},{"damage":63,"enemies":"Automaton","floor":33,"turns":10}],"seed_played":"-8033928968012509457","potions_obtained":[{"floor":1.0,"key":"Fire Potion"},{"floor":7.0,"key":"Fire Potion"},{"floor":17.0,"key":"Venom Potion"},{"floor":18.0,"key":"Explosive Potion"},{"floor":27.0,"key":"Dexterity Potion"},{"floor":29.0,"key":"PotionOfCapacity"}],"is_trial":false,"path_per_floor":["M","M","$","?","?","R","E","R","T","M","$","?","M","$","R","B",null,"M","?","M","$","M","R","E","R","T","M","R","M","M","?","R","B"],"character_chosen":"DEFECT","items_purchased":["AttackPotion","Coolheaded","FocusPotion","Stack","Compile Driver"],"campfire_rested":6,"item_purchase_floors":[3,11,21,21,21],"current_hp_per_floor":[55,47,47,64,46,67,47,68,68,68,68,73,73,73,73,16,66,52,52,52,52,52,76,10,34,34,17,41,28,23,23,47,0,0],"gold":271,"neow_bonus":"RANDOM_COLORLESS_2","is_daily":false,"chose_seed":false,"campfire_upgraded":0,"win_rate":0.0,"timestamp":1607792184,"path_taken":["M","M","$","?","?","R","E","R","T","M","$","?","M","$","R","BOSS","M","?","M","$","M","R","E","R","T","M","R","M","?","?","R","BOSS"],"items_purchased_type":["Potion","Card","Potion","Card","Card"],"build_version":"2020-11-30","purchased_purges":0,"victory":false,"max_hp_per_floor":[71,71,71,71,71,71,71,71,71,71,71,76,76,76,76,76,81,81,81,81,81,81,81,81,81,81,81,81,81,81,81,81,81,81],"card_choices":[{"not_picked":["Transmutation","ReplayUltimateDefense"],"picked":"ReplayTheSpireMod:Necrogeddon","floor":0.0},{"not_picked":["Gash","Sweeping Beam"],"picked":"Rebound","floor":1.0},{"not_picked":["Beam Cell","Sweeping Beam"],"picked":"Chaos","floor":2.0},{"not_picked":["ReplayTheSpireMod:GoodbyeWorld","Heatsinks"],"picked":"Genetic Algorithm","floor":7.0},{"not_picked":["Double Energy","Lockon","Rebound"],"picked":"Conserve Battery","floor":10.0},{"not_picked":["Auto Shields","Sweeping Beam","Multi-Cast"],"picked":"Ball Lightning","floor":13.0},{"not_picked":["Amplify","Creative AI","Mirror Shield"],"picked":"Reboot","floor":16.0},{"not_picked":["Conserve Battery","Panic Button","Force Field"],"picked":"BasicCrystalCard","floor":17.0},{"not_picked":["BasicCrystalCard","Beam Cell","Blizzard"],"picked":"Capacitor","floor":18.0},{"not_picked":["BootSequence","Leap","Time Bomb"],"picked":"ReplayTheSpireMod:Fabricate Wheel","floor":20.0},{"not_picked":["Scrape","Conserve Battery","Barrage"],"picked":"Ball Lightning","floor":22.0},{"not_picked":["Reprogram","BasicCrystalCard","Hologram"],"picked":"Static Discharge+1","floor":24.0},{"not_picked":["Machine Learning","FTL","Gash"],"picked":"Stack","floor":27.0},{"not_picked":["Static Discharge","Compile Driver","Genetic Algorithm"],"picked":"ReplaySolidLightProjector+1","floor":27.0},{"not_picked":["ReplayTheSpireMod:Repulse","Hello World","Gash"],"picked":"Go for the Eyes+1","floor":29.0},{"not_picked":["Stack","Streamline","Gash"],"picked":"Aggregate+1","floor":29.0},{"not_picked":["Time Bomb+1","Go for the Eyes","Sweeping Beam"],"picked":"Chill","floor":30.0},{"not_picked":["ReplayTheSpireMod:GoodbyeWorld","Leap","BasicCrystalCard"],"picked":"FIFO Queue","floor":30.0}],"player_experience":570886,"relics_obtained":[{"floor":7.0,"key":"TungstenRod"},{"floor":9.0,"key":"Question Card"},{"floor":24.0,"key":"Replay:WaspNest"},{"floor":26.0,"key":"Akabeko"}],"event_choices":[{"damage_healed":17.0,"max_hp_gain":0.0,"max_hp_loss":0.0,"gold_gain":0.0,"event_name":"The Cleric","player_choice":"Healed","floor":4.0,"gold_loss":35.0,"damage_taken":0.0},{"damage_healed":0.0,"max_hp_gain":0.0,"max_hp_loss":0.0,"gold_gain":0.0,"event_name":"Scrap Ooze","player_choice":"Success","floor":5.0,"gold_loss":0.0,"damage_taken":18.0,"relics_obtained":["Gremlin Food"]},{"damage_healed":0.0,"max_hp_gain":5.0,"max_hp_loss":0.0,"gold_gain":0.0,"event_name":"Big Fish","player_choice":"Donut","floor":12.0,"gold_loss":0.0,"damage_taken":0.0},{"damage_healed":0.0,"max_hp_gain":0.0,"max_hp_loss":0.0,"gold_gain":0.0,"event_name":"Upgrade Shrine","player_choice":"Upgraded","floor":19.0,"gold_loss":0.0,"damage_taken":0.0,"cards_upgraded":["BasicCrystalCard"]}],"is_beta":false,"boss_relics":[{"not_picked":["Pandora\u0027s Box","SlaversCollar"],"picked":"Replay:Grab Bag"},{"not_picked":["Runic Dome","Velvet Choker"],"picked":"Cursed Key"},{"not_picked":["Philosopher\u0027s Stone","Sozu"],"picked":"Fusion Hammer"},{"not_picked":["Nuclear Battery","Ring of Chaos"],"picked":"Tiny House"}],"items_purged_floors":[],"is_endless":false,"potions_floor_spawned":[1,7,18,27,29],"killed_by":"Automaton","ascension_level":20}}