{"host":"uceopoba4zvqsgiy","time":1607808305,"event":{"mods":["Act Like it!","BaseMod","Better Skull","Better Third Choice","Elementarium","GifTheSpireLib","Hermit","Humility","Infinite Spire","Jorbs\u0027s Wanderer Trilogy","Marked Mod","Minty Spire (QoL Compilation)","Potionbrewer","Replay The Spire","Robot Space Explorer","Shade Mod","Spicy Shops","StSLib","Stuff the Spire","The Blue Laboratory","The Cursed","The Dragon Tamer","The Hierophant","The Judge","The Jungle","Wandering Minibosses"],"gold_per_floor":[117,130,88,102,181,208,219,234,259,259,259],"floor_reached":10,"playtime":1598,"items_purged":[],"score":81,"play_id":"0a13ca4c-c88b-4ab7-a648-9010174eb2bf","local_time":"20201213075505","is_ascension_mode":true,"campfire_choices":[],"circlet_count":0,"master_deck":["Strike_G","Strike_G","Strike_G","Strike_G","Strike_G","Defend_G","Defend_G","Defend_G","Defend_G","Defend_G","Survivor","Neutralize","Catalyst","All Out Attack","Distraction","Deadly Poison","Hidden Blade"],"relics":["Ring of the Snake","NeowsBlessing","betterThird:SlimedRelic","potionbrewer:ToyAutogyro","Boot"],"acts_visited":["Exordium"],"potions_floor_usage":[7,7,10,10],"damage_taken":[{"damage":0,"enemies":"Cultist","floor":1,"turns":1},{"damage":0,"enemies":"Jaw Worm","floor":2,"turns":1},{"damage":0,"enemies":"Small Slimes","floor":4,"turns":1},{"damage":54,"enemies":"Lagavulin","floor":6,"turns":7},{"damage":7,"enemies":"Exordium Thugs","floor":7,"turns":6},{"damage":37,"enemies":"Exordium Wildlife","floor":8,"turns":8},{"damage":48,"enemies":"Gremlin Nob","floor":10,"turns":3}],"seed_played":"-805911659255752325","potions_obtained":[{"floor":6,"key":"EntropicBrew"},{"floor":8,"key":"blueLaboratory:AbyssPotion"}],"is_trial":false,"path_per_floor":["M","M","?","M","?","E","M","M","T","E"],"character_chosen":"THE_SILENT","items_purchased":[],"campfire_rested":0,"item_purchase_floors":[],"current_hp_per_floor":[70,70,59,59,59,5,53,16,16,0,0],"gold":259,"neow_bonus":"THREE_ENEMY_KILL","is_daily":false,"chose_seed":false,"campfire_upgraded":0,"win_rate":0.0,"timestamp":1607808305,"path_taken":["M","?","?","M","?","E","M","M","T","E"],"items_purchased_type":[],"build_version":"2020-11-30","purchased_purges":0,"victory":false,"max_hp_per_floor":[70,70,70,70,70,70,60,60,60,60,60],"card_choices":[{"not_picked":["Slice","Backflip"],"picked":"Catalyst","floor":1},{"not_picked":["Quick Slash","Endless Agony"],"picked":"All Out Attack","floor":2},{"not_picked":["Replay:Poison Smokescreen","PiercingWail"],"picked":"Distraction","floor":4},{"not_picked":["Poisoned Stab","Doppelganger"],"picked":"Deadly Poison","floor":6},{"not_picked":["Underhanded Strike","Flechettes"],"picked":"Hidden Blade","floor":7},{"not_picked":["Dagger Throw","Quick Slash","Deflect"],"picked":"SKIP","floor":8}],"player_experience":1486050,"relics_obtained":[{"floor":6,"key":"potionbrewer:ToyAutogyro"},{"floor":9,"key":"Boot"}],"event_choices":[{"damage_healed":0,"gold_gain":0,"player_choice":"Slimed","damage_taken":11,"max_hp_gain":0,"max_hp_loss":0,"event_name":"betterThird:BetterGoop","floor":3,"gold_loss":42},{"damage_healed":0,"gold_gain":79,"player_choice":"Gained Gold","damage_taken":0,"max_hp_gain":0,"max_hp_loss":0,"event_name":"Golden Wing","floor":5,"gold_loss":0}],"is_beta":false,"boss_relics":[],"items_purged_floors":[],"is_endless":false,"potions_floor_spawned":[6,8],"killed_by":"Gremlin Nob","ascension_level":3}}