{"host":"v0n6ky7dmveherv3","time":1607796082,"event":{"mods":["BaseMod","Better Third Choice","Downfall","Minty Spire (QoL Compilation)","StSLib"],"gold_per_floor":[367,379,394,116,116,144,144,177,201,221,246,246,246,256,256,361,361,374,644,404,450,467,500,500,531,556,556,581,53,65,79,79,175,175,187,241,241,14,14,14,31,31,80,108,108,127,177,210,210,210],"floor_reached":51,"playtime":2074,"items_purged":["Strike_G","Strike_G","Strike_G","Strike_G"],"score":932,"play_id":"99c6db5e-d246-4d09-9661-7099b255bf0b","local_time":"20201212110122","is_ascension_mode":true,"campfire_choices":[{"data":"Deadly Poison","floor":7,"key":"SMITH"},{"data":"Catalyst","floor":15,"key":"SMITH"},{"data":"Catalyst","floor":24,"key":"SMITH"},{"floor":27,"key":"REST"},{"data":"Burst","floor":32,"key":"SMITH"},{"data":"Bouncing Flask","floor":40,"key":"SMITH"},{"data":"Night Terror","floor":42,"key":"SMITH"},{"data":"Deadly Poison","floor":45,"key":"SMITH"},{"floor":49,"key":"REST"}],"circlet_count":0,"master_deck":["Strike_G","Defend_G","Defend_G","Defend_G+1","Defend_G+1","Defend_G","Survivor","Neutralize","Backflip","Catalyst+1","Deadly Poison+1","Distraction","Catalyst+1","Burst","Blur","Burst+1","PiercingWail+1","expansioncontent:PrepareCrush","Deadly Poison+1","Discovery","Shame","Night Terror+1","Corpse Explosion","Bouncing Flask+1","Footwork","Footwork","Acrobatics","Calculated Gamble+1","Backflip+1"],"relics":["Ring of the Snake","Lantern","War Paint","Boot","Blood Vial","Shuriken","Cursed Key","Omamori","Du-Vu Doll","Paper Crane","Vajra","Sundial","ClockworkSouvenir","Regal Pillow","sneckomod:SneckoTalon","StoneCalendar","Ancient Tea Set","Mercury Hourglass","Pocketwatch","Nunchaku"],"acts_visited":["Exordium","TheCity","TheBeyond"],"potions_floor_usage":[6,8,16,23,25,28,46,47,50],"damage_taken":[{"damage":1,"enemies":"2 Louse","floor":1,"turns":4},{"damage":0,"enemies":"Jaw Worm","floor":2,"turns":5},{"damage":2,"enemies":"Cultist","floor":3,"turns":4},{"damage":23,"enemies":"Gremlin Nob","floor":6,"turns":4},{"damage":8,"enemies":"3 Sentries","floor":8,"turns":3},{"damage":2,"enemies":"2 Fungi Beasts","floor":10,"turns":4},{"damage":13,"enemies":"Lagavulin","floor":11,"turns":3},{"damage":0,"enemies":"Looter","floor":14,"turns":2},{"damage":4,"enemies":"Slime Boss","floor":16,"turns":9},{"damage":0,"enemies":"3 Byrds","floor":18,"turns":5},{"damage":0,"enemies":"2 Thieves","floor":22,"turns":4},{"damage":7,"enemies":"Book of Stabbing","floor":23,"turns":2},{"damage":12,"enemies":"Slavers","floor":25,"turns":8},{"damage":0,"enemies":"Gremlin Leader","floor":28,"turns":2},{"damage":1,"enemies":"Centurion and Healer","floor":30,"turns":4},{"damage":5,"enemies":"3 Cultists","floor":31,"turns":4},{"damage":8,"enemies":"Champ","floor":33,"turns":2},{"damage":17,"enemies":"Orb Walker","floor":35,"turns":4},{"damage":20,"enemies":"2 Orb Walkers","floor":36,"turns":7},{"damage":2,"enemies":"3 Darklings","floor":41,"turns":3},{"damage":10,"enemies":"Giant Head","floor":44,"turns":3},{"damage":11,"enemies":"4 Shapes","floor":46,"turns":3},{"damage":9,"enemies":"Mind Bloom Boss Battle","floor":47,"turns":4},{"damage":2,"enemies":"Reptomancer","floor":48,"turns":2},{"damage":19,"enemies":"Donu and Deca","floor":50,"turns":4}],"seed_played":"8010683198974179407","potions_obtained":[{"floor":2,"key":"Fire Potion"},{"floor":6,"key":"DistilledChaos"},{"floor":10,"key":"Dexterity Potion"},{"floor":11,"key":"AttackPotion"},{"floor":18,"key":"Poison Potion"},{"floor":22,"key":"AttackPotion"},{"floor":30,"key":"LiquidMemories"},{"floor":31,"key":"LiquidMemories"},{"floor":35,"key":"hexamod:EctoCoolerPotion"},{"floor":46,"key":"CultistPotion"}],"is_trial":false,"path_per_floor":["M","M","M","$","?","E","R","E","T","M","E","?","T","M","R","B",null,"M","?","$","T","M","E","R","E","T","R","E","$","M","M","R","B",null,"M","?","?","$","?","R","M","R","T","E","R","M","?","E","R","B",null],"character_chosen":"THE_SILENT","items_purchased":["Deadly Poison","Glass Knife","Deadly Poison","Discovery","Bouncing Flask","Footwork","ClockworkSouvenir","Regal Pillow","Footwork"],"campfire_rested":2,"item_purchase_floors":[4,4,20,20,29,29,29,29,38],"current_hp_per_floor":[62,62,60,60,60,37,37,29,29,27,14,14,14,16,16,14,63,63,30,30,30,32,27,27,17,17,35,37,37,38,35,35,29,63,46,28,28,28,73,73,71,71,71,63,63,54,47,47,73,54],"gold":210,"neow_bonus":"TWO_FIFTY_GOLD","is_daily":false,"chose_seed":false,"campfire_upgraded":7,"win_rate":0.0,"timestamp":1607796082,"path_taken":["M","M","M","$","?","E","R","E","T","M","E","?","?","M","R","BOSS","M","?","$","?","M","E","R","E","T","R","E","$","M","M","R","BOSS","M","?","?","?","?","R","?","R","T","E","R","M","?","E","R","BOSS"],"items_purchased_type":["Card","Card","Card","Card","Card","Card","Relic","Relic","Card"],"build_version":"2020-11-30","purchased_purges":4,"victory":true,"max_hp_per_floor":[63,63,63,63,63,63,63,63,63,63,63,63,63,63,63,63,63,63,63,63,63,63,63,63,63,63,63,63,63,63,63,63,63,63,63,63,63,63,73,73,73,73,73,73,73,73,73,73,73,73],"card_choices":[{"not_picked":["Outmaneuver","Prepared","Dagger Throw"],"picked":"SKIP","floor":1},{"not_picked":["Acrobatics","Bane"],"picked":"Backflip","floor":2},{"not_picked":["Backflip","Slice"],"picked":"Catalyst","floor":3},{"not_picked":["Infinite Blades","Eviscerate"],"picked":"Distraction","floor":6},{"not_picked":["Backflip","Dodge and Roll"],"picked":"Catalyst","floor":8},{"not_picked":["Quick Slash","Backflip","Flying Knee"],"picked":"SKIP","floor":10},{"not_picked":["Well Laid Plans","Backstab"],"picked":"Burst","floor":11},{"not_picked":["Quick Slash","Slice"],"picked":"Blur","floor":14},{"not_picked":["Venomology","Malaise"],"picked":"Burst","floor":16},{"not_picked":["Slice","Sucker Punch"],"picked":"PiercingWail+1","floor":18},{"not_picked":["Deflect","Crippling Poison"],"picked":"Night Terror","floor":22},{"not_picked":["Caltrops","Blur","Expertise"],"picked":"SKIP","floor":23},{"not_picked":["Sucker Punch","Prepared","Tactician+1"],"picked":"SKIP","floor":25},{"not_picked":["Heel Hook+1","Underhanded Strike"],"picked":"Corpse Explosion","floor":28},{"not_picked":["Prepared","Skewer","Bane+1"],"picked":"SKIP","floor":30},{"not_picked":["Prepared","Reflex+1","Flechettes"],"picked":"SKIP","floor":31},{"not_picked":["Deflect","PiercingWail","Dagger Spray"],"picked":"SKIP","floor":35},{"not_picked":["Eviscerate","Escape Plan"],"picked":"Acrobatics","floor":41},{"not_picked":["Dagger Spray+1","Dagger Throw+1","Quick Slash+1"],"picked":"SKIP","floor":44},{"not_picked":["Well Laid Plans","Masterful Stab+1","Deflect+1"],"picked":"SKIP","floor":46},{"not_picked":["Dagger Throw","Bane"],"picked":"Calculated Gamble+1","floor":47},{"not_picked":["Tactician+1","Prepared"],"picked":"Backflip+1","floor":48}],"player_experience":79796,"relics_obtained":[{"floor":6,"key":"Lantern"},{"floor":8,"key":"War Paint"},{"floor":9,"key":"Boot"},{"floor":11,"key":"Blood Vial"},{"floor":13,"key":"Shuriken"},{"floor":21,"key":"Omamori"},{"floor":23,"key":"Du-Vu Doll"},{"floor":25,"key":"Paper Crane"},{"floor":26,"key":"Vajra"},{"floor":28,"key":"Sundial"},{"floor":36,"key":"StoneCalendar"},{"floor":43,"key":"Ancient Tea Set"},{"floor":44,"key":"Mercury Hourglass"},{"floor":47,"key":"Pocketwatch"},{"floor":48,"key":"Nunchaku"}],"event_choices":[{"damage_healed":0,"gold_gain":0,"player_choice":"Grow","damage_taken":0,"max_hp_gain":0,"max_hp_loss":0,"event_name":"Living Wall","floor":5,"gold_loss":0,"cards_upgraded":["Glass Knife"]},{"damage_healed":0,"gold_gain":0,"player_choice":"Ignored","damage_taken":246,"max_hp_gain":0,"max_hp_loss":0,"event_name":"betterThird:BetterSerpent","floor":12,"gold_loss":0},{"damage_healed":0,"gold_gain":270,"player_choice":"GOLD GOLD GOLD CARD ","damage_taken":33,"max_hp_gain":0,"max_hp_loss":0,"event_name":"Knowing Skull","floor":19,"potions_obtained":[],"gold_loss":0,"cards_obtained":["expansioncontent:PrepareCrush"]},{"damage_healed":0,"gold_gain":0,"player_choice":"Fight","damage_taken":0,"max_hp_gain":0,"max_hp_loss":0,"event_name":"Mysterious Sphere","floor":36,"gold_loss":0},{"damage_healed":0,"gold_gain":0,"player_choice":"Ignored","damage_taken":0,"max_hp_gain":0,"max_hp_loss":0,"event_name":"Tomb of Lord Red Mask","floor":37,"gold_loss":0},{"cards_removed":["Glass Knife"],"damage_healed":35,"gold_gain":0,"player_choice":"Offered Rare","damage_taken":0,"max_hp_gain":10,"max_hp_loss":0,"event_name":"Bonfire Elementals","floor":39,"gold_loss":0},{"damage_healed":0,"gold_gain":0,"player_choice":"Fight","damage_taken":0,"max_hp_gain":0,"max_hp_loss":0,"event_name":"MindBloom","floor":47,"gold_loss":0}],"is_beta":false,"boss_relics":[{"not_picked":["Ectoplasm","Runic Dome"],"picked":"Cursed Key"},{"not_picked":["Velvet Choker","SlaversCollar"],"picked":"sneckomod:SneckoTalon"}],"items_purged_floors":[4,20,29,38],"is_endless":false,"potions_floor_spawned":[2,6,10,11,18,22,30,31,35,44,46],"ascension_level":2}}