{"host":"1hv1kueuvc4r3rdp","time":1607789964,"event":{"mods":["AchievementEnabler","BaseMod","DeckTracker","Highlight Path","Minty Spire (QoL Compilation)","Permanent Neow","StSLib"],"gold_per_floor":[118,133,143,161,175,204,204,217,243,243,243,261,289,239,239,336,336,336,291,291,93,93,93],"floor_reached":22,"playtime":1018,"items_purged":["Strike_B"],"score":250,"play_id":"20ebe80d-8ebd-496f-bee4-73134c8cbcd6","local_time":"20201212101924","is_ascension_mode":true,"campfire_choices":[{"floor":7,"key":"REST"},{"data":"Zap","floor":11,"key":"SMITH"},{"data":"Static Discharge","floor":15,"key":"SMITH"}],"circlet_count":0,"master_deck":["Strike_B","Strike_B","Defend_B","Defend_B","Defend_B","Defend_B","Zap+1","Dualcast","Thunder Strike","Rebound","Ball Lightning","FTL","Static Discharge+1","Auto Shields","Reboot","Defragment","Steam+1","Defragment","Leap"],"relics":["Cracked Core","Meat on the Bone","PreservedInsect","Boot","Ectoplasm"],"acts_visited":["Exordium","TheCity"],"potions_floor_usage":[20],"damage_taken":[{"damage":0,"enemies":"2 Louse","floor":1,"turns":2},{"damage":7,"enemies":"Jaw Worm","floor":2,"turns":3},{"damage":1,"enemies":"Cultist","floor":3,"turns":3},{"damage":3,"enemies":"3 Louse","floor":4,"turns":3},{"damage":11,"enemies":"Gremlin Gang","floor":5,"turns":4},{"damage":30,"enemies":"3 Sentries","floor":6,"turns":8},{"damage":21,"enemies":"Exordium Thugs","floor":8,"turns":3},{"damage":2,"enemies":"Exordium Wildlife","floor":12,"turns":3},{"damage":25,"enemies":"Lagavulin","floor":13,"turns":5},{"damage":28,"enemies":"Slime Boss","floor":16,"turns":9},{"damage":12,"enemies":"Chosen","floor":18,"turns":3},{"damage":18,"enemies":"2 Thieves","floor":19,"turns":3},{"damage":38,"enemies":"Shelled Parasite and Fungi","floor":20,"turns":4},{"damage":24,"enemies":"Snake Plant","floor":22,"turns":3}],"seed_played":"1867542379877485886","potions_obtained":[{"floor":2,"key":"ColorlessPotion"},{"floor":4,"key":"Weak Potion"},{"floor":8,"key":"PowerPotion"}],"is_trial":false,"path_per_floor":["M","M","M","M","M","E","R","M","T","?","R","M","E","?","R","B",null,"M","M","M","$","M"],"character_chosen":"DEFECT","items_purchased":["Defragment","Leap"],"campfire_rested":1,"item_purchase_floors":[21,21],"current_hp_per_floor":[75,68,67,64,53,23,45,36,36,41,41,51,38,38,38,22,66,54,48,22,22,0,0],"gold":93,"neow_bonus":"ONE_RANDOM_RARE_CARD","is_daily":false,"chose_seed":false,"campfire_upgraded":2,"win_rate":0.0,"timestamp":1607789964,"path_taken":["M","M","M","M","M","E","R","M","T","?","R","M","E","?","R","BOSS","M","M","M","$","M"],"items_purchased_type":["Card","Card"],"build_version":"2020-11-30","purchased_purges":1,"victory":false,"max_hp_per_floor":[75,75,75,75,75,75,75,75,75,80,80,80,80,80,80,80,80,80,80,80,80,80,80],"card_choices":[{"not_picked":["Stack","Coolheaded"],"picked":"Rebound","floor":1},{"not_picked":["Rebound","Cold Snap","Compile Driver"],"picked":"SKIP","floor":2},{"not_picked":["Steam","Leap"],"picked":"Ball Lightning","floor":3},{"not_picked":["Self Repair","Go for the Eyes","Leap"],"picked":"SKIP","floor":4},{"not_picked":["Blizzard","Hello World","Undo"],"picked":"SKIP","floor":5},{"not_picked":["Loop","Darkness"],"picked":"FTL","floor":6},{"not_picked":["Compile Driver","Steam","Leap"],"picked":"SKIP","floor":8},{"not_picked":["Go for the Eyes","Hologram"],"picked":"Static Discharge","floor":12},{"not_picked":["Core Surge","Redo"],"picked":"Auto Shields","floor":13},{"not_picked":["Amplify","Meteor Strike"],"picked":"Reboot","floor":16},{"not_picked":["Hologram","Compile Driver"],"picked":"Defragment","floor":18},{"not_picked":["Stack","Steam","Blizzard"],"picked":"SKIP","floor":19},{"not_picked":["Steam Power","Sunder"],"picked":"Steam+1","floor":20}],"player_experience":970211,"relics_obtained":[{"floor":6,"key":"Meat on the Bone"},{"floor":9,"key":"PreservedInsect"},{"floor":13,"key":"Boot"}],"event_choices":[{"damage_healed":0,"gold_gain":0,"player_choice":"Donut","damage_taken":0,"max_hp_gain":5,"max_hp_loss":0,"event_name":"Big Fish","floor":10,"gold_loss":0},{"cards_removed":["Strike_B"],"damage_healed":0,"gold_gain":0,"player_choice":"Card Removal","damage_taken":0,"max_hp_gain":0,"max_hp_loss":0,"event_name":"The Cleric","floor":14,"gold_loss":50}],"is_beta":false,"boss_relics":[{"not_picked":["Inserter","Cursed Key"],"picked":"Ectoplasm"}],"items_purged_floors":[21],"is_endless":false,"potions_floor_spawned":[2,4,8,13,19],"killed_by":"Snake Plant","ascension_level":5}}