{"host":"ktoxvvst1mwxww91","time":1607785872,"event":{"mods":["BaseMod","Downfall","Hermit","Minty Spire (QoL Compilation)","StSLib","The Blackbeard","The Hierophant","The Mystic","The Necromancer"],"gold_per_floor":[112,129,79,254,265,298,316,169,169,193,222,222,242,258,258,359,359,374,238,258,258,271,271,271],"floor_reached":23,"playtime":703,"items_purged":["Doubt","Gash"],"score":325,"play_id":"dcad1795-7624-4cd5-b5ff-0d3bc55cc3e3","local_time":"20201212161112","is_ascension_mode":true,"campfire_choices":[{"data":"Capacitor","floor":12,"key":"SMITH"},{"data":"Static Discharge","floor":15,"key":"SMITH"}],"circlet_count":0,"master_deck":["AscendersBane","Defend_B","Defend_B","Defend_B","Defend_B","Zap","Dualcast","Lockon","Go for the Eyes","Ball Lightning","Capacitor+1","Static Discharge+1","Ball Lightning","Glacier","Leap","Thunder Strike","Cold Snap+1","Glacier","Loop","Leap","All For One","Turbo","Leap"],"relics":["Cracked Core","NeowsBlessing","Meat on the Bone","Mercury Hourglass","Odd Mushroom","Bottled Flame","Astrolabe"],"acts_visited":["Exordium","TheCity"],"potions_floor_usage":[6,6,11,20,22],"damage_taken":[{"damage":0,"enemies":"Jaw Worm","floor":1,"turns":1},{"damage":0,"enemies":"Small Slimes","floor":2,"turns":1},{"damage":0,"enemies":"2 Louse","floor":5,"turns":1},{"damage":28,"enemies":"3 Sentries","floor":6,"turns":9},{"damage":0,"enemies":"Large Slime","floor":7,"turns":5},{"damage":6,"enemies":"The Mushroom Lair","floor":10,"turns":3},{"damage":23,"enemies":"Lagavulin","floor":11,"turns":4},{"damage":2,"enemies":"Blue Slaver","floor":13,"turns":3},{"damage":0,"enemies":"Red Slaver","floor":14,"turns":3},{"damage":33,"enemies":"The Guardian","floor":16,"turns":11},{"damage":25,"enemies":"2 Thieves","floor":18,"turns":3},{"damage":6,"enemies":"3 Byrds","floor":20,"turns":4},{"damage":18,"enemies":"Cultist and Chosen","floor":22,"turns":7},{"damage":39,"enemies":"Book of Stabbing","floor":23,"turns":7}],"seed_played":"-2876365713661557866","potions_obtained":[{"floor":2,"key":"BlessingOfTheForge"},{"floor":5,"key":"GamblersBrew"},{"floor":10,"key":"Block Potion"},{"floor":11,"key":"FearPotion"},{"floor":14,"key":"SpeedPotion"},{"floor":20,"key":"ColorlessPotion"}],"is_trial":false,"path_per_floor":["M","M","?","?","M","E","M","$","T","?","E","R","M","M","R","B",null,"M","$","M","?","M","E"],"character_chosen":"DEFECT","items_purchased":["Static Discharge","Loop"],"campfire_rested":0,"item_purchase_floors":[8,19],"current_hp_per_floor":[68,68,68,68,68,40,40,40,40,46,35,35,45,45,45,24,62,49,49,43,43,37,0,0],"gold":271,"neow_bonus":"THREE_ENEMY_KILL","is_daily":false,"chose_seed":false,"campfire_upgraded":2,"win_rate":0.0,"timestamp":1607785872,"path_taken":["M","M","?","?","M","E","M","$","T","?","E","R","M","M","R","BOSS","M","$","M","?","M","E"],"items_purchased_type":["Card","Card"],"build_version":"2020-11-30","purchased_purges":2,"victory":false,"max_hp_per_floor":[75,75,75,75,75,75,75,75,75,75,75,75,75,75,75,75,75,75,75,75,75,75,75,75],"card_choices":[{"not_picked":["Conserve Battery","Reinforced Body"],"picked":"Lockon","floor":1},{"not_picked":["Aggregate","Compile Driver"],"picked":"Go for the Eyes","floor":2},{"not_picked":["Melter","Steam Power"],"picked":"Gash","floor":5},{"not_picked":["Reinforced Body","Tempest"],"picked":"Ball Lightning","floor":6},{"not_picked":["Go for the Eyes","Gash"],"picked":"Capacitor","floor":7},{"not_picked":["Beam Cell","Stack"],"picked":"Ball Lightning","floor":10},{"not_picked":["Hologram","Redo"],"picked":"Glacier","floor":11},{"not_picked":["Hologram","Rebound"],"picked":"Leap","floor":13},{"not_picked":["Compile Driver","Redo","Sweeping Beam"],"picked":"SKIP","floor":14},{"not_picked":["Hyperbeam","All For One"],"picked":"Thunder Strike","floor":16},{"not_picked":["Stack","Double Energy"],"picked":"Glacier","floor":18},{"not_picked":["Turbo","Cold Snap+1"],"picked":"Leap","floor":20},{"not_picked":["Turbo+1","Go for the Eyes"],"picked":"Leap","floor":22}],"player_experience":1017456,"relics_obtained":[{"floor":6,"key":"Meat on the Bone"},{"floor":9,"key":"Mercury Hourglass"},{"floor":10,"key":"Odd Mushroom"},{"floor":11,"key":"Bottled Flame"}],"event_choices":[{"cards_removed":["Strike_B"],"damage_healed":0,"gold_gain":0,"player_choice":"Card Removal","damage_taken":0,"max_hp_gain":0,"max_hp_loss":0,"event_name":"The Cleric","floor":3,"gold_loss":50},{"damage_healed":0,"gold_gain":175,"player_choice":"AGREE","damage_taken":0,"max_hp_gain":0,"max_hp_loss":0,"event_name":"Liars Game","floor":4,"gold_loss":0,"cards_obtained":["Doubt"]},{"damage_healed":0,"gold_gain":0,"player_choice":"Fought Mushrooms","damage_taken":0,"max_hp_gain":0,"max_hp_loss":0,"event_name":"Mushrooms","floor":10,"gold_loss":0},{"damage_healed":0,"gold_gain":0,"cards_transformed":["Streamline","All For One"],"player_choice":"Became Test Subject","damage_taken":0,"max_hp_gain":0,"max_hp_loss":0,"event_name":"Drug Dealer","floor":21,"gold_loss":0,"cards_obtained":["All For One","Turbo"]}],"is_beta":false,"boss_relics":[{"not_picked":["Calling Bell","Runic Dome"],"picked":"Astrolabe"}],"items_purged_floors":[8,19],"is_endless":false,"potions_floor_spawned":[2,5,10,11,14,20],"killed_by":"Book of Stabbing","ascension_level":12}}