{"host":"6ko66ogg91i6g7xq","time":1607810770,"event":{"mods":["AchievementEnabler","Act Like it!","BaseMod","Colored Map","Colored Powertips","Downfall","Hermit","Minty Spire (QoL Compilation)","Quick Restart","Relic Stats","StSLib","The Jungle","everything is the same but u backflip on backflip"],"gold_per_floor":[110,22,22,32,32,62,62],"floor_reached":6,"playtime":60,"items_purged":[],"score":76,"play_id":"b2762f55-12d6-43c5-915f-513d5ab9b377","local_time":"20201212170610","is_ascension_mode":true,"campfire_choices":[],"circlet_count":0,"master_deck":["Strike_G","Strike_G","Strike_G","Strike_G","Strike_G","Defend_G","Defend_G","Defend_G","Defend_G","Defend_G","Survivor","Neutralize","Catalyst","Bandage Up","Leg Sweep"],"relics":["Ring of the Snake","NeowsBlessing","Thread and Needle","NlothsMask","Juzu Bracelet"],"acts_visited":["Exordium"],"potions_floor_usage":[],"damage_taken":[{"damage":0,"enemies":"Jaw Worm","floor":1,"turns":1},{"damage":0,"enemies":"2 Louse","floor":4,"turns":2},{"damage":0,"enemies":"3 Sentries","floor":6,"turns":1}],"seed_played":"-488418345799107106","potions_obtained":[{"floor":1,"key":"SkillPotion"},{"floor":4,"key":"Swift Potion"},{"floor":6,"key":"SkillPotion"}],"is_trial":false,"path_per_floor":["M","$","?","M","?","E"],"character_chosen":"THE_SILENT","items_purchased":["Bandage Up"],"campfire_rested":0,"item_purchase_floors":[2],"current_hp_per_floor":[70,70,45,49,49,49,49],"gold":62,"neow_bonus":"THREE_ENEMY_KILL","is_daily":false,"chose_seed":false,"campfire_upgraded":0,"win_rate":0.0,"timestamp":1607810770,"path_taken":["M","$","?","M","?","E"],"items_purchased_type":["Card"],"build_version":"2020-11-30","purchased_purges":0,"victory":false,"max_hp_per_floor":[70,70,70,70,70,70,70],"relic_stats":{"counters":[3,4],"Juzu Bracelet":0,"obtain_stats":[{"NeowsBlessing":0,"Thread and Needle":3,"Juzu Bracelet":6,"Ring of the Snake":0,"NlothsMask":5},{"NeowsBlessing":0,"Thread and Needle":1,"Juzu Bracelet":3,"Ring of the Snake":0,"NlothsMask":2},{"NeowsBlessing":0,"Thread and Needle":1,"Juzu Bracelet":4,"Ring of the Snake":0,"NlothsMask":3}],"Ring of the Snake":[6]},"card_choices":[{"not_picked":["Well Laid Plans","Infinite Blades"],"picked":"Catalyst","floor":1},{"not_picked":["Skewer","Blade Dance"],"picked":"Leg Sweep","floor":4}],"player_experience":263287,"relics_obtained":[{"floor":6,"key":"Juzu Bracelet"}],"event_choices":[{"damage_healed":0,"gold_gain":0,"player_choice":"Success","damage_taken":25,"relics_obtained":["Thread and Needle"],"max_hp_gain":0,"max_hp_loss":0,"event_name":"Scrap Ooze","floor":3,"gold_loss":0},{"damage_healed":0,"gold_gain":0,"player_choice":"Trade","damage_taken":0,"relics_obtained":["NlothsMask"],"max_hp_gain":0,"max_hp_loss":0,"event_name":"FaceTrader","floor":5,"gold_loss":0}],"is_beta":false,"boss_relics":[],"items_purged_floors":[],"is_endless":false,"potions_floor_spawned":[1,4,6],"killed_by":"3 Sentries","ascension_level":2}}