{"host":"xd92u7alcwi518yp","time":1607753655,"event":{"mods":["Aspiration","BaseMod","BetterRewards","Colored Map","Colored Powertips","Hubris","Minty Spire (QoL Compilation)","Quick Restart","StSLib"],"gold_per_floor":[110,127,137,137,137,167,180,215,215,225,225,225,239,259,259,358,358,338,352,352,382,357,357,357,388,388,388,404,404,418,418,418],"floor_reached":31,"playtime":2253,"items_purged":[],"score":317,"play_id":"5a02e686-5eb4-4756-a995-895316b911cd","local_time":"20201211221415","is_ascension_mode":false,"campfire_choices":[{"floor":11,"key":"REST"},{"data":"Entrench","floor":15,"key":"SMITH"},{"floor":23,"key":"RECALL"},{"floor":27,"key":"REST"},{"floor":29,"key":"REST"}],"circlet_count":0,"master_deck":["Strike_R","Strike_R+1","Defend_R","Defend_R","Defend_R","Defend_R+1","Bash","Iron Wave","Rage","Iron Wave","Sword Boomerang","Heavy Blade","Entrench+1","Body Slam","aspiration:Lunge","Bane","Flying Knee","Headbutt","Shrug It Off","Exhume","Body Slam","Ghostly Armor","Body Slam","hubris:ReadiedAction","Pummel"],"relics":["Burning Blood","hubris:ToyBattleship","hubris:ChampionShield","Anchor","SlaversCollar","Red Mask","MealTicket"],"acts_visited":["Exordium","TheCity"],"potions_floor_usage":[6,6,16,21,21,21],"damage_taken":[{"damage":0,"enemies":"Small Slimes","floor":1,"turns":3},{"damage":0,"enemies":"2 Louse","floor":2,"turns":2},{"damage":3,"enemies":"Jaw Worm","floor":3,"turns":4},{"damage":8,"enemies":"Lagavulin","floor":6,"turns":5},{"damage":0,"enemies":"3 Louse","floor":7,"turns":3},{"damage":38,"enemies":"3 Sentries","floor":8,"turns":9},{"damage":7,"enemies":"Blue Slaver","floor":10,"turns":4},{"damage":0,"enemies":"Looter","floor":13,"turns":2},{"damage":0,"enemies":"3 Louse","floor":14,"turns":3},{"damage":0,"enemies":"Slime Boss","floor":16,"turns":6},{"damage":11,"enemies":"2 Thieves","floor":18,"turns":4},{"damage":34,"enemies":"Shell Parasite","floor":19,"turns":8},{"damage":0,"enemies":"Masked Bandits","floor":21,"turns":2},{"damage":20,"enemies":"Book of Stabbing","floor":25,"turns":7},{"damage":30,"enemies":"Chosen and Byrds","floor":28,"turns":8},{"damage":61,"enemies":"Sentry and Sphere","floor":30,"turns":10}],"seed_played":"4886317171591883842","potions_obtained":[{"floor":2,"key":"Energy Potion"},{"floor":3,"key":"Strength Potion"},{"floor":13,"key":"ColorlessPotion"},{"floor":14,"key":"Dexterity Potion"},{"floor":16,"key":"PowerPotion"},{"floor":18,"key":"Strength Potion"},{"floor":19,"key":"ColorlessPotion"}],"is_trial":false,"path_per_floor":["M","M","M","?","$","E","M","E","T","M","R","?","M","M","R","B",null,"M","M","?","?","$","R","?","E","T","R","M","R","M","?"],"character_chosen":"IRONCLAD","items_purchased":["Body Slam"],"campfire_rested":3,"item_purchase_floors":[22],"current_hp_per_floor":[88,88,88,70,70,68,74,42,42,41,67,67,73,79,79,85,88,83,55,55,61,61,61,53,39,39,65,41,67,12,0,0],"gold":418,"neow_bonus":"TEN_PERCENT_HP_BONUS","is_daily":false,"chose_seed":false,"campfire_upgraded":1,"win_rate":0.0,"timestamp":1607753655,"path_taken":["M","M","M","?","$","E","M","E","T","M","R","?","M","M","R","BOSS","M","M","?","?","$","R","?","E","T","R","M","R","M","?"],"items_purchased_type":["Card"],"build_version":"2020-11-30","purchased_purges":0,"victory":false,"max_hp_per_floor":[88,88,88,88,88,88,88,88,88,88,88,88,88,88,88,88,88,88,88,88,88,88,88,88,88,88,88,88,88,88,93,93],"card_choices":[{"not_picked":["Shrug It Off","Blood for Blood"],"picked":"Iron Wave","floor":1},{"not_picked":["Rampage","Reckless Charge"],"picked":"Rage","floor":2},{"not_picked":["Wild Strike","Clash"],"picked":"Iron Wave","floor":3},{"not_picked":["Anger","Sever Soul"],"picked":"Sword Boomerang","floor":6},{"not_picked":["Cleave","Clothesline"],"picked":"Heavy Blade","floor":7},{"not_picked":["Wild Strike","Cleave"],"picked":"Entrench","floor":8},{"not_picked":["Corruption","Thunderclap"],"picked":"Body Slam","floor":10},{"not_picked":["Second Wind","Pommel Strike"],"picked":"Headbutt","floor":13},{"not_picked":["Heavy Blade","Clothesline"],"picked":"Shrug It Off","floor":14},{"not_picked":["hubris:StunningStrike","Bludgeon"],"picked":"Exhume","floor":16},{"not_picked":["Clothesline+1","Havoc","Power Through"],"picked":"SKIP","floor":18},{"not_picked":["Wild Strike+1","True Grit"],"picked":"Body Slam","floor":19},{"not_picked":["Havoc","Entrench"],"picked":"Ghostly Armor","floor":21},{"not_picked":["Uppercut","Warcry"],"picked":"hubris:ReadiedAction","floor":24},{"not_picked":["Berserk","Sever Soul+1","Dropkick"],"picked":"SKIP","floor":25},{"not_picked":["Sever Soul","Havoc+1"],"picked":"Pummel","floor":28},{"not_picked":["Clash+1","Sentinel+1","Headbutt"],"picked":"SKIP","floor":30}],"player_experience":307037,"relics_obtained":[{"floor":6,"key":"hubris:ToyBattleship"},{"floor":8,"key":"hubris:ChampionShield"},{"floor":9,"key":"Anchor"},{"floor":21,"key":"Red Mask"},{"floor":25,"key":"MealTicket"}],"event_choices":[{"damage_healed":0,"gold_gain":0,"player_choice":"Entered Light","damage_taken":18,"max_hp_gain":0,"max_hp_loss":0,"event_name":"Shining Light","floor":4,"gold_loss":0,"cards_upgraded":["Strike_R","Defend_R"]},{"damage_healed":0,"gold_gain":0,"player_choice":"Ignored","damage_taken":0,"max_hp_gain":0,"max_hp_loss":0,"event_name":"Vampires","floor":20,"gold_loss":0},{"damage_healed":0,"gold_gain":0,"player_choice":"Fought Bandits","damage_taken":0,"max_hp_gain":0,"max_hp_loss":0,"event_name":"Masked Bandits","floor":21,"gold_loss":0}],"is_beta":false,"boss_relics":[{"not_picked":["hubris:RunicObelisk","Black Blood"],"picked":"SlaversCollar"}],"items_purged_floors":[],"is_endless":false,"potions_floor_spawned":[2,3,13,14,16,18,19],"ascension_level":0}}