{"host":"ow9msrs9p2ctkx99","time":1607790700,"event":{"mods":["AchievementEnabler","BaseMod","Colored Map","Colored Powertips","Minty Spire (QoL Compilation)","Permanent Neow","Quick Restart","SuperFastMode"],"gold_per_floor":[119,194,194,38,48,48,81,81,108,119,119,137,168,187,187,261,261,276,307,63,63,63,63,92,92,146,161,161,161,94,94,94,94,94],"floor_reached":33,"playtime":703,"items_purged":["Strike_G","Strike_G"],"score":558,"play_id":"daa85e09-76c4-4082-9bcc-df85ba303ace","local_time":"20201212173140","is_ascension_mode":true,"campfire_choices":[{"data":"Crippling Poison","floor":6.0,"key":"SMITH"},{"data":"Neutralize","floor":8.0,"key":"SMITH"},{"data":"Footwork","floor":11.0,"key":"SMITH"},{"data":"Noxious Fumes","floor":15.0,"key":"SMITH"},{"data":"Burst","floor":23.0,"key":"SMITH"},{"data":"Cloak And Dagger","floor":25.0,"key":"SMITH"},{"floor":32.0,"key":"REST"}],"circlet_count":0,"master_deck":["AscendersBane","Strike_G","Strike_G","Defend_G","Defend_G","Defend_G","Defend_G","Defend_G","Survivor","Neutralize+1","Crippling Poison+1","Footwork+1","Bane","Backstab","Backflip","Noxious Fumes+1","Cloak And Dagger+1","Burst+1","Heel Hook","Deadly Poison","Blade Dance","Bouncing Flask","Well Laid Plans"],"relics":["Ring of the Snake","NeowsBlessing","Thread and Needle","Ancient Tea Set","PreservedInsect","Sozu","Red Mask","TwistedFunnel","Vajra","InkBottle","Omamori","Nilry\u0027s Codex"],"acts_visited":["Exordium","TheCity"],"potions_floor_usage":[],"damage_taken":[{"damage":0.0,"enemies":"2 Louse","floor":1.0,"turns":1.0},{"damage":0.0,"enemies":"Small Slimes","floor":5.0,"turns":1.0},{"damage":0.0,"enemies":"Lagavulin","floor":7.0,"turns":1.0},{"damage":0.0,"enemies":"Cultist","floor":10.0,"turns":3.0},{"damage":0.0,"enemies":"Large Slime","floor":12.0,"turns":5.0},{"damage":10.0,"enemies":"Gremlin Nob","floor":13.0,"turns":5.0},{"damage":2.0,"enemies":"2 Fungi Beasts","floor":14.0,"turns":4.0},{"damage":23.0,"enemies":"Hexaghost","floor":16.0,"turns":11.0},{"damage":0.0,"enemies":"3 Byrds","floor":18.0,"turns":3.0},{"damage":20.0,"enemies":"Masked Bandits","floor":19.0,"turns":4.0},{"damage":0.0,"enemies":"Slavers","floor":24.0,"turns":5.0},{"damage":0.0,"enemies":"2 Thieves","floor":27.0,"turns":3.0},{"damage":56,"enemies":"Collector","floor":33,"turns":7}],"seed_played":"-2567004086579300894","potions_obtained":[{"floor":1.0,"key":"BlessingOfTheForge"},{"floor":5.0,"key":"Energy Potion"},{"floor":10.0,"key":"FairyPotion"}],"is_trial":false,"path_per_floor":["M","?","?","$","M","R","E","R","T","M","R","M","E","M","R","B",null,"M","?","$","?","?","R","E","R","T","M","?","$","$","?","R","B"],"character_chosen":"THE_SILENT","items_purchased":["Footwork","TwistedFunnel","Well Laid Plans"],"campfire_rested":1,"item_purchase_floors":[4,20,30],"current_hp_per_floor":[59,48,48,48,48,48,48,48,48,48,48,48,38,36,36,13,53,53,33,33,33,33,33,33,33,33,33,12,12,12,12,31,0,0],"gold":94,"neow_bonus":"THREE_ENEMY_KILL","is_daily":false,"chose_seed":false,"campfire_upgraded":6,"win_rate":0.0,"timestamp":1607790700,"path_taken":["M","?","?","$","?","R","E","R","T","M","R","M","E","M","R","BOSS","M","?","$","?","?","R","E","R","T","M","?","?","$","?","R","BOSS"],"items_purchased_type":["Card","Relic","Card"],"build_version":"2020-11-30","purchased_purges":2,"victory":false,"max_hp_per_floor":[66,66,66,66,66,66,66,66,66,66,66,66,66,66,66,66,66,66,66,66,66,66,66,66,66,66,66,66,66,66,66,66,66,66],"card_choices":[{"not_picked":["Dodge and Roll","Outmaneuver"],"picked":"Crippling Poison","floor":1.0},{"not_picked":["Terror","Prepared"],"picked":"Bane","floor":5.0},{"not_picked":["Crippling Poison","Expertise"],"picked":"Backstab","floor":7.0},{"not_picked":["Bane","Outmaneuver"],"picked":"Backflip","floor":10.0},{"not_picked":["Dodge and Roll","Bane"],"picked":"Noxious Fumes","floor":12.0},{"not_picked":["Flying Knee","Crippling Poison","Dodge and Roll"],"picked":"SKIP","floor":13.0},{"not_picked":["Concentrate","Acrobatics"],"picked":"Cloak And Dagger","floor":14.0},{"not_picked":["Phantasmal Killer","Venomology"],"picked":"Burst","floor":16.0},{"not_picked":["Backflip","Poisoned Stab"],"picked":"Heel Hook","floor":18.0},{"not_picked":["Flying Knee+1","Predator"],"picked":"Deadly Poison","floor":19.0},{"not_picked":["Outmaneuver","All Out Attack"],"picked":"Blade Dance","floor":24.0},{"not_picked":["Underhanded Strike","Setup"],"picked":"Bouncing Flask","floor":27.0}],"player_experience":949971,"relics_obtained":[{"floor":7.0,"key":"Thread and Needle"},{"floor":9.0,"key":"Ancient Tea Set"},{"floor":13.0,"key":"PreservedInsect"},{"floor":19.0,"key":"Red Mask"},{"floor":24.0,"key":"InkBottle"},{"floor":26.0,"key":"Omamori"},{"floor":28.0,"key":"Nilry\u0027s Codex"}],"event_choices":[{"damage_healed":0.0,"max_hp_gain":0.0,"max_hp_loss":0.0,"gold_gain":75.0,"event_name":"World of Goop","player_choice":"Gather Gold","floor":2.0,"gold_loss":0.0,"damage_taken":11.0},{"cards_removed":["Strike_G"],"damage_healed":0.0,"max_hp_gain":0.0,"max_hp_loss":0.0,"gold_gain":0.0,"event_name":"Purifier","player_choice":"Purged","floor":3.0,"gold_loss":0.0,"damage_taken":0.0},{"damage_healed":0.0,"max_hp_gain":0.0,"max_hp_loss":0.0,"gold_gain":0.0,"event_name":"Masked Bandits","player_choice":"Fought Bandits","floor":19.0,"gold_loss":0.0,"damage_taken":0.0},{"damage_healed":0.0,"max_hp_gain":0.0,"max_hp_loss":0.0,"gold_gain":0.0,"event_name":"Addict","player_choice":"Stole Relic","floor":21.0,"gold_loss":0.0,"damage_taken":0.0,"relics_obtained":["Vajra"],"cards_obtained":["Shame"]},{"cards_removed":["Shame"],"damage_healed":0.0,"max_hp_gain":0.0,"max_hp_loss":0.0,"gold_gain":0.0,"event_name":"Back to Basics","player_choice":"Elegance","floor":22.0,"gold_loss":0.0,"damage_taken":0.0},{"damage_healed":0.0,"max_hp_gain":0.0,"max_hp_loss":0.0,"gold_gain":0.0,"event_name":"Cursed Tome","player_choice":"Obtained Book","floor":28.0,"gold_loss":0.0,"damage_taken":21.0},{"damage_healed":0.0,"max_hp_gain":0.0,"max_hp_loss":0.0,"gold_gain":0.0,"event_name":"Forgotten Altar","player_choice":"Smashed Altar","floor":31.0,"gold_loss":0.0,"damage_taken":0.0,"cards_obtained":["Decay"]}],"is_beta":false,"boss_relics":[{"not_picked":["Busted Crown","Calling Bell"],"picked":"Sozu"}],"items_purged_floors":[4,20],"is_endless":false,"potions_floor_spawned":[1,5,7,10,19],"killed_by":"Collector","ascension_level":15}}