{"host":"tknto047uabgu3zm","time":1607732070,"event":{"mods":["AchievementEnabler","BaseMod","Bestiary","Block Reminder","Colored Map","Colored Powertips","Highlight Path","Minty Spire (QoL Compilation)","MonsterHotkey","Permanent Neow","Random Character Button","Rare Cards Sparkle","Relic Sorter","Relic Stats","StSLib"],"gold_per_floor":[119,119,119,131,56,69,99,109,109,109,109,143,158,169,169,244,244,264,179,198,198,210,239,251,263,275,297,309,351,363,387,399,486,498,530,542,568,4,22,22,22],"floor_reached":40,"playtime":1897,"items_purged":["Regret","Defend_R"],"score":745,"play_id":"b56b97c5-f49c-44b7-a3ec-df5cfe06f1e7","local_time":"20201211161430","is_ascension_mode":true,"campfire_choices":[{"floor":11.0,"key":"REST"},{"data":"Uppercut","floor":15.0,"key":"SMITH"},{"data":"Whirlwind","floor":25.0,"key":"SMITH"},{"data":"Inflame","floor":28.0,"key":"SMITH"},{"data":"Burning Pact","floor":30.0,"key":"SMITH"},{"data":"Heavy Blade","floor":32.0,"key":"SMITH"}],"circlet_count":0,"master_deck":["AscendersBane","Strike_R","Strike_R+1","Strike_R","Strike_R","Strike_R+1","Defend_R","Defend_R","Defend_R","Bash","Carnage","Uppercut+1","Cleave","Inflame+1","Shrug It Off","Disarm","Dropkick","Rampage","Impervious","Anger","Whirlwind+1","Metallicize","Shrug It Off","Disarm","Burning Pact+1","Heavy Blade+1","Brutality","Dark Embrace+1","Madness","Madness","Armaments","Inflame","Feel No Pain"],"relics":["Burning Blood","Torii","TungstenRod","Ornamental Fan","Magic Flower","Shuriken","Cursed Key","Vajra","MawBank","Potion Belt","Lantern","Smiling Mask","Empty Cage","Bronze Scales","Toolbox"],"acts_visited":["Exordium","TheCity","TheBeyond"],"potions_floor_usage":[40,40,40,40],"damage_taken":[{"damage":2.0,"enemies":"2 Louse","floor":1.0,"turns":4.0},{"damage":2.0,"enemies":"Small Slimes","floor":4.0,"turns":3.0},{"damage":6.0,"enemies":"Jaw Worm","floor":6.0,"turns":2.0},{"damage":27.0,"enemies":"3 Sentries","floor":7.0,"turns":8.0},{"damage":11.0,"enemies":"Exordium Wildlife","floor":8.0,"turns":4.0},{"damage":26.0,"enemies":"Lagavulin","floor":12.0,"turns":7.0},{"damage":5.0,"enemies":"Looter","floor":13.0,"turns":3.0},{"damage":0.0,"enemies":"Blue Slaver","floor":14.0,"turns":5.0},{"damage":10.0,"enemies":"Hexaghost","floor":16.0,"turns":8.0},{"damage":10.0,"enemies":"Spheric Guardian","floor":18.0,"turns":4.0},{"damage":13.0,"enemies":"Shell Parasite","floor":20.0,"turns":5.0},{"damage":18.0,"enemies":"Shelled Parasite and Fungi","floor":22.0,"turns":5.0},{"damage":18.0,"enemies":"Book of Stabbing","floor":23.0,"turns":7.0},{"damage":8.0,"enemies":"Cultist and Chosen","floor":27.0,"turns":7.0},{"damage":6.0,"enemies":"Slavers","floor":29.0,"turns":2.0},{"damage":0.0,"enemies":"3 Cultists","floor":31.0,"turns":4.0},{"damage":50.0,"enemies":"Automaton","floor":33.0,"turns":8.0},{"damage":6.0,"enemies":"Orb Walker","floor":35.0,"turns":3.0},{"damage":8,"enemies":"3 Shapes","floor":37,"turns":6},{"damage":43,"enemies":"Spire Growth","floor":39,"turns":6},{"damage":46,"enemies":"Giant Head","floor":40,"turns":6}],"seed_played":"906488991153941494","potions_obtained":[{"floor":6.0,"key":"HeartOfIron"},{"floor":7.0,"key":"Strength Potion"},{"floor":12.0,"key":"BloodPotion"},{"floor":20.0,"key":"GamblersBrew"},{"floor":22.0,"key":"Energy Potion"},{"floor":27.0,"key":"Block Potion"}],"is_trial":false,"path_per_floor":["M","?","?","M","$","M","E","M","T","?","R","E","M","M","R","B",null,"M","?","M","$","M","E","?","R","T","M","R","E","R","M","R","B",null,"M","?","M","$","M","E"],"character_chosen":"IRONCLAD","items_purchased":["Bronze Scales","BlessingOfTheForge","Energy Potion","Explosive Potion","Inflame","Toolbox"],"campfire_rested":1,"item_purchase_floors":[38,38,38,38,38,38],"current_hp_per_floor":[72,72,58,62,62,62,41,36,36,30,51,34,38,47,47,46,66,65,65,61,61,52,43,43,43,43,44,44,47,47,56,56,15,58,61,53,54,54,20,0,0],"gold":22,"neow_bonus":"ONE_RARE_RELIC","is_daily":false,"chose_seed":false,"campfire_upgraded":5,"win_rate":0.0,"timestamp":1607732070,"path_taken":["M","?","?","M","$","M","E","M","T","?","R","E","?","M","R","BOSS","M","?","M","$","M","E","?","R","T","?","R","E","R","M","R","BOSS","M","?","M","$","M","E"],"items_purchased_type":["Relic","Potion","Potion","Potion","Card","Relic"],"build_version":"2020-11-30","purchased_purges":2,"victory":false,"max_hp_per_floor":[75,75,75,75,75,75,75,75,75,72,72,72,72,72,72,72,72,72,72,72,72,72,72,72,72,72,72,72,72,72,72,72,72,72,72,72,72,72,72,72,72],"relic_stats":{"Torii":83,"counters":[21,107],"Ornamental Fan":[64],"Shuriken":[16],"Bronze Scales":[21],"Magic Flower":[52],"Cursed Key":1,"MawBank":180,"Smiling Mask":50,"obtain_stats":[{"Potion Belt":24,"Lantern":26,"Torii":0,"Magic Flower":9,"Vajra":19,"Cursed Key":17,"MawBank":23,"Smiling Mask":29,"Empty Cage":34,"Burning Blood":0,"Ornamental Fan":7,"Shuriken":12,"Bronze Scales":38,"Toolbox":38,"TungstenRod":2},{"Potion Belt":13,"Lantern":13,"Torii":0,"Magic Flower":5,"Vajra":10,"Cursed Key":9,"MawBank":13,"Smiling Mask":15,"Empty Cage":17,"Burning Blood":0,"Ornamental Fan":4,"Shuriken":6,"Bronze Scales":19,"Toolbox":19,"TungstenRod":1},{"Potion Belt":65,"Lantern":65,"Torii":0,"Magic Flower":21,"Vajra":48,"Cursed Key":44,"MawBank":65,"Smiling Mask":74,"Empty Cage":86,"Burning Blood":0,"Ornamental Fan":17,"Shuriken":28,"Bronze Scales":95,"Toolbox":95,"TungstenRod":4}],"Burning Blood":165,"TungstenRod":81},"card_choices":[{"not_picked":["Warcry","Wild Strike"],"picked":"Carnage","floor":1.0},{"not_picked":["Searing Blow","Havoc"],"picked":"Uppercut","floor":4.0},{"not_picked":["Warcry","Shrug It Off"],"picked":"Cleave","floor":6.0},{"not_picked":["Armaments","Infernal Blade"],"picked":"Inflame","floor":7.0},{"not_picked":["Heavy Blade","Clothesline"],"picked":"Shrug It Off","floor":8.0},{"not_picked":["Sword Boomerang","Entrench"],"picked":"Disarm","floor":12.0},{"not_picked":["Pummel","Searing Blow"],"picked":"Dropkick","floor":13.0},{"not_picked":["Sword Boomerang","Iron Wave"],"picked":"Rampage","floor":14.0},{"not_picked":["Barricade","Exhume"],"picked":"Impervious","floor":16.0},{"not_picked":["Thunderclap","Second Wind"],"picked":"Anger","floor":18.0},{"not_picked":["Sword Boomerang","Sentinel"],"picked":"Whirlwind","floor":20.0},{"not_picked":["Pommel Strike","Searing Blow"],"picked":"Metallicize","floor":22.0},{"not_picked":["Cleave","Flex"],"picked":"Shrug It Off","floor":23.0},{"not_picked":["Cleave","Brutality"],"picked":"Disarm","floor":27.0},{"not_picked":["Shockwave","True Grit"],"picked":"Burning Pact","floor":29.0},{"not_picked":["Perfected Strike","Twin Strike"],"picked":"Heavy Blade","floor":31.0},{"not_picked":["Exhume","Double Tap"],"picked":"Brutality","floor":33.0},{"not_picked":["Body Slam","True Grit"],"picked":"Dark Embrace+1","floor":35.0},{"not_picked":["Infernal Blade","Pommel Strike"],"picked":"Armaments","floor":37},{"not_picked":["Clothesline","Cleave"],"picked":"Feel No Pain","floor":39}],"player_experience":426100,"relics_obtained":[{"floor":7.0,"key":"Ornamental Fan"},{"floor":9.0,"key":"Magic Flower"},{"floor":12.0,"key":"Shuriken"},{"floor":23.0,"key":"MawBank"},{"floor":26.0,"key":"Lantern"},{"floor":29.0,"key":"Smiling Mask"}],"event_choices":[{"damage_healed":0.0,"max_hp_gain":0.0,"max_hp_loss":0.0,"gold_gain":0.0,"event_name":"Big Fish","player_choice":"Box","floor":2.0,"gold_loss":0.0,"damage_taken":0.0,"relics_obtained":["TungstenRod"],"cards_obtained":["Regret"]},{"damage_healed":0.0,"max_hp_gain":0.0,"max_hp_loss":0.0,"gold_gain":0.0,"event_name":"Shining Light","player_choice":"Entered Light","floor":3.0,"gold_loss":0.0,"damage_taken":15.0,"cards_upgraded":["Strike_R","Strike_R"]},{"cards_removed":["Parasite"],"damage_healed":0.0,"max_hp_gain":0.0,"max_hp_loss":0.0,"gold_gain":0.0,"event_name":"Golden Wing","player_choice":"Card Removal","floor":10.0,"gold_loss":0.0,"damage_taken":7.0},{"damage_healed":0.0,"max_hp_gain":0.0,"max_hp_loss":0.0,"gold_gain":0.0,"event_name":"Addict","player_choice":"Obtained Relic","floor":19.0,"gold_loss":85.0,"damage_taken":0.0,"relics_obtained":["Vajra"]},{"damage_healed":0.0,"max_hp_gain":0.0,"max_hp_loss":0.0,"gold_gain":0.0,"event_name":"The Mausoleum","player_choice":"Opened","floor":24.0,"gold_loss":0.0,"damage_taken":0.0,"relics_obtained":["Potion Belt"],"cards_obtained":["Writhe"]},{"damage_healed":0,"gold_gain":0,"player_choice":"Embrace Madness","damage_taken":9,"max_hp_gain":0,"max_hp_loss":0,"event_name":"Winding Halls","floor":36,"gold_loss":0,"cards_obtained":["Madness","Madness"]}],"is_beta":false,"boss_relics":[{"not_picked":["Busted Crown","Fusion Hammer"],"picked":"Cursed Key"},{"not_picked":["Mark of Pain","Snecko Eye"],"picked":"Empty Cage"}],"items_purged_floors":[5,38],"is_endless":false,"potions_floor_spawned":[6,7,12,20,22,27,39],"killed_by":"Giant Head","ascension_level":14}}