{"host":"i344ixtilokuekwt","time":1607812017,"event":{"mods":["BaseMod","Card Forge","Colored Powertips","Minty Spire (QoL Compilation)","Quick Restart","Relic Stats","StSLib"],"gold_per_floor":[109,109,121,133,152,152,19,47,47,62,89,51,51,74,74,172,222,239,239,258,278,278,278],"floor_reached":22,"playtime":847,"items_purged":[],"score":196,"play_id":"083dd7a3-f961-4f82-8967-840c9c1d153c","local_time":"20201212172657","is_ascension_mode":false,"campfire_choices":[{"data":"Lockon","floor":6,"key":"SMITH"},{"data":"Defragment","floor":13,"key":"SMITH"},{"data":"Hologram","floor":15,"key":"SMITH"}],"circlet_count":0,"master_deck":["Strike_B","Strike_B","Defend_B","Defend_B","Defend_B","Defend_B","Zap","Dualcast","FTL+1","Lockon+1","BootSequence","Leap","Echo Form","Go for the Eyes","Conserve Battery","Defragment+1","Hologram+1","Seek","Chaos","Meteor Strike","Glacier"],"relics":["Cracked Core","Hammer of Thor","Seething Fire","Anvil of the Gods","Eternal Feather","Mercury Hourglass","Gremlin Horn","Odd Mushroom","Tiny House"],"acts_visited":["Exordium","TheCity"],"potions_floor_usage":[11,18,22],"damage_taken":[{"damage":0,"enemies":"Small Slimes","floor":1,"turns":3},{"damage":0,"enemies":"Cultist","floor":3,"turns":3},{"damage":1,"enemies":"Jaw Worm","floor":4,"turns":3},{"damage":0,"enemies":"2 Fungi Beasts","floor":5,"turns":3},{"damage":16,"enemies":"Lagavulin","floor":8,"turns":5},{"damage":0,"enemies":"Red Slaver","floor":10,"turns":2},{"damage":15,"enemies":"3 Sentries","floor":11,"turns":7},{"damage":0,"enemies":"The Mushroom Lair","floor":14,"turns":3},{"damage":26,"enemies":"Slime Boss","floor":16,"turns":8},{"damage":15,"enemies":"3 Byrds","floor":18,"turns":4},{"damage":19,"enemies":"Spheric Guardian","floor":20,"turns":4},{"damage":8,"enemies":"Shelled Parasite and Fungi","floor":21,"turns":6},{"damage":41,"enemies":"Masked Bandits","floor":22,"turns":3}],"seed_played":"-4831170330435747019","potions_obtained":[{"floor":3,"key":"Ancient Potion"},{"floor":8,"key":"LiquidBronze"},{"floor":10,"key":"AttackPotion"},{"floor":17,"key":"Block Potion"},{"floor":21,"key":"SteroidPotion"}],"is_trial":false,"path_per_floor":["M","?","M","M","M","R","$","E","T","M","E","$","R","?","R","B",null,"M","?","M","M","?"],"character_chosen":"DEFECT","items_purchased":["Echo Form","Go for the Eyes","Defragment"],"campfire_rested":0,"item_purchase_floors":[7,7,12],"current_hp_per_floor":[75,75,75,74,74,74,74,58,58,58,43,43,52,52,61,35,80,65,65,46,38,0,0],"gold":278,"neow_bonus":"THREE_CARDS","is_daily":false,"chose_seed":false,"campfire_upgraded":3,"win_rate":0.0,"timestamp":1607812017,"path_taken":["M","?","M","?","M","R","$","E","T","M","E","?","R","?","R","BOSS","M","?","?","M","?"],"items_purchased_type":["Card","Card","Card"],"build_version":"2020-11-30","purchased_purges":0,"victory":false,"max_hp_per_floor":[75,75,75,75,75,75,75,75,75,75,75,75,75,75,75,75,80,80,80,80,80,80,80],"relic_stats":{"Gremlin Horn":[9,9],"counters":[13,54],"Eternal Feather":18,"obtain_stats":[{"Tiny House":17,"Gremlin Horn":11,"Anvil of the Gods":0,"Eternal Feather":8,"Hammer of Thor":0,"Seething Fire":0,"Odd Mushroom":14,"Cracked Core":0,"Mercury Hourglass":9},{"Tiny House":9,"Gremlin Horn":7,"Anvil of the Gods":0,"Eternal Feather":5,"Hammer of Thor":0,"Seething Fire":0,"Odd Mushroom":8,"Cracked Core":0,"Mercury Hourglass":5},{"Tiny House":37,"Gremlin Horn":26,"Anvil of the Gods":0,"Eternal Feather":17,"Hammer of Thor":0,"Seething Fire":0,"Odd Mushroom":29,"Cracked Core":0,"Mercury Hourglass":17}],"Mercury Hourglass":[179]},"card_choices":[{"not_picked":["Hologram","Beam Cell"],"picked":"FTL","floor":0},{"not_picked":["Hologram","Beam Cell","Redo"],"picked":"SKIP","floor":1},{"not_picked":["Beam Cell","Blizzard"],"picked":"Lockon","floor":3},{"not_picked":["White Noise","Tempest"],"picked":"BootSequence","floor":4},{"not_picked":["Double Energy","BootSequence"],"picked":"Leap","floor":5},{"not_picked":["Go for the Eyes","Undo","Coolheaded"],"picked":"SKIP","floor":8},{"not_picked":["Auto Shields","Coolheaded"],"picked":"Conserve Battery","floor":10},{"not_picked":["Gash","Go for the Eyes","Thunder Strike"],"picked":"SKIP","floor":11},{"not_picked":["Tempest","Turbo"],"picked":"Hologram","floor":14},{"not_picked":["Hyperbeam","Meteor Strike"],"picked":"Seek","floor":16},{"not_picked":["Redo","Hologram"],"picked":"Chaos","floor":17},{"not_picked":["Stack","Streamline","BootSequence"],"picked":"SKIP","floor":18},{"not_picked":["Rip and Tear+1","Steam Power+1","White Noise"],"picked":"SKIP","floor":20},{"not_picked":["Steam","Doom and Gloom"],"picked":"Glacier","floor":21}],"player_experience":647465,"relics_obtained":[{"floor":8,"key":"Eternal Feather"},{"floor":9,"key":"Mercury Hourglass"},{"floor":11,"key":"Gremlin Horn"},{"floor":14,"key":"Odd Mushroom"}],"event_choices":[{"cards_removed":["Strike_B"],"damage_healed":0,"gold_gain":0,"player_choice":"Purged","damage_taken":0,"max_hp_gain":0,"max_hp_loss":0,"event_name":"Purifier","floor":2,"gold_loss":0},{"damage_healed":0,"gold_gain":0,"player_choice":"Fought Mushrooms","damage_taken":0,"max_hp_gain":0,"max_hp_loss":0,"event_name":"Mushrooms","floor":14,"gold_loss":0},{"damage_healed":0,"gold_gain":0,"cards_transformed":["Strike_B"],"player_choice":"Transformed","damage_taken":0,"max_hp_gain":0,"max_hp_loss":0,"event_name":"Transmorgrifier","floor":19,"gold_loss":0,"cards_obtained":["Meteor Strike"]},{"damage_healed":0,"gold_gain":0,"player_choice":"Fought Bandits","damage_taken":0,"max_hp_gain":0,"max_hp_loss":0,"event_name":"Masked Bandits","floor":22,"gold_loss":0}],"is_beta":false,"boss_relics":[{"not_picked":["Coffee Dripper","Runic Dome"],"picked":"Tiny House"}],"items_purged_floors":[],"is_endless":false,"potions_floor_spawned":[3,8,10,21],"killed_by":"Masked Bandits","ascension_level":0}}