{"host":"3mdjmozz5rahgtdc","time":1607778310,"event":{"mods":["AchievementEnabler","BaseMod","Better Silent Start","Better-Laid Plans","Colored Map","Colored Powertips","Custom Start","DeckTracker","KOR Keyword Fix","Minty Spire (QoL Compilation)","Permanent Neow","StSLib","SuperFastMode"],"gold_per_floor":[117,117,117,47,12,12,48,48,48,48,69,110,110,133,133,133,133],"floor_reached":16,"playtime":324,"items_purged":[],"score":122,"play_id":"6f007253-1c84-4740-a9f8-ed67c269c71a","local_time":"20201212220510","is_ascension_mode":true,"campfire_choices":[{"data":"Eruption","floor":6.0,"key":"SMITH"},{"floor":8.0,"key":"REST"},{"data":"Vault","floor":10.0,"key":"SMITH"},{"floor":15,"key":"REST"}],"circlet_count":0,"master_deck":["Strike_P","Strike_P","Strike_P","Strike_P","Defend_P","Defend_P","Defend_P","Defend_P","Eruption+1","Vigilance","Regret","Vault+1","MentalFortress","Vengeance","EmptyMind"],"relics":["PureWater","Golden Idol","Pen Nib","Gremlin Horn","Peace Pipe","Anchor","White Beast Statue"],"acts_visited":["Exordium"],"potions_floor_usage":[12],"damage_taken":[{"damage":7.0,"enemies":"2 Louse","floor":1.0,"turns":4.0},{"damage":49.0,"enemies":"3 Sentries","floor":7.0,"turns":14.0},{"damage":5.0,"enemies":"Jaw Worm","floor":11.0,"turns":3.0},{"damage":25,"enemies":"Gremlin Nob","floor":12,"turns":5},{"damage":2,"enemies":"Small Slimes","floor":14,"turns":2},{"damage":73,"enemies":"Slime Boss","floor":16,"turns":3}],"seed_played":"-2706361457356533549","potions_obtained":[{"floor":7.0,"key":"GamblersBrew"},{"floor":14,"key":"AttackPotion"}],"is_trial":false,"path_per_floor":["M","?","?","$","?","R","E","R","T","R","M","E","T","M","R","B"],"character_chosen":"WATCHER","items_purchased":["MentalFortress"],"campfire_rested":2,"item_purchase_floors":[4],"current_hp_per_floor":[65,47,44,44,62,62,13,34,34,34,29,4,4,2,23,0,0],"gold":133,"neow_bonus":"THREE_RARE_CARDS","is_daily":false,"chose_seed":false,"campfire_upgraded":2,"win_rate":0.0,"timestamp":1607778310,"path_taken":["M","?","?","$","?","R","E","R","T","R","M","E","?","M","R","BOSS"],"items_purchased_type":["Card"],"build_version":"2020-11-30","purchased_purges":0,"victory":false,"max_hp_per_floor":[72,72,72,72,72,72,72,72,72,72,72,72,72,72,72,72,72],"card_choices":[{"not_picked":["DevaForm","SpiritShield"],"picked":"Vault","floor":0.0},{"not_picked":["CutThroughFate","PathToVictory","CarveReality"],"picked":"SKIP","floor":1.0},{"not_picked":["CutThroughFate","FlurryOfBlows"],"picked":"Vengeance","floor":7.0},{"not_picked":["Crescendo","SashWhip","ForeignInfluence"],"picked":"SKIP","floor":11.0},{"not_picked":["Swivel","WreathOfFlame","Pray"],"picked":"SKIP","floor":12},{"not_picked":["Crescendo","ThirdEye"],"picked":"EmptyMind","floor":14}],"player_experience":264018,"relics_obtained":[{"floor":7.0,"key":"Gremlin Horn"},{"floor":9.0,"key":"Peace Pipe"},{"floor":12,"key":"Anchor"},{"floor":13,"key":"White Beast Statue"}],"event_choices":[{"damage_healed":0.0,"max_hp_gain":0.0,"max_hp_loss":0.0,"gold_gain":0.0,"event_name":"Golden Idol","player_choice":"Take Damage","floor":2.0,"gold_loss":0.0,"damage_taken":18.0,"relics_obtained":["Golden Idol"]},{"damage_healed":0.0,"max_hp_gain":0.0,"max_hp_loss":0.0,"gold_gain":0.0,"event_name":"Scrap Ooze","player_choice":"Success","floor":3.0,"gold_loss":0.0,"damage_taken":3.0,"relics_obtained":["Pen Nib"]},{"damage_healed":18.0,"max_hp_gain":0.0,"max_hp_loss":0.0,"gold_gain":0.0,"event_name":"The Cleric","player_choice":"Healed","floor":5.0,"gold_loss":35.0,"damage_taken":0.0}],"is_beta":false,"boss_relics":[],"items_purged_floors":[],"is_endless":false,"potions_floor_spawned":[7,14],"killed_by":"Slime Boss","ascension_level":3}}