{"host":"2pgz2fctomabfk86","time":1607756970,"event":{"mods":["AchievementEnabler","BaseMod","Colored Map","DeckTracker","Minty Spire (QoL Compilation)","StSLib","SuperFastMode"],"gold_per_floor":[111,111,122,203,36,68,68,80,106,126,51,51,51,66,66,142,142,161,172,190,190,90,90,124,124,124,124,124,134,145,245,245,318,318,334,388,388,408,283,312,325,360,383,403,403,403,413,447,447,447],"floor_reached":51,"playtime":1796,"items_purged":["Strike_G","Terror","Distraction"],"score":1494,"play_id":"ee2c5b27-7219-409e-97f0-724ae593131f","local_time":"20201212160930","is_ascension_mode":true,"campfire_choices":[{"data":"Crippling Poison","floor":7,"key":"SMITH"},{"data":"Bouncing Flask","floor":12,"key":"SMITH"},{"data":"Deadly Poison","floor":15,"key":"SMITH"},{"data":"Burst","floor":23,"key":"SMITH"},{"data":"Noxious Fumes","floor":28,"key":"SMITH"},{"data":"Noxious Fumes","floor":32,"key":"SMITH"},{"data":"1","floor":46,"key":"LIFT"},{"data":"Adrenaline","floor":49,"key":"SMITH"}],"circlet_count":0,"master_deck":["AscendersBane","Defend_G","Defend_G","Defend_G","Survivor","Neutralize","Noxious Fumes+1","Prepared","Escape Plan","Noxious Fumes+1","Crippling Poison+1","Bouncing Flask+1","Adrenaline+1","PiercingWail","Deadly Poison+1","Burst+1","Footwork","Crippling Poison+1","Catalyst+1","Reflex","Footwork","Backflip","Catalyst+1","Well Laid Plans+1","Caltrops+1","Master of Strategy","Outmaneuver+1"],"relics":["Ring of the Snake","NeowsBlessing","Kunai","Orrery","Lantern","Pen Nib","Coffee Dripper","Red Mask","PreservedInsect","Girya","Frozen Egg 2","Astrolabe","Pocketwatch","Pantograph","Snake Skull","Toy Ornithopter","Bag of Preparation"],"acts_visited":["Exordium","TheCity","TheBeyond"],"potions_floor_usage":[16,18,24,31,33,36,50],"damage_taken":[{"damage":0,"enemies":"2 Louse","floor":1,"turns":1},{"damage":0,"enemies":"Jaw Worm","floor":3,"turns":1},{"damage":0,"enemies":"3 Sentries","floor":6,"turns":2},{"damage":0,"enemies":"Small Slimes","floor":8,"turns":3},{"damage":11,"enemies":"3 Louse","floor":10,"turns":3},{"damage":12,"enemies":"Large Slime","floor":14,"turns":5},{"damage":35,"enemies":"Slime Boss","floor":16,"turns":7},{"damage":0,"enemies":"3 Byrds","floor":18,"turns":3},{"damage":19,"enemies":"2 Thieves","floor":19,"turns":3},{"damage":0,"enemies":"Centurion and Healer","floor":20,"turns":5},{"damage":24,"enemies":"Masked Bandits","floor":24,"turns":3},{"damage":5,"enemies":"Cultist and Chosen","floor":29,"turns":4},{"damage":0,"enemies":"3 Cultists","floor":30,"turns":3},{"damage":20,"enemies":"Colosseum Slavers","floor":31,"turns":4},{"damage":43,"enemies":"Colosseum Nobs","floor":31,"turns":4},{"damage":33,"enemies":"Collector","floor":33,"turns":6},{"damage":1,"enemies":"3 Shapes","floor":35,"turns":4},{"damage":32,"enemies":"2 Orb Walkers","floor":36,"turns":4},{"damage":29,"enemies":"3 Darklings","floor":38,"turns":3},{"damage":35,"enemies":"Reptomancer","floor":40,"turns":3},{"damage":0,"enemies":"Transient","floor":41,"turns":6},{"damage":0,"enemies":"Giant Head","floor":42,"turns":4},{"damage":1,"enemies":"Sphere and 2 Shapes","floor":44,"turns":3},{"damage":0,"enemies":"4 Shapes","floor":47,"turns":4},{"damage":29,"enemies":"Nemesis","floor":48,"turns":5},{"damage":33,"enemies":"Donu and Deca","floor":50,"turns":4}],"seed_played":"-4896585019214767609","potions_obtained":[{"floor":3,"key":"Regen Potion"},{"floor":10,"key":"Block Potion"},{"floor":16,"key":"Explosive Potion"},{"floor":18,"key":"DistilledChaos"},{"floor":20,"key":"PowerPotion"},{"floor":29,"key":"Poison Potion"},{"floor":31,"key":"Strength Potion"},{"floor":35,"key":"DistilledChaos"},{"floor":40,"key":"Energy Potion"}],"is_trial":false,"path_per_floor":["M","?","M","T","$","E","R","M","T","M","$","R","?","M","R","B",null,"M","M","M","?","$","R","?","?","T","?","R","M","M","?","R","B",null,"M","?","?","M","$","E","M","E","T","M","?","R","M","E","R","B",null],"character_chosen":"THE_SILENT","items_purchased":["Orrery"],"campfire_rested":0,"item_purchase_floors":[5],"current_hp_per_floor":[59,64,64,64,64,64,64,64,64,53,53,53,53,41,41,21,59,59,40,40,40,40,40,16,16,16,16,16,11,11,8,8,38,63,62,30,25,51,51,45,45,45,45,44,71,71,71,42,42,38],"gold":447,"neow_bonus":"THREE_ENEMY_KILL","is_daily":false,"chose_seed":false,"campfire_upgraded":7,"win_rate":0.0,"timestamp":1607756970,"path_taken":["M","?","M","?","?","E","R","M","T","M","$","R","?","M","R","BOSS","M","M","M","?","$","R","?","?","T","?","R","M","?","?","R","BOSS","M","?","?","M","$","E","M","E","T","M","?","R","?","E","R","BOSS"],"items_purchased_type":["Relic"],"build_version":"2020-11-30","purchased_purges":3,"victory":true,"max_hp_per_floor":[66,71,71,71,71,71,71,71,71,71,71,71,71,71,71,71,71,71,71,71,71,71,71,71,71,71,71,71,71,71,71,71,71,71,71,71,71,71,71,71,71,71,71,71,71,71,71,71,71,71],"card_choices":[{"not_picked":["Sucker Punch","Deflect"],"picked":"Noxious Fumes","floor":1},{"not_picked":["Riddle With Holes","Dagger Throw"],"picked":"Prepared","floor":3},{"not_picked":["Underhanded Strike","Concentrate"],"picked":"Escape Plan","floor":5},{"not_picked":["All Out Attack","Eviscerate"],"picked":"Noxious Fumes","floor":5},{"not_picked":["Storm of Steel","Bane"],"picked":"Crippling Poison","floor":5},{"not_picked":["Choke","Poisoned Stab"],"picked":"Bouncing Flask","floor":5},{"not_picked":["Dodge and Roll","Caltrops"],"picked":"Adrenaline","floor":6},{"not_picked":["Cloak And Dagger","Slice"],"picked":"PiercingWail","floor":8},{"not_picked":["Sucker Punch","Distraction"],"picked":"Deadly Poison","floor":10},{"not_picked":["Noxious Fumes","Bane","Riddle With Holes"],"picked":"SKIP","floor":14},{"not_picked":["Bullet Time","Grand Finale"],"picked":"Burst","floor":16},{"not_picked":["Finisher","Expertise"],"picked":"Footwork","floor":18},{"not_picked":["Distraction","Sucker Punch+1"],"picked":"Crippling Poison","floor":19},{"not_picked":["Dash","Bane"],"picked":"Catalyst+1","floor":20},{"not_picked":["Escape Plan","PiercingWail"],"picked":"Reflex","floor":24},{"not_picked":["Dodge and Roll","Finisher"],"picked":"Leg Sweep","floor":29},{"not_picked":["Dodge and Roll","Choke"],"picked":"Footwork","floor":30},{"not_picked":["Dodge and Roll","Dagger Throw+1"],"picked":"Backflip","floor":31},{"not_picked":["Dagger Spray","Dodge and Roll","Skewer"],"picked":"SKIP","floor":35},{"not_picked":["Impatience","HandOfGreed"],"picked":"Master of Strategy","floor":37},{"not_picked":["Backflip","Backstab+1","Blade Dance"],"picked":"SKIP","floor":38},{"not_picked":["Crippling Poison","Blur+1","Blade Dance+1"],"picked":"SKIP","floor":40},{"not_picked":["PiercingWail","Prepared","Poisoned Stab"],"picked":"SKIP","floor":41},{"not_picked":["Eviscerate+1","Die Die Die","Setup"],"picked":"SKIP","floor":42},{"not_picked":["Dagger Throw","Slice+1","Backflip"],"picked":"SKIP","floor":44},{"not_picked":["Crippling Poison","Dash"],"picked":"Outmaneuver+1","floor":47},{"not_picked":["Infinite Blades+1","Escape Plan+1","Deadly Poison"],"picked":"SKIP","floor":48}],"player_experience":924146,"relics_obtained":[{"floor":4,"key":"Kunai"},{"floor":6,"key":"Lantern"},{"floor":9,"key":"Pen Nib"},{"floor":24,"key":"Red Mask"},{"floor":26,"key":"PreservedInsect"},{"floor":31,"key":"Girya"},{"floor":31,"key":"Frozen Egg 2"},{"floor":36,"key":"Pocketwatch"},{"floor":40,"key":"Pantograph"},{"floor":42,"key":"Snake Skull"},{"floor":43,"key":"Toy Ornithopter"},{"floor":48,"key":"Bag of Preparation"}],"event_choices":[{"damage_healed":0,"gold_gain":0,"player_choice":"Donut","damage_taken":0,"max_hp_gain":5,"max_hp_loss":0,"event_name":"Big Fish","floor":2,"gold_loss":0},{"cards_removed":["Strike_G"],"damage_healed":0,"gold_gain":0,"player_choice":"Forget","damage_taken":0,"max_hp_gain":0,"max_hp_loss":0,"event_name":"Living Wall","floor":13,"gold_loss":0},{"damage_healed":0,"gold_gain":0,"cards_transformed":["Strike_G","Strike_G"],"player_choice":"Became Test Subject","damage_taken":0,"max_hp_gain":0,"max_hp_loss":0,"event_name":"Drug Dealer","floor":21,"gold_loss":0,"cards_obtained":["Distraction","Terror"]},{"damage_healed":0,"gold_gain":0,"player_choice":"Fought Bandits","damage_taken":0,"max_hp_gain":0,"max_hp_loss":0,"event_name":"Masked Bandits","floor":24,"gold_loss":0},{"damage_healed":0,"gold_gain":0,"player_choice":"Ignored","damage_taken":0,"max_hp_gain":0,"max_hp_loss":0,"event_name":"Vampires","floor":25,"gold_loss":0},{"damage_healed":0,"gold_gain":0,"player_choice":"Upgraded","damage_taken":0,"max_hp_gain":0,"max_hp_loss":0,"event_name":"Upgrade Shrine","floor":27,"gold_loss":0,"cards_upgraded":["Crippling Poison"]},{"damage_healed":0,"gold_gain":0,"player_choice":"Fight","damage_taken":0,"max_hp_gain":0,"max_hp_loss":0,"event_name":"Colosseum","floor":31,"gold_loss":0},{"damage_healed":0,"gold_gain":0,"player_choice":"Fought Nobs","damage_taken":0,"max_hp_gain":0,"max_hp_loss":0,"event_name":"Colosseum","floor":31,"gold_loss":0},{"damage_healed":0,"gold_gain":0,"player_choice":"Fight","damage_taken":0,"max_hp_gain":0,"max_hp_loss":0,"event_name":"Mysterious Sphere","floor":36,"gold_loss":0},{"damage_healed":0,"gold_gain":0,"player_choice":"Memory 2","damage_taken":5,"max_hp_gain":0,"max_hp_loss":0,"event_name":"SensoryStone","floor":37,"gold_loss":0},{"cards_removed":["Leg Sweep"],"damage_healed":27,"gold_gain":0,"player_choice":"Offered Uncommon","damage_taken":0,"max_hp_gain":0,"max_hp_loss":0,"event_name":"Bonfire Elementals","floor":45,"gold_loss":0}],"is_beta":false,"boss_relics":[{"not_picked":["Snecko Eye","Runic Dome"],"picked":"Coffee Dripper"},{"not_picked":["Cursed Key","HoveringKite"],"picked":"Astrolabe"}],"items_purged_floors":[11,22,39],"is_endless":false,"potions_floor_spawned":[3,10,16,18,20,29,30,31,35,40,41,42],"ascension_level":18}}