{"host":"kpyoctgc7jne3jiy","time":1607810140,"event":{"mods":["AchievementEnabler","BaseMod","Minty Spire (QoL Compilation)"],"gold_per_floor":[111,127,36,13,13,38,38,38,38,53,53,69,95,170,170,265,265,282,282,128,118,118,118,134,169,169,169,185,185,185,150,150,247,247,260,260,260,275,289,289,142,142,212,212,225,275,275,127,127,127],"floor_reached":51,"playtime":2819,"items_purged":[],"score":706,"play_id":"3187bae5-d3e5-4dbb-8af3-0f389a1a0df8","local_time":"20201212225540","is_ascension_mode":true,"campfire_choices":[{"data":"Genetic Algorithm","floor":7.0,"key":"SMITH"},{"data":"Ball Lightning","floor":11.0,"key":"SMITH"},{"floor":15,"key":"REST"},{"data":"Consume","floor":23,"key":"SMITH"},{"data":"Rainbow","floor":27,"key":"SMITH"},{"data":"Zap","floor":29,"key":"SMITH"},{"data":"Glacier","floor":32,"key":"SMITH"},{"data":"Madness","floor":40,"key":"SMITH"},{"data":"Consume","floor":42,"key":"SMITH"},{"data":"Echo Form","floor":44,"key":"SMITH"},{"data":"Madness","floor":47,"key":"SMITH"},{"data":"Creative AI","floor":49,"key":"SMITH"}],"circlet_count":0,"master_deck":["Strike_B+1","Strike_B+1","Strike_B+1","Defend_B+1","Defend_B+1","Defend_B+1","Defend_B+1","Zap","Dualcast","Creative AI+1","Genetic Algorithm+1","Ball Lightning+1","Good Instincts","Leap","Zap+1","Bandage Up","Sweeping Beam","Self Repair","Turbo","Rainbow+1","Consume+1","Coolheaded","Hologram+1","Capacitor","Glacier+1","Echo Form+1","CurseOfTheBell","Consume+1","Madness+1","Madness+1","Force Field+1"],"relics":["Cracked Core","Darkstone Periapt","Gambling Chip","Strawberry","Nuclear Battery","Runic Capacitor","Ancient Tea Set","White Beast Statue","Calling Bell","Happy Flower","Blue Candle","Bird Faced Urn","DataDisk","Eternal Feather","FossilizedHelix","Bronze Scales"],"acts_visited":["Exordium","TheCity","TheBeyond"],"potions_floor_usage":[13,13,24,33,35,39,39,50],"damage_taken":[{"damage":1.0,"enemies":"Cultist","floor":1.0,"turns":3.0},{"damage":14.0,"enemies":"Jaw Worm","floor":2.0,"turns":5.0},{"damage":22.0,"enemies":"Gremlin Nob","floor":6.0,"turns":4.0},{"damage":2.0,"enemies":"2 Louse","floor":10.0,"turns":2.0},{"damage":11,"enemies":"2 Fungi Beasts","floor":12,"turns":4},{"damage":23,"enemies":"3 Sentries","floor":13,"turns":6},{"damage":44,"enemies":"Hexaghost","floor":16,"turns":10},{"damage":11,"enemies":"Chosen","floor":18,"turns":6},{"damage":8,"enemies":"2 Thieves","floor":21,"turns":4},{"damage":0,"enemies":"Snecko","floor":24,"turns":5},{"damage":20,"enemies":"Book of Stabbing","floor":25,"turns":5},{"damage":28,"enemies":"Snake Plant","floor":28,"turns":5},{"damage":39,"enemies":"Champ","floor":33,"turns":12},{"damage":13,"enemies":"3 Shapes","floor":35,"turns":3},{"damage":10,"enemies":"Orb Walker","floor":38,"turns":4},{"damage":13,"enemies":"Sphere and 2 Shapes","floor":39,"turns":6},{"damage":0,"enemies":"Maw","floor":45,"turns":7},{"damage":16,"enemies":"Mind Bloom Boss Battle","floor":46,"turns":8},{"damage":28,"enemies":"Donu and Deca","floor":50,"turns":10}],"seed_played":"-7127139995565382289","potions_obtained":[{"floor":1.0,"key":"GamblersBrew"},{"floor":6.0,"key":"ColorlessPotion"},{"floor":13,"key":"Ancient Potion"},{"floor":16,"key":"Weak Potion"},{"floor":21,"key":"Explosive Potion"},{"floor":28,"key":"Explosive Potion"},{"floor":33,"key":"FocusPotion"},{"floor":35,"key":"SkillPotion"},{"floor":38,"key":"Energy Potion"},{"floor":39,"key":"SkillPotion"},{"floor":45,"key":"SmokeBomb"},{"floor":46,"key":"Explosive Potion"}],"is_trial":false,"path_per_floor":["M","M","$","$","?","E","R","$","T","M","R","M","E","?","R","B",null,"M","?","$","M","?","R","M","E","T","R","M","R","?","$","R","B",null,"M","?","?","M","M","R","$","R","T","R","M","?","R","$","R","B",null],"character_chosen":"DEFECT","items_purchased":["Good Instincts","Leap","Runic Capacitor","Glacier","DataDisk","Bronze Scales"],"campfire_rested":1,"item_purchase_floors":[3,4,20,31,41,48],"current_hp_per_floor":[74,60,60,60,60,42,42,42,42,44,44,44,39,28,52,19,82,78,78,78,81,81,81,82,69,69,69,52,52,52,52,52,17,88,83,83,72,68,69,69,69,69,69,87,88,88,88,88,88,83],"gold":127,"neow_bonus":"ONE_RANDOM_RARE_CARD","is_daily":false,"chose_seed":false,"campfire_upgraded":11,"win_rate":0.0,"timestamp":1607810140,"path_taken":["M","M","?","$","?","E","R","$","T","M","R","?","E","?","R","BOSS","M","?","$","M","?","R","M","E","T","R","M","R","?","$","R","BOSS","M","?","?","M","M","R","$","R","T","R","M","?","R","?","R","BOSS"],"items_purchased_type":["Card","Card","Relic","Card","Relic","Relic"],"build_version":"2020-11-30","purchased_purges":0,"victory":true,"max_hp_per_floor":[75,75,75,75,75,75,75,75,75,75,75,75,82,82,82,82,82,82,82,82,82,82,82,82,82,82,82,82,82,82,82,82,82,88,88,88,88,88,88,88,88,88,88,88,88,88,88,88,88,88],"card_choices":[{"not_picked":["Storm","Go for the Eyes"],"picked":"Genetic Algorithm","floor":1.0},{"not_picked":["Coolheaded","Beam Cell"],"picked":"Ball Lightning","floor":2.0},{"not_picked":["Aggregate","White Noise"],"picked":"Self Repair","floor":6.0},{"not_picked":["Gash","Force Field"],"picked":"Turbo","floor":10.0},{"not_picked":["Sweeping Beam","Chill","Storm"],"picked":"SKIP","floor":12},{"not_picked":["Hologram","All For One","Blizzard"],"picked":"SKIP","floor":13},{"not_picked":["Seek","Fission"],"picked":"Rainbow","floor":16},{"not_picked":["Conserve Battery","Double Energy"],"picked":"Sunder","floor":18},{"not_picked":["Barrage+1","Self Repair+1"],"picked":"Coolheaded","floor":21},{"not_picked":["Force Field","Conserve Battery","Compile Driver"],"picked":"SKIP","floor":24},{"not_picked":["Barrage","Double Energy"],"picked":"Hologram+1","floor":25},{"not_picked":["Stack","Genetic Algorithm+1"],"picked":"Capacitor","floor":28},{"not_picked":["Core Surge","Reboot"],"picked":"Echo Form","floor":33},{"not_picked":["Barrage+1","Recycle+1"],"picked":"Consume","floor":35},{"not_picked":["Coolheaded","Cold Snap+1","Go for the Eyes"],"picked":"SKIP","floor":38},{"not_picked":["BootSequence","Ball Lightning+1"],"picked":"Force Field+1","floor":39},{"not_picked":["Hologram","Gash","Recycle+1"],"picked":"SKIP","floor":45}],"player_experience":195711,"relics_obtained":[{"floor":6.0,"key":"Darkstone Periapt"},{"floor":9.0,"key":"Gambling Chip"},{"floor":13,"key":"Strawberry"},{"floor":25,"key":"Ancient Tea Set"},{"floor":26,"key":"White Beast Statue"},{"floor":34,"key":"Happy Flower"},{"floor":34,"key":"Blue Candle"},{"floor":34,"key":"Bird Faced Urn"},{"floor":43,"key":"Eternal Feather"},{"floor":46,"key":"FossilizedHelix"}],"event_choices":[{"damage_healed":0.0,"max_hp_gain":0.0,"max_hp_loss":0.0,"gold_gain":0.0,"event_name":"Match and Keep!","player_choice":"3 cards matched","floor":5.0,"gold_loss":0.0,"damage_taken":0.0,"cards_obtained":["Zap","Bandage Up","Sweeping Beam"]},{"damage_healed":0,"gold_gain":75,"player_choice":"Gather Gold","damage_taken":11,"max_hp_gain":0,"max_hp_loss":0,"event_name":"World of Goop","floor":14,"gold_loss":0},{"damage_healed":0,"gold_gain":0,"player_choice":"Read","damage_taken":0,"max_hp_gain":0,"max_hp_loss":0,"event_name":"The Library","floor":19,"gold_loss":0,"cards_obtained":["Consume"]},{"damage_healed":0,"gold_gain":0,"player_choice":"Simplicity","damage_taken":0,"max_hp_gain":0,"max_hp_loss":0,"event_name":"Back to Basics","floor":22,"gold_loss":0,"cards_upgraded":["Strike_B","Strike_B","Strike_B","Strike_B","Defend_B","Defend_B","Defend_B","Defend_B"]},{"cards_removed":["Strike_B"],"damage_healed":0,"gold_gain":0,"player_choice":"Purged","damage_taken":0,"max_hp_gain":0,"max_hp_loss":0,"event_name":"Purifier","floor":30,"gold_loss":0},{"cards_removed":["Sunder"],"damage_healed":0,"gold_gain":0,"player_choice":"Removed Attack","damage_taken":0,"max_hp_gain":0,"max_hp_loss":0,"event_name":"Falling","floor":36,"gold_loss":0},{"damage_healed":0,"gold_gain":0,"player_choice":"Embrace Madness","damage_taken":11,"max_hp_gain":0,"max_hp_loss":0,"event_name":"Winding Halls","floor":37,"gold_loss":0,"cards_obtained":["Madness","Madness"]},{"damage_healed":0,"gold_gain":0,"player_choice":"Fight","damage_taken":0,"max_hp_gain":0,"max_hp_loss":0,"event_name":"MindBloom","floor":46,"gold_loss":0}],"is_beta":false,"boss_relics":[{"not_picked":["FrozenCore","Fusion Hammer"],"picked":"Nuclear Battery"},{"not_picked":["Coffee Dripper","Tiny House"],"picked":"Calling Bell"}],"items_purged_floors":[],"is_endless":false,"potions_floor_spawned":[1,6,13,16,21,28,33,35,38,39,45,46],"ascension_level":2}}