{"host":"8xp52u5o8fcssvzz","time":1607732439,"event":{"mods":["2.2 Compatiblity","AchievementEnabler","Aspiration","BaseMod","Better Altar","Better Match","Better Note","Better Sensory Stone","Better Skull","Better Third Choice","BetterRewards","Colored Map","Conspire","Downfall","GifTheSpireLib","Googly Eyes","Halation","Highlight Path","Hubris","Infinite Spire","Jorbs\u0027s Wanderer Trilogy","Mimic Mod","Minty Spire (QoL Compilation)","Replay The Spire","Spicy Shops","StSLib","Stuff the Spire","The Runesmith","The Servant 0.9.4","Unceasing Turn Reminder","everything is the same but u backflip on backflip"],"gold_per_floor":[112,125,125,125,142,142,177,192,192,192,192,192,207,218,218,322,322,340,358,358,338,288,323,64,64,145,159,8,41,59,73,73,169,169,181,198,0,0,0,36,36,56,56,56,66,66,78,78,78,78],"floor_reached":51,"playtime":3891,"items_purged":["Runesmith:Strike_RS","Runesmith:Strike_RS","Runesmith:Defend_RS"],"score":647,"play_id":"91ee467f-de6a-4296-839d-15fa65bfb539","local_time":"20201211162039","is_ascension_mode":false,"campfire_choices":[{"data":"Runesmith:Grindstone","floor":6,"key":"SMITH"},{"data":"Runesmith:BackupBattery+1","floor":12,"key":"SMITH"},{"floor":15,"key":"DIG"},{"data":"Runesmith:GrandSlam","floor":25,"key":"SMITH"},{"data":"Runesmith:DoubleUp","floor":32,"key":"SMITH"},{"data":"Runesmith:Fortify","floor":41,"key":"SMITH"},{"data":"Runesmith:HammerThrow","floor":44,"key":"SMITH"},{"data":"Runesmith:Grindstone","floor":46,"key":"SMITH"},{"data":"Runesmith:PoweredAnvil","floor":49,"key":"SMITH"}],"circlet_count":0,"master_deck":["Runesmith:Strike_RS","Runesmith:Defend_RS","Runesmith:Defend_RS","Runesmith:CraftFirestone","Runesmith:Fortify+1","Runesmith:Attraction+1","Runesmith:BackupBattery+2","Runesmith:ShiftingStrike","Runesmith:Grindstone+1","Runesmith:DoubleUp+1","Runesmith:CraftMagma","Runesmith:Firestorm","Runesmith:LastStand","Runesmith:StaticCage+1","Runesmith:Grindstone+1","Runesmith:GrandSlam+1","Runesmith:ChiselStab","Runesmith:PoweredAnvil+1","Runesmith:Firestorm+1","Runesmith:Firewall","Runesmith:HammerThrow+1","Runesmith:MetallurgicalResearch","Runesmith:PoweredAnvil+1","Runesmith:ElementalConversion+1","AscendersBane","Madness","Runesmith:DuctTape","aspiration:UnbridledHammer+1"],"relics":["Runesmith:BrokenRuby","Blue Candle","halation:BottledLove","Honey Jar","infinitespire:Lychee Nut","Bottled Lightning","infinitespire:ShieldingShard","Mummified Hand","halation:PinkAlligatorPlush","Red Mask","CeramicFish","Gremlin Horn","Chemical X"],"acts_visited":["Exordium","TheCity","TheBeyond"],"potions_floor_usage":[16,30,33,36,47],"damage_taken":[{"damage":8,"enemies":"Small Slimes","floor":1,"turns":4},{"damage":0,"enemies":"Cultist","floor":2,"turns":3},{"damage":6,"enemies":"Jaw Worm","floor":5,"turns":4},{"damage":8,"enemies":"Lagavulin","floor":7,"turns":8},{"damage":8,"enemies":"3 Louse","floor":8,"turns":5},{"damage":1,"enemies":"Large Slime","floor":13,"turns":5},{"damage":5,"enemies":"Blue Slaver","floor":14,"turns":4},{"damage":32,"enemies":"The Guardian","floor":16,"turns":10},{"damage":13,"enemies":"Spheric Guardian","floor":18,"turns":7},{"damage":5,"enemies":"Shell Parasite","floor":19,"turns":7},{"damage":33,"enemies":"Book of Stabbing","floor":23,"turns":9},{"damage":6,"enemies":"Chosen and Byrds","floor":27,"turns":7},{"damage":0,"enemies":"Shelled Parasite and Fungi","floor":29,"turns":6},{"damage":0,"enemies":"Shelled Parasite and Fungi","floor":30,"turns":5},{"damage":17,"enemies":"Snake Plant","floor":31,"turns":4},{"damage":3,"enemies":"conspire:MysteriousRune","floor":33,"turns":12},{"damage":3,"enemies":"3 Shapes","floor":35,"turns":4},{"damage":43,"enemies":"3 Darklings","floor":36,"turns":7},{"damage":23,"enemies":"Nemesis","floor":40,"turns":3},{"damage":0,"enemies":"Maw","floor":42,"turns":8},{"damage":14,"enemies":"Spire Growth","floor":45,"turns":7},{"damage":1,"enemies":"Transient","floor":47,"turns":5},{"damage":9,"enemies":"Donu and Deca","floor":50,"turns":8}],"seed_played":"-1127160946763944192","potions_obtained":[{"floor":2,"key":"BlessingOfTheForge"},{"floor":7,"key":"Death Potion"},{"floor":18,"key":"Fire Potion"},{"floor":21,"key":"SteroidPotion"},{"floor":27,"key":"Block Potion"},{"floor":31,"key":"Venom Potion"},{"floor":35,"key":"Explosive Potion"}],"is_trial":false,"path_per_floor":["M","M","?","?","M","R","E","M","T","?","?","R","M","M","R_BF","B",null,"M","M","AVR","?","?","E","$","R","T","M","$","MIM","M","M","R","B",null,"M","M","?","?","?","E","R","M","T","R","M","R","M","AVR","R","B",null],"character_chosen":"RUNESMITH_CLASS","items_purchased":["Bottled Lightning","Runesmith:PoweredAnvil"],"campfire_rested":0,"item_purchase_floors":[24,28],"current_hp_per_floor":[69,69,69,69,63,63,55,47,47,40,40,40,39,34,34,2,77,64,59,59,59,59,26,26,26,26,26,26,32,38,27,27,30,57,55,17,17,17,17,57,57,57,57,57,43,43,48,48,48,45],"gold":78,"neow_bonus":"TEN_PERCENT_HP_BONUS","is_daily":false,"chose_seed":false,"campfire_upgraded":8,"win_rate":0.0,"timestamp":1607732439,"path_taken":["M","M","?","?","M","R","E","?","T","?","?","R","M","M","R_BF","BOSS","M","M","AVR","?","?","E","?","R","T","M","$","?","M","M","R","BOSS","M","M","?","?","?","E","R","M","T","R","M","R","M","AVR","R","BOSS"],"items_purchased_type":["Relic","Card"],"build_version":"2020-11-30","purchased_purges":3,"victory":true,"max_hp_per_floor":[77,77,77,77,77,77,77,77,77,77,77,77,77,77,77,77,77,77,77,77,77,77,57,57,57,57,57,57,57,57,57,57,57,57,57,57,57,57,57,57,57,57,57,57,57,57,57,57,57,57],"card_choices":[{"not_picked":["Runesmith:Electrocute","Runesmith:Augment"],"picked":"Runesmith:Attraction","floor":1},{"not_picked":["Runesmith:CraftVitae","Runesmith:HammerThrow"],"picked":"Runesmith:BackupBattery","floor":2},{"not_picked":["Runesmith:CraftProtectio","Runesmith:ChargedHammer"],"picked":"Runesmith:Grindstone","floor":5},{"not_picked":["Runesmith:Prism","Runesmith:Attraction"],"picked":"Runesmith:DoubleUp","floor":7},{"not_picked":["Runesmith:HammerTime","Runesmith:CraftProtectio"],"picked":"Runesmith:CraftMagma","floor":8},{"not_picked":["Runesmith:Repurpose","Runesmith:HammerThrow"],"picked":"Runesmith:Firestorm","floor":13},{"not_picked":["Runesmith:ShiftingStrike","Runesmith:StaticCage","Runesmith:Firestorm"],"picked":"SKIP","floor":14},{"not_picked":["Runesmith:CraftMedicinae","Runesmith:CraftPrismatica"],"picked":"Runesmith:LastStand","floor":16},{"not_picked":["Runesmith:Repurpose","Runesmith:HeatExchange","Runesmith:Overpower"],"picked":"Runesmith:StaticCage+1","floor":18},{"not_picked":["Runesmith:ChiselStab","Runesmith:ShiftingStrike","Runesmith:FieryHammer+1"],"picked":"Runesmith:Grindstone","floor":19},{"not_picked":["Runesmith:CraftReservo","Runesmith:EnergizedChisel","aspiration:UnbridledHammer"],"picked":"Runesmith:GrandSlam","floor":23},{"not_picked":["Runesmith:EnergizedChisel","Runesmith:Electrocute","Runesmith:DoubleUp"],"picked":"Runesmith:ChiselStab","floor":27},{"not_picked":["Runesmith:EarthShield","Runesmith:UnstableHammer+1","Runesmith:DoubleUp"],"picked":"Runesmith:Firestorm+1","floor":29},{"not_picked":["Runesmith:EarthShield","Runesmith:Grindstone","Runesmith:DuctTape"],"picked":"Runesmith:Firewall","floor":30},{"not_picked":["Runesmith:Discharge","Runesmith:Overpower","Runesmith:Grindstone"],"picked":"Runesmith:HammerThrow","floor":31},{"not_picked":["Runesmith:LastStand","Runesmith:CraftPrismatica","Runesmith:GrandSlam"],"picked":"Runesmith:MetallurgicalResearch","floor":33},{"not_picked":["Runesmith:Refine+1","Runesmith:HeatedChisel","Runesmith:CraftVitae+1"],"picked":"Runesmith:PoweredAnvil+1","floor":35},{"not_picked":["Runesmith:Attraction","Runesmith:OneForEveryone+1","Runesmith:Overpower+1"],"picked":"Runesmith:ElementalConversion+1","floor":36},{"not_picked":["Runesmith:CraftProtectio+1","Runesmith:HeatExchange+1","Runesmith:NegativeSpace+1"],"picked":"Runesmith:DuctTape","floor":40},{"not_picked":["Runesmith:GoWithTheFlow","Runesmith:Malloc","Runesmith:ChiselStab+1"],"picked":"aspiration:UnbridledHammer+1","floor":42},{"not_picked":["Runesmith:HeatExchange","Runesmith:GoWithTheFlow","Runesmith:CraftProtectio","Runesmith:HeatedChisel"],"picked":"SKIP","floor":45},{"not_picked":["Runesmith:FieryHammer+1","Runesmith:MakeshiftArmor+1","Runesmith:Attraction+1","Runesmith:Repurpose+1"],"picked":"SKIP","floor":47}],"player_experience":392994,"relics_obtained":[{"floor":7,"key":"Blue Candle"},{"floor":15,"key":"halation:BottledLove"},{"floor":23,"key":"infinitespire:Lychee Nut"},{"floor":26,"key":"infinitespire:ShieldingShard"},{"floor":29,"key":"Mummified Hand"},{"floor":40,"key":"CeramicFish"},{"floor":43,"key":"Gremlin Horn"}],"event_choices":[{"damage_healed":0,"gold_gain":0,"cards_transformed":["Runesmith:Strike_RS"],"player_choice":"Transformed","damage_taken":0,"max_hp_gain":0,"max_hp_loss":0,"event_name":"Transmorgrifier","floor":4,"gold_loss":0,"cards_obtained":["Runesmith:ShiftingStrike"]},{"cards_removed":["Runesmith:Defend_RS"],"damage_healed":0,"gold_gain":0,"player_choice":"Card Removal","damage_taken":7,"max_hp_gain":0,"max_hp_loss":0,"event_name":"Golden Wing","floor":10,"gold_loss":0},{"damage_healed":0,"gold_gain":0,"player_choice":"Grow","damage_taken":0,"max_hp_gain":0,"max_hp_loss":0,"event_name":"Living Wall","floor":11,"gold_loss":0,"cards_upgraded":["Runesmith:BackupBattery"]},{"damage_healed":0,"gold_gain":0,"player_choice":"Bought 1 Potion","damage_taken":0,"max_hp_gain":0,"max_hp_loss":0,"event_name":"The Woman in Blue","floor":21,"gold_loss":0},{"damage_healed":0,"gold_gain":0,"player_choice":"Bet on Murderer","damage_taken":0,"max_hp_gain":0,"max_hp_loss":0,"event_name":"The Joust","floor":22,"gold_loss":50},{"damage_healed":0,"gold_gain":0,"player_choice":"Paid","damage_taken":0,"relics_obtained":["Red Mask"],"max_hp_gain":0,"max_hp_loss":0,"event_name":"Tomb of Lord Red Mask","floor":37,"gold_loss":198},{"damage_healed":0,"gold_gain":3,"player_choice":"3","damage_taken":0,"max_hp_gain":0,"max_hp_loss":0,"event_name":"betterStone:BetterStone","floor":38,"gold_loss":0,"cards_obtained":["Madness"]},{"damage_healed":0,"gold_gain":0,"player_choice":"Ignored","damage_taken":0,"max_hp_gain":0,"max_hp_loss":0,"event_name":"betterNote:BetterNote","floor":39,"gold_loss":0,"cards_obtained":["Sucker Punch"]}],"is_beta":false,"boss_relics":[{"not_picked":["halation:SmartPhone","Runesmith:UraniumAnvil"],"picked":"Honey Jar"},{"not_picked":["Kintsugi","hubris:GrandSneckoEye"],"picked":"halation:PinkAlligatorPlush"}],"items_purged_floors":[20,28,48],"is_endless":false,"potions_floor_spawned":[2,7,18,27,31,35],"ascension_level":0}}