{"host":"e4hse1vg61zltgzv","time":1607778733,"event":{"mods":["AchievementEnabler","BaseMod","Block Reminder","Colored Map","DeckTracker","GifTheSpireLib","Minty Spire (QoL Compilation)","Rare Cards Sparkle","StSLib","SuperFastMode","everything is the same but u backflip on backflip"],"gold_per_floor":[150,150,192,246,101,176,266,353,353,449,338,440,114,213,213,447,597,636,44,98,164,206,293,380,470,482,584,683,788,896,986,998,1244,1256,1304,1364,1421,1481,1126,1225,1306,1387,1412,1508,1610,1688,1790,1871,1871,1871,1871,1871,1871,1042,1126,1126],"floor_reached":57,"playtime":1951,"items_purged":["Acrobatics+1","Well Laid Plans"],"score":5209,"play_id":"258f8554-a1dc-46a1-b5e6-35505b5b984f","local_time":"20201212221213","daily_mods":["Vintage","Flight","DeadlyEvents","Binary","Elite Swarm","Lethality","Midas"],"is_ascension_mode":true,"campfire_choices":[{"floor":15,"key":"RECALL"},{"floor":32,"key":"REST"},{"floor":49,"key":"REST"},{"floor":53,"key":"REST"}],"circlet_count":0,"master_deck":["Grand Finale+1","Backflip+1","Adrenaline+1","After Image","Escape Plan+1","Reflex+1","Calculated Gamble+1"],"relics":["Ring of the Snake","Blood Vial","Toxic Egg 2","Shuriken","MealTicket","Oddly Smooth Stone","Orichalcum","Incense Burner","Snake Skull","Lee\u0027s Waffle","Bag of Marbles","Strawberry","Tiny House","Centennial Puzzle","Gremlin Horn","Letter Opener","MawBank","Smiling Mask","Paper Crane","Pen Nib","Question Card","Tiny Chest","PreservedInsect","Boot","Prayer Wheel","Vajra","Dream Catcher","Unceasing Top","Black Star","Calipers","Bag of Preparation","Ancient Tea Set","Ninja Scroll","Mango","Matryoshka","CeramicFish","Anchor","Kunai","Frozen Egg 2","Art of War","Lantern","Happy Flower","Lizard Tail","Darkstone Periapt","Akabeko","Bronze Scales","Tough Bandages","Whetstone","Meat on the Bone","Toy Ornithopter","Bottled Flame","StoneCalendar","ClockworkSouvenir","Bottled Tornado","Ornamental Fan","The Courier","StrikeDummy","InkBottle"],"acts_visited":["Exordium","TheCity","TheBeyond","TheEnding"],"potions_floor_usage":[11,56,56],"damage_taken":[{"damage":0,"enemies":"Cultist","floor":1,"turns":2},{"damage":0,"enemies":"Small Slimes","floor":3,"turns":1},{"damage":0,"enemies":"2 Louse","floor":4,"turns":1},{"damage":0,"enemies":"3 Sentries","floor":6,"turns":1},{"damage":0,"enemies":"Lagavulin","floor":7,"turns":2},{"damage":0,"enemies":"Gremlin Nob","floor":8,"turns":1},{"damage":0,"enemies":"3 Sentries","floor":10,"turns":1},{"damage":0,"enemies":"Gremlin Nob","floor":12,"turns":1},{"damage":0,"enemies":"3 Sentries","floor":14,"turns":1},{"damage":0,"enemies":"The Guardian","floor":16,"turns":2},{"damage":0,"enemies":"Shell Parasite","floor":18,"turns":1},{"damage":0,"enemies":"Spheric Guardian","floor":20,"turns":1},{"damage":0,"enemies":"Snake Plant","floor":21,"turns":1},{"damage":0,"enemies":"Snecko","floor":22,"turns":1},{"damage":0,"enemies":"Gremlin Leader","floor":23,"turns":1},{"damage":0,"enemies":"Slavers","floor":24,"turns":1},{"damage":0,"enemies":"Gremlin Leader","floor":25,"turns":1},{"damage":0,"enemies":"Slavers","floor":27,"turns":1},{"damage":0,"enemies":"Gremlin Leader","floor":28,"turns":1},{"damage":0,"enemies":"Slavers","floor":29,"turns":1},{"damage":0,"enemies":"Gremlin Leader","floor":30,"turns":1},{"damage":0,"enemies":"Slavers","floor":31,"turns":1},{"damage":0,"enemies":"Champ","floor":33,"turns":1},{"damage":0,"enemies":"Orb Walker","floor":35,"turns":1},{"damage":0,"enemies":"3 Darklings","floor":36,"turns":1},{"damage":0,"enemies":"Transient","floor":37,"turns":2},{"damage":0,"enemies":"Jaw Worm Horde","floor":38,"turns":1},{"damage":0,"enemies":"Nemesis","floor":40,"turns":1},{"damage":0,"enemies":"Reptomancer","floor":41,"turns":1},{"damage":0,"enemies":"Giant Head","floor":42,"turns":1},{"damage":0,"enemies":"Nemesis","floor":44,"turns":1},{"damage":0,"enemies":"Giant Head","floor":45,"turns":1},{"damage":0,"enemies":"Reptomancer","floor":46,"turns":1},{"damage":0,"enemies":"Nemesis","floor":47,"turns":1},{"damage":0,"enemies":"Giant Head","floor":48,"turns":1},{"damage":0,"enemies":"Awakened One","floor":50,"turns":2},{"damage":0,"enemies":"Donu and Deca","floor":51,"turns":1},{"damage":0,"enemies":"Shield and Spear","floor":55,"turns":1},{"damage":0,"enemies":"The Heart","floor":56,"turns":5}],"seed_played":"-450665326745292831","potions_obtained":[{"floor":1,"key":"Strength Potion"},{"floor":6,"key":"FearPotion"},{"floor":14,"key":"SmokeBomb"},{"floor":16,"key":"Dexterity Potion"},{"floor":46,"key":"PowerPotion"},{"floor":47,"key":"LiquidMemories"}],"is_trial":true,"path_per_floor":["M","?","M","M","$","E","E","E","T","E","$","E","$","E","R","B",null,"M","$","M","M","M","E","E","E","T","E","E","E","E","E","R","B",null,"M","M","M","M","$","E","E","E","T","E","E","E","E","E","R","B","B",null,"R","$","E","B",null],"character_chosen":"THE_SILENT","items_purchased":["Backflip+1","Well Laid Plans","Fruit Juice","Lee\u0027s Waffle","Bag of Marbles","Escape Plan+1","Gremlin Horn","Letter Opener","Mango","Reflex+1","ClockworkSouvenir","Bottled Tornado","Ornamental Fan"],"campfire_rested":3,"item_purchase_floors":[5,5,11,13,13,19,19,19,39,54,54,54,54],"current_hp_per_floor":[59,59,61,63,63,65,66,66,66,66,71,71,78,85,85,85,90,90,90,90,90,90,90,90,90,90,90,90,90,90,90,90,90,90,90,90,90,90,104,104,104,104,104,104,104,104,104,104,104,104,104,104,104,104,104,104],"gold":1126,"neow_bonus":"","is_daily":false,"chose_seed":false,"campfire_upgraded":0,"win_rate":0.0,"timestamp":1607778733,"path_taken":["M","?","M","M","$","E","E","E","T","E","$","E","$","E","R","BOSS","M","$","M","M","M","E","E","E","T","E","E","E","E","E","R","BOSS","M","M","M","M","$","E","E","E","T","E","E","E","E","E","R","BOSS","BOSS","R","$","E","BOSS"],"items_purchased_type":["Card","Card","Potion","Relic","Relic","Card","Relic","Relic","Relic","Card","Relic","Relic","Relic"],"build_version":"2020-11-30","purchased_purges":2,"victory":true,"max_hp_per_floor":[66,66,66,66,66,66,66,66,66,66,71,71,78,85,85,85,90,90,90,90,90,90,90,90,90,90,90,90,90,90,90,90,90,90,90,90,90,90,104,104,104,104,104,104,104,104,104,104,104,104,104,104,104,104,104,104],"card_choices":[{"not_picked":["A Thousand Cuts","Glass Knife"],"picked":"SKIP","floor":6},{"not_picked":["Unload","Grand Finale"],"picked":"SKIP","floor":7},{"not_picked":["Envenom"],"picked":"Adrenaline+1","floor":8},{"not_picked":["Unload","A Thousand Cuts"],"picked":"SKIP","floor":10},{"not_picked":["Glass Knife","Envenom"],"picked":"SKIP","floor":12},{"not_picked":["Venomology+1"],"picked":"After Image","floor":14},{"not_picked":["Adrenaline+1","Venomology+1"],"picked":"SKIP","floor":23},{"not_picked":["Burst+1","Venomology+1"],"picked":"SKIP","floor":24},{"not_picked":["Phantasmal Killer+1","Storm of Steel+1","Corpse Explosion+1"],"picked":"SKIP","floor":25},{"not_picked":["After Image","Envenom","Night Terror+1"],"picked":"SKIP","floor":27},{"not_picked":["Glass Knife","Venomology+1","Malaise+1"],"picked":"SKIP","floor":28},{"not_picked":["A Thousand Cuts","Unload","Tools of the Trade"],"picked":"SKIP","floor":29},{"not_picked":["Burst+1","Adrenaline+1","Doppelganger+1"],"picked":"SKIP","floor":30},{"not_picked":["Bullet Time+1","Adrenaline+1","Malaise+1"],"picked":"SKIP","floor":31},{"not_picked":["Infinite Blades","Prepared+1"],"picked":"Acrobatics+1","floor":32},{"not_picked":["Tools of the Trade","Venomology+1","Envenom"],"picked":"SKIP","floor":40},{"not_picked":["Bullet Time+1","Storm of Steel+1","After Image"],"picked":"SKIP","floor":41},{"not_picked":["Phantasmal Killer+1","Adrenaline+1","Die Die Die"],"picked":"SKIP","floor":42},{"not_picked":["Doppelganger+1","A Thousand Cuts+1","Wraith Form v2+1"],"picked":"SKIP","floor":44},{"not_picked":["Envenom+1","Bullet Time+1","A Thousand Cuts+1"],"picked":"SKIP","floor":45},{"not_picked":["Malaise+1","Adrenaline+1","Tools of the Trade+1"],"picked":"SKIP","floor":46},{"not_picked":["Malaise+1","Adrenaline+1","Tools of the Trade+1"],"picked":"SKIP","floor":46},{"not_picked":["Burst+1","Phantasmal Killer+1","Malaise+1"],"picked":"SKIP","floor":47},{"not_picked":["Venomology+1","Envenom+1","Phantasmal Killer+1"],"picked":"SKIP","floor":48},{"not_picked":["Doppelganger+1","Phantasmal Killer+1","Corpse Explosion+1"],"picked":"SKIP","floor":55}],"player_experience":728017,"relics_obtained":[{"floor":1,"key":"Blood Vial"},{"floor":3,"key":"Toxic Egg 2"},{"floor":4,"key":"Shuriken"},{"floor":6,"key":"MealTicket"},{"floor":7,"key":"Oddly Smooth Stone"},{"floor":8,"key":"Orichalcum"},{"floor":10,"key":"Incense Burner"},{"floor":12,"key":"Snake Skull"},{"floor":14,"key":"Strawberry"},{"floor":18,"key":"Centennial Puzzle"},{"floor":20,"key":"MawBank"},{"floor":21,"key":"Smiling Mask"},{"floor":22,"key":"Paper Crane"},{"floor":23,"key":"Pen Nib"},{"floor":24,"key":"Question Card"},{"floor":25,"key":"Tiny Chest"},{"floor":26,"key":"PreservedInsect"},{"floor":27,"key":"Boot"},{"floor":28,"key":"Prayer Wheel"},{"floor":29,"key":"Vajra"},{"floor":30,"key":"Dream Catcher"},{"floor":31,"key":"Unceasing Top"},{"floor":35,"key":"Calipers"},{"floor":36,"key":"Bag of Preparation"},{"floor":37,"key":"Ancient Tea Set"},{"floor":38,"key":"Ninja Scroll"},{"floor":40,"key":"Matryoshka"},{"floor":40,"key":"CeramicFish"},{"floor":41,"key":"Anchor"},{"floor":41,"key":"Kunai"},{"floor":42,"key":"Frozen Egg 2"},{"floor":42,"key":"Art of War"},{"floor":43,"key":"Lantern"},{"floor":43,"key":"Happy Flower"},{"floor":44,"key":"Lizard Tail"},{"floor":44,"key":"Darkstone Periapt"},{"floor":45,"key":"Akabeko"},{"floor":45,"key":"Bronze Scales"},{"floor":46,"key":"Tough Bandages"},{"floor":46,"key":"Whetstone"},{"floor":47,"key":"Meat on the Bone"},{"floor":47,"key":"Toy Ornithopter"},{"floor":48,"key":"Bottled Flame"},{"floor":48,"key":"StoneCalendar"},{"floor":55,"key":"StrikeDummy"},{"floor":55,"key":"InkBottle"}],"event_choices":[{"damage_healed":0,"gold_gain":0,"player_choice":"Ignored","damage_taken":0,"max_hp_gain":0,"max_hp_loss":0,"event_name":"Transmorgrifier","floor":2,"gold_loss":0}],"is_beta":false,"boss_relics":[{"not_picked":["Ring of the Serpent","Ectoplasm"],"picked":"Tiny House"},{"not_picked":["Empty Cage","Velvet Choker"],"picked":"Black Star"}],"items_purged_floors":[39,54],"is_endless":false,"potions_floor_spawned":[1,6,8,14,16,22,24,27,28,33,36,37,42,44,46,47,48],"ascension_level":20}}