{"host":"5mo0809oo9tcrmpl","time":1607800949,"event":{"mods":["BaseMod","Highlight Path","Minty Spire (QoL Compilation)","Relic Stats","Slay the Relics Exporter"],"gold_per_floor":[111,131,144,154,154,185,185,115,139,139,169,169,184,200,200,274,274,289,324,11,22,22,22,52,52,77,77,92,92,92,102,102,102,102],"floor_reached":33,"playtime":2610,"items_purged":["Strike_B"],"score":550,"play_id":"bd9fae91-9626-4629-950d-8923baed761e","local_time":"20201212132229","is_ascension_mode":true,"campfire_choices":[{"floor":7.0,"key":"REST"},{"data":"Zap","floor":12.0,"key":"SMITH"},{"floor":15.0,"key":"REST"},{"floor":23.0,"key":"REST"},{"floor":25.0,"key":"REST"},{"data":"Hologram","floor":29.0,"key":"SMITH"},{"floor":32.0,"key":"REST"}],"circlet_count":0,"master_deck":["AscendersBane","Strike_B","Defend_B","Defend_B","Defend_B+1","Defend_B","Zap+1","Dualcast","Glacier","Glacier+1","Ball Lightning","Blizzard","All For One","Streamline","Stack","Doom and Gloom","Reboot","Rebound","Melter","Shame","Hologram+1","All For One","Defragment+1","Self Repair"],"relics":["Cracked Core","Boot","Centennial Puzzle","Bag of Preparation","Bronze Scales","War Paint","Cursed Key","Red Mask","Runic Capacitor","Pear"],"acts_visited":["Exordium","TheCity"],"potions_floor_usage":[33],"damage_taken":[{"damage":7.0,"enemies":"Jaw Worm","floor":1.0,"turns":3.0},{"damage":7.0,"enemies":"Small Slimes","floor":2.0,"turns":4.0},{"damage":1.0,"enemies":"2 Louse","floor":3.0,"turns":2.0},{"damage":3.0,"enemies":"Red Slaver","floor":4.0,"turns":4.0},{"damage":19.0,"enemies":"Gremlin Nob","floor":6.0,"turns":4.0},{"damage":13.0,"enemies":"Lagavulin","floor":11.0,"turns":9.0},{"damage":4.0,"enemies":"Lots of Slimes","floor":13.0,"turns":2.0},{"damage":5.0,"enemies":"3 Louse","floor":14.0,"turns":3.0},{"damage":16.0,"enemies":"The Guardian","floor":16.0,"turns":11.0},{"damage":3.0,"enemies":"Shell Parasite","floor":18.0,"turns":7.0},{"damage":17.0,"enemies":"Masked Bandits","floor":19.0,"turns":4.0},{"damage":0.0,"enemies":"Chosen","floor":21.0,"turns":3.0},{"damage":52.0,"enemies":"Gremlin Leader","floor":24.0,"turns":6.0},{"damage":15.0,"enemies":"3 Cultists","floor":28.0,"turns":5.0},{"damage":4.0,"enemies":"Snake Plant","floor":31.0,"turns":4.0},{"damage":44,"enemies":"Collector","floor":33,"turns":6}],"seed_played":"-5496864964758007929","potions_obtained":[{"floor":2.0,"key":"Ancient Potion"},{"floor":3.0,"key":"Energy Potion"},{"floor":11.0,"key":"CultistPotion"},{"floor":14.0,"key":"EssenceOfSteel"},{"floor":19.0,"key":"Regen Potion"},{"floor":31.0,"key":"Weak Potion"}],"is_trial":false,"path_per_floor":["M","M","M","M","?","E","R","?","T","?","E","R","M","M","R","B",null,"M","?","$","M","?","R","E","R","T","?","M","R","?","M","R","B"],"character_chosen":"DEFECT","items_purchased":["Runic Capacitor","Melter"],"campfire_rested":5,"item_purchase_floors":[20,20],"current_hp_per_floor":[57,50,49,46,28,9,30,30,30,30,17,17,13,8,29,13,57,54,37,37,37,17,39,12,37,37,37,22,22,22,18,43,0,0],"gold":102,"neow_bonus":"RANDOM_COMMON_RELIC","is_daily":false,"chose_seed":false,"campfire_upgraded":2,"win_rate":0.0,"timestamp":1607800949,"path_taken":["M","M","M","M","?","E","R","?","T","?","E","R","?","M","R","BOSS","M","?","$","M","?","R","E","R","T","?","?","R","?","M","R","BOSS"],"items_purchased_type":["Relic","Card"],"build_version":"2020-11-30","purchased_purges":1,"victory":false,"max_hp_per_floor":[71,71,71,71,71,71,71,71,71,71,71,71,71,71,71,71,71,71,71,71,71,76,76,86,86,86,86,86,86,86,86,86,86,86],"relic_stats":{"Centennial Puzzle":[33],"counters":[16,77],"Bronze Scales":[193],"Bag of Preparation":[22],"War Paint":["Defend_B","Glacier"],"Boot":[19],"Cursed Key":1,"obtain_stats":[{"Centennial Puzzle":5,"Pear":24,"Bronze Scales":9,"Bag of Preparation":6,"Red Mask":19,"Runic Capacitor":20,"War Paint":11,"Cracked Core":0,"Boot":0,"Cursed Key":17},{"Centennial Puzzle":4,"Pear":13,"Bronze Scales":5,"Bag of Preparation":5,"Red Mask":11,"Runic Capacitor":11,"War Paint":6,"Cracked Core":0,"Boot":0,"Cursed Key":9},{"Centennial Puzzle":13,"Pear":62,"Bronze Scales":17,"Bag of Preparation":17,"Red Mask":53,"Runic Capacitor":53,"War Paint":26,"Cracked Core":0,"Boot":0,"Cursed Key":42}]},"card_choices":[{"not_picked":["Streamline","Barrage"],"picked":"Glacier","floor":1.0},{"not_picked":["Gash","Double Energy"],"picked":"Glacier","floor":2.0},{"not_picked":["Double Energy","Turbo"],"picked":"Ball Lightning","floor":3.0},{"not_picked":["Redo","Beam Cell"],"picked":"Blizzard","floor":4.0},{"not_picked":["Fission","Compile Driver"],"picked":"All For One","floor":6.0},{"not_picked":["Hello World","Compile Driver"],"picked":"Streamline","floor":11.0},{"not_picked":["Stack","Hologram","Streamline"],"picked":"SKIP","floor":13.0},{"not_picked":["Hologram","Streamline"],"picked":"Stack","floor":13.0},{"not_picked":["Darkness","Streamline"],"picked":"Doom and Gloom","floor":14.0},{"not_picked":["Hyperbeam","Thunder Strike"],"picked":"Reboot","floor":16.0},{"not_picked":["Turbo","Streamline"],"picked":"Rebound","floor":18.0},{"not_picked":["Blizzard","Turbo","Redo"],"picked":"SKIP","floor":21.0},{"not_picked":["Rebound","Redo","Sweeping Beam"],"picked":"SKIP","floor":24.0},{"not_picked":["Machine Learning","Melter"],"picked":"Defragment+1","floor":28.0},{"not_picked":["Chill","Gash"],"picked":"Self Repair","floor":31.0}],"player_experience":1245245,"relics_obtained":[{"floor":6.0,"key":"Bag of Preparation"},{"floor":9.0,"key":"Bronze Scales"},{"floor":11.0,"key":"War Paint"},{"floor":19.0,"key":"Red Mask"},{"floor":24.0,"key":"Pear"}],"event_choices":[{"damage_healed":0.0,"max_hp_gain":0.0,"max_hp_loss":0.0,"gold_gain":0.0,"event_name":"Scrap Ooze","player_choice":"Success","floor":5.0,"gold_loss":0.0,"damage_taken":18.0,"relics_obtained":["Centennial Puzzle"]},{"damage_healed":0.0,"max_hp_gain":0.0,"max_hp_loss":0.0,"gold_gain":0.0,"event_name":"World of Goop","player_choice":"Left Gold","floor":8.0,"gold_loss":70.0,"damage_taken":0.0},{"damage_healed":0.0,"max_hp_gain":0.0,"max_hp_loss":0.0,"gold_gain":0.0,"event_name":"Liars Game","player_choice":"Ignored","floor":10.0,"gold_loss":0.0,"damage_taken":0.0},{"damage_healed":0.0,"max_hp_gain":0.0,"max_hp_loss":0.0,"gold_gain":0.0,"event_name":"Masked Bandits","player_choice":"Fought Bandits","floor":19.0,"gold_loss":0.0,"damage_taken":0.0},{"damage_healed":0.0,"max_hp_gain":5.0,"max_hp_loss":0.0,"gold_gain":0.0,"event_name":"Forgotten Altar","player_choice":"Shed Blood","floor":22.0,"gold_loss":0.0,"damage_taken":25.0},{"damage_healed":0.0,"max_hp_gain":0.0,"max_hp_loss":0.0,"gold_gain":0.0,"cards_transformed":["Strike_B","Strike_B"],"event_name":"Drug Dealer","player_choice":"Became Test Subject","floor":27.0,"gold_loss":0.0,"damage_taken":0.0,"cards_obtained":["Hologram","All For One"]},{"damage_healed":0.0,"max_hp_gain":0.0,"max_hp_loss":0.0,"gold_gain":0.0,"event_name":"The Mausoleum","player_choice":"Ignored","floor":30.0,"gold_loss":0.0,"damage_taken":0.0}],"is_beta":false,"boss_relics":[{"not_picked":["Empty Cage","Sozu"],"picked":"Cursed Key"}],"items_purged_floors":[20],"is_endless":false,"potions_floor_spawned":[2,3,11,14,19,31],"killed_by":"Collector","ascension_level":20}}