{"host":"ow9msrs9p2ctkx99","time":1607800220,"event":{"mods":["AchievementEnabler","BaseMod","Colored Map","Colored Powertips","Minty Spire (QoL Compilation)","Permanent Neow","Quick Restart","SuperFastMode"],"gold_per_floor":[118,137,137,152,152,152,37,37,37],"floor_reached":8,"playtime":1688,"items_purged":["Pain"],"score":67,"play_id":"9bda18b7-ff4c-446e-9532-093d4961cca3","local_time":"20201212201020","is_ascension_mode":true,"campfire_choices":[{"data":"Gash","floor":6,"key":"SMITH"}],"circlet_count":0,"master_deck":["Strike_B","Strike_B","Strike_B","Strike_B","Defend_B","Defend_B","Defend_B","Defend_B","Zap","Dualcast","Regret","Compile Driver","Gash+1","Sweeping Beam","BootSequence"],"relics":["Cracked Core","Du-Vu Doll","WarpedTongs"],"acts_visited":["Exordium"],"potions_floor_usage":[],"damage_taken":[{"damage":3,"enemies":"Cultist","floor":1,"turns":3},{"damage":17,"enemies":"Small Slimes","floor":2,"turns":4},{"damage":8,"enemies":"Jaw Worm","floor":4,"turns":3},{"damage":43,"enemies":"Gremlin Nob","floor":8,"turns":4}],"seed_played":"-7473696199266712306","potions_obtained":[],"is_trial":false,"path_per_floor":["M","M","?","M","?","R","$","E"],"character_chosen":"DEFECT","items_purchased":["BootSequence"],"campfire_rested":0,"item_purchase_floors":[7],"current_hp_per_floor":[65,48,48,40,40,40,40,0,0],"gold":37,"neow_bonus":"ONE_RARE_RELIC","is_daily":false,"chose_seed":false,"campfire_upgraded":1,"win_rate":0.0,"timestamp":1607800220,"path_taken":["M","M","?","?","?","R","?","E"],"items_purchased_type":["Card"],"build_version":"2020-11-30","purchased_purges":1,"victory":false,"max_hp_per_floor":[75,75,75,75,75,75,75,75,75],"card_choices":[{"not_picked":["Conserve Battery","Fusion"],"picked":"Compile Driver","floor":1},{"not_picked":["Compile Driver","Leap"],"picked":"Gash","floor":2},{"not_picked":["Undo","Coolheaded"],"picked":"Sweeping Beam","floor":4}],"player_experience":952202,"relics_obtained":[],"event_choices":[{"damage_healed":0,"gold_gain":0,"player_choice":"Rummage","damage_taken":0,"relics_obtained":["WarpedTongs"],"max_hp_gain":0,"max_hp_loss":0,"event_name":"Accursed Blacksmith","floor":3,"gold_loss":0,"cards_obtained":["Pain"]},{"damage_healed":0,"gold_gain":0,"player_choice":"0 cards matched","damage_taken":0,"max_hp_gain":0,"max_hp_loss":0,"event_name":"Match and Keep!","floor":5,"gold_loss":0,"cards_obtained":[]},{"damage_healed":0,"gold_gain":0,"player_choice":"0 cards matched","damage_taken":0,"max_hp_gain":0,"max_hp_loss":0,"event_name":"Match and Keep!","floor":5,"gold_loss":0,"cards_obtained":[]}],"is_beta":false,"boss_relics":[],"items_purged_floors":[7],"is_endless":false,"potions_floor_spawned":[],"killed_by":"Gremlin Nob","ascension_level":9}}