{"host":"x0ovlu53kkkog8rv","time":1607787179,"event":{"mods":["BaseMod","Colored Map","Minty Spire (QoL Compilation)","Quick Restart","SuperFastMode"],"gold_per_floor":[314,84,34,51,69,69,82,82,82,116,136,136,152,165,165,268,318,337,277,289,289,121,121,152,152,152,172,185,185,195,212,212,316,316,334,556,573,573,623,623,655,655,655,655,209,222,222,232,232,232,232],"floor_reached":50,"playtime":2077,"items_purged":["Strike_R","Strike_R"],"score":548,"play_id":"7fd03080-437e-4089-adad-1a7f84f5ffbf","local_time":"20201213003259","is_ascension_mode":true,"campfire_choices":[{"data":"Anger","floor":6.0,"key":"SMITH"},{"floor":8.0,"key":"REST"},{"data":"Anger","floor":15.0,"key":"SMITH"},{"data":"Inflame","floor":23.0,"key":"SMITH"},{"data":"Anger","floor":29.0,"key":"SMITH"},{"floor":32,"key":"REST"},{"floor":40,"key":"REST"},{"floor":42,"key":"REST"},{"floor":44,"key":"REST"},{"floor":49,"key":"REST"}],"circlet_count":0,"master_deck":["Strike_R","Strike_R","Defend_R","Defend_R","Defend_R","Bash","Anger+1","Clash","Anger+1","Metallicize","Brutality+1","Battle Trance","Warcry","Sword Boomerang","Twin Strike","Inflame+1","Headbutt+1","Anger+1","Seeing Red+1","Finesse","Impatience","Anger+1"],"relics":["Burning Blood","Old Coin","Pen Nib","InkBottle","Champion Belt","Tiny House","Red Mask","Centennial Puzzle","SacredBark","Prayer Wheel","Lantern","HornCleat","Magic Flower"],"acts_visited":["Exordium","TheCity","TheBeyond"],"potions_floor_usage":[33,33,33,41,48,50,50],"damage_taken":[{"damage":7.0,"enemies":"Small Slimes","floor":1.0,"turns":3.0},{"damage":11.0,"enemies":"Jaw Worm","floor":4.0,"turns":2.0},{"damage":6.0,"enemies":"Cultist","floor":5.0,"turns":3.0},{"damage":14.0,"enemies":"Blue Slaver","floor":7.0,"turns":3.0},{"damage":17.0,"enemies":"3 Sentries","floor":10.0,"turns":7.0},{"damage":14.0,"enemies":"Red Slaver","floor":11.0,"turns":3.0},{"damage":0.0,"enemies":"2 Fungi Beasts","floor":13.0,"turns":1.0},{"damage":5.0,"enemies":"Exordium Thugs","floor":14.0,"turns":4.0},{"damage":52.0,"enemies":"The Guardian","floor":16.0,"turns":8.0},{"damage":8.0,"enemies":"Chosen","floor":18.0,"turns":3.0},{"damage":19.0,"enemies":"Shell Parasite","floor":20.0,"turns":3.0},{"damage":33.0,"enemies":"Masked Bandits","floor":24.0,"turns":4.0},{"damage":1.0,"enemies":"Snake Plant","floor":27.0,"turns":2.0},{"damage":2.0,"enemies":"3 Cultists","floor":28.0,"turns":3.0},{"damage":10.0,"enemies":"Chosen and Byrds","floor":30.0,"turns":3.0},{"damage":15.0,"enemies":"Snake Plant","floor":31.0,"turns":4.0},{"damage":22,"enemies":"Automaton","floor":33,"turns":5},{"damage":7,"enemies":"Orb Walker","floor":35,"turns":2},{"damage":23,"enemies":"3 Darklings","floor":37,"turns":3},{"damage":25,"enemies":"Mind Bloom Boss Battle","floor":39,"turns":4},{"damage":65,"enemies":"Reptomancer","floor":41,"turns":4},{"damage":4,"enemies":"Transient","floor":46,"turns":5},{"damage":85,"enemies":"4 Shapes","floor":48,"turns":12},{"damage":81,"enemies":"Time Eater","floor":50,"turns":6}],"seed_played":"790797514731755513","potions_obtained":[{"floor":5.0,"key":"Swift Potion"},{"floor":7.0,"key":"ElixirPotion"},{"floor":10.0,"key":"BloodPotion"},{"floor":13.0,"key":"Swift Potion"},{"floor":16.0,"key":"GamblersBrew"},{"floor":17.0,"key":"Swift Potion"},{"floor":18.0,"key":"CultistPotion"},{"floor":25.0,"key":"AttackPotion"},{"floor":27.0,"key":"CultistPotion"},{"floor":28.0,"key":"BloodPotion"},{"floor":33,"key":"Dexterity Potion"},{"floor":39,"key":"LiquidBronze"},{"floor":41,"key":"Regen Potion"},{"floor":46,"key":"DuplicationPotion"}],"is_trial":false,"path_per_floor":["M","$","?","M","M","R","M","R","T","E","M","?","M","M","R","B",null,"M","?","M","?","$","R","?","?","T","M","M","R","M","M","R","B",null,"M","?","M","?","?","R","E","R","T","R","$","M","?","M","R","B"],"character_chosen":"IRONCLAD","items_purchased":["Pen Nib","Inflame","Magic Flower","LiquidBronze","Impatience"],"campfire_rested":6,"item_purchase_floors":[2,22,45,45,45],"current_hp_per_floor":[79,79,79,74,74,74,66,80,80,69,61,61,67,68,68,38,85,83,83,70,70,70,70,43,43,43,48,52,52,48,39,64,65,85,84,84,67,67,48,73,14,39,39,64,64,69,69,68,81,0,0],"gold":232,"neow_bonus":"ONE_RARE_RELIC","is_daily":false,"chose_seed":false,"campfire_upgraded":4,"win_rate":0.0,"timestamp":1607787179,"path_taken":["M","$","?","M","M","R","M","R","T","E","M","?","M","?","R","BOSS","M","?","?","?","$","R","?","?","T","M","M","R","?","M","R","BOSS","M","?","M","?","?","R","E","R","T","R","$","M","?","M","R","BOSS"],"items_purchased_type":["Relic","Card","Relic","Potion","Card"],"build_version":"2020-11-30","purchased_purges":2,"victory":false,"max_hp_per_floor":[80,80,80,80,80,80,80,80,80,80,80,80,80,80,80,80,85,85,85,85,85,85,85,85,85,85,85,85,85,85,85,85,85,85,85,85,85,85,85,85,85,85,85,85,85,85,81,81,81,81,81],"card_choices":[{"not_picked":["Havoc","Infernal Blade"],"picked":"Anger","floor":1.0},{"not_picked":["Sentinel","Flex"],"picked":"Rupture","floor":4.0},{"not_picked":["Second Wind","True Grit","Sentinel"],"picked":"SKIP","floor":5.0},{"not_picked":["Sever Soul","Wild Strike"],"picked":"Clash","floor":7.0},{"not_picked":["Shrug It Off","Armaments","Heavy Blade"],"picked":"SKIP","floor":10.0},{"not_picked":["Uppercut","Warcry"],"picked":"Anger","floor":11.0},{"not_picked":["Shrug It Off","Immolate"],"picked":"Metallicize","floor":13.0},{"not_picked":["Body Slam","Shrug It Off","Intimidate"],"picked":"SKIP","floor":14.0},{"not_picked":["Exhume","Feed"],"picked":"Brutality","floor":16.0},{"not_picked":["Spot Weakness","Shrug It Off"],"picked":"Battle Trance","floor":17.0},{"not_picked":["Shockwave+1","Twin Strike"],"picked":"Warcry","floor":18.0},{"not_picked":["True Grit","Carnage","Shrug It Off"],"picked":"SKIP","floor":20.0},{"not_picked":["Armaments","Dual Wield"],"picked":"Headbutt+1","floor":27.0},{"not_picked":["Seeing Red","Infernal Blade"],"picked":"Anger","floor":28.0},{"not_picked":["Fire Breathing","Twin Strike+1","Havoc"],"picked":"SKIP","floor":30.0},{"not_picked":["Body Slam+1","Havoc","Pommel Strike"],"picked":"SKIP","floor":31},{"not_picked":["Sentinel","Power Through","Cleave+1"],"picked":"SKIP","floor":35},{"not_picked":["Blood for Blood+1","Flex"],"picked":"Seeing Red+1","floor":37},{"not_picked":["HandOfGreed","Good Instincts"],"picked":"Finesse","floor":38},{"not_picked":["Body Slam+1","Carnage+1","Dual Wield+1"],"picked":"SKIP","floor":41},{"not_picked":["Pommel Strike","Body Slam","Sword Boomerang+1"],"picked":"SKIP","floor":46},{"not_picked":["Thunderclap","Havoc","Flex+1"],"picked":"SKIP","floor":46},{"not_picked":["Warcry","Intimidate"],"picked":"Anger+1","floor":48},{"not_picked":["Wild Strike+1","Perfected Strike","Reaper"],"picked":"SKIP","floor":48}],"player_experience":176092,"relics_obtained":[{"floor":9.0,"key":"InkBottle"},{"floor":10.0,"key":"Champion Belt"},{"floor":24.0,"key":"Red Mask"},{"floor":26.0,"key":"Centennial Puzzle"},{"floor":39,"key":"Prayer Wheel"},{"floor":41,"key":"Lantern"},{"floor":43,"key":"HornCleat"}],"event_choices":[{"cards_removed":["Defend_R"],"damage_healed":0.0,"max_hp_gain":0.0,"max_hp_loss":0.0,"gold_gain":0.0,"event_name":"The Cleric","player_choice":"Card Removal","floor":3.0,"gold_loss":50.0,"damage_taken":0.0},{"damage_healed":0.0,"max_hp_gain":0.0,"max_hp_loss":0.0,"gold_gain":0.0,"cards_transformed":["Rupture"],"event_name":"Transmorgrifier","player_choice":"Transformed","floor":12.0,"gold_loss":0.0,"damage_taken":0.0,"cards_obtained":["Whirlwind"]},{"damage_healed":0.0,"max_hp_gain":0.0,"max_hp_loss":0.0,"gold_gain":0.0,"cards_transformed":["Whirlwind","Strike_R"],"event_name":"Designer","player_choice":"Transformed Cards","floor":19.0,"gold_loss":60.0,"damage_taken":0.0,"cards_obtained":["Sword Boomerang","Twin Strike"]},{"damage_healed":0.0,"max_hp_gain":0.0,"max_hp_loss":0.0,"gold_gain":0.0,"event_name":"Ghosts","player_choice":"Ignored","floor":21.0,"gold_loss":0.0,"damage_taken":0.0},{"damage_healed":0.0,"max_hp_gain":0.0,"max_hp_loss":0.0,"gold_gain":0.0,"event_name":"Masked Bandits","player_choice":"Fought Bandits","floor":24.0,"gold_loss":0.0,"damage_taken":0.0},{"damage_healed":0.0,"max_hp_gain":0.0,"max_hp_loss":0.0,"gold_gain":0.0,"event_name":"Lab","player_choice":"Got Potions","floor":25.0,"gold_loss":0.0,"damage_taken":0.0},{"damage_healed":0,"gold_gain":222,"player_choice":"Wore Mask","damage_taken":0,"max_hp_gain":0,"max_hp_loss":0,"event_name":"Tomb of Lord Red Mask","floor":36,"gold_loss":0},{"damage_healed":0,"gold_gain":0,"player_choice":"Memory 1","damage_taken":0,"max_hp_gain":0,"max_hp_loss":0,"event_name":"SensoryStone","floor":38,"gold_loss":0},{"damage_healed":0,"gold_gain":0,"player_choice":"Fight","damage_taken":0,"max_hp_gain":0,"max_hp_loss":0,"event_name":"MindBloom","floor":39,"gold_loss":0},{"damage_healed":0,"gold_gain":0,"player_choice":"Max HP","damage_taken":0,"max_hp_gain":0,"max_hp_loss":4,"event_name":"Winding Halls","floor":47,"gold_loss":0}],"is_beta":false,"boss_relics":[{"not_picked":["Black Star","Astrolabe"],"picked":"Tiny House"},{"not_picked":["Philosopher\u0027s Stone","Fusion Hammer"],"picked":"SacredBark"}],"items_purged_floors":[2,22],"is_endless":false,"potions_floor_spawned":[5,7,10,13,14,16,18,27,28,33,39,41,46],"killed_by":"Time Eater","ascension_level":1}}