{"host":"n23juj4d9qam5hh1","time":1607777690,"event":{"mods":["BaseMod","Better Note","BetterRewards","Infinite Spire","Minty Spire (QoL Compilation)","Relic Stats","StSLib"],"gold_per_floor":[116,48,48,48,59,59,91,91,91,91,106,56,56,67,67,171,171,183,183,233,233,252,252,252,270,319,338,350,350,350,366,366,366,366],"floor_reached":33,"playtime":1150,"items_purged":[],"score":319,"play_id":"8cf86d8d-fc72-4868-a941-03f97876df65","local_time":"20201212075450","is_ascension_mode":true,"campfire_choices":[{"data":"Bash","floor":6.0,"key":"SMITH"},{"data":"Fire Breathing","floor":8.0,"key":"SMITH"},{"data":"Seeing Red","floor":10.0,"key":"SMITH"},{"data":"True Grit","floor":15.0,"key":"SMITH"},{"data":"infinitespire:DeathsTouch","floor":23,"key":"SMITH"},{"floor":29,"key":"REST"},{"data":"Limit Break","floor":32,"key":"SMITH"}],"circlet_count":0,"master_deck":["Strike_R","Strike_R","Strike_R","Strike_R","Defend_R","Defend_R","Defend_R","Defend_R","Bash+1","Pummel","Fire Breathing+1","Seeing Red+1","Cleave","True Grit+1","Limit Break+1","infinitespire:DeathsTouch+1","Feel No Pain","Feed","Whirlwind"],"relics":["Burning Blood","NeowsBlessing","Oddly Smooth Stone","Mercury Hourglass","PreservedInsect","infinitespire:ShieldingShard","SacredBark","Toy Ornithopter"],"acts_visited":["Exordium","TheCity"],"potions_floor_usage":[24,28,28,31,33],"damage_taken":[{"damage":0.0,"enemies":"Jaw Worm","floor":1.0,"turns":1.0},{"damage":0.0,"enemies":"Small Slimes","floor":5.0,"turns":1.0},{"damage":0.0,"enemies":"Lagavulin","floor":7.0,"turns":1.0},{"damage":2.0,"enemies":"2 Louse","floor":11.0,"turns":2.0},{"damage":0.0,"enemies":"Looter","floor":14.0,"turns":3.0},{"damage":53.0,"enemies":"The Guardian","floor":16.0,"turns":20.0},{"damage":6,"enemies":"Chosen","floor":18,"turns":5},{"damage":5,"enemies":"Spheric Guardian","floor":22,"turns":3},{"damage":0,"enemies":"Book of Stabbing","floor":24,"turns":1},{"damage":35,"enemies":"Snake Plant","floor":25,"turns":7},{"damage":19,"enemies":"Snecko","floor":27,"turns":5},{"damage":34,"enemies":"Centurion and Healer","floor":28,"turns":11},{"damage":0,"enemies":"Chosen and Byrds","floor":31,"turns":4},{"damage":91,"enemies":"Collector","floor":33,"turns":7}],"seed_played":"-1871348478904202021","potions_obtained":[{"floor":1.0,"key":"Weak Potion"},{"floor":11.0,"key":"Block Potion"},{"floor":14.0,"key":"SmokeBomb"},{"floor":16.0,"key":"BlessingOfTheForge"},{"floor":27,"key":"Dexterity Potion"},{"floor":28,"key":"Energy Potion"},{"floor":31,"key":"Energy Potion"}],"is_trial":false,"path_per_floor":["M","$","?","?","M","R","E","R","T","R","M","?","T","M","R","B",null,"M","?","?","AVR","M","R","E","M","T","M","M","R","?","M","R","B"],"character_chosen":"IRONCLAD","items_purchased":["Fire Breathing"],"campfire_rested":1,"item_purchase_floors":[2],"current_hp_per_floor":[80,80,68,73,79,79,85,85,85,85,85,85,85,85,85,38,85,85,85,85,85,85,85,85,56,56,43,25,50,55,66,66,0,0],"gold":366,"neow_bonus":"THREE_ENEMY_KILL","is_daily":false,"chose_seed":false,"campfire_upgraded":6,"win_rate":0.0,"timestamp":1607777690,"path_taken":["M","$","?","?","M","R","E","R","T","R","M","?","?","?","R","BOSS","M","?","?","AVR","M","R","E","M","T","M","?","R","?","M","R","BOSS"],"items_purchased_type":["Card"],"build_version":"2020-11-30","purchased_purges":0,"victory":false,"max_hp_per_floor":[80,80,80,85,85,85,85,85,85,85,85,85,85,85,85,85,85,85,85,85,85,85,85,85,85,85,85,85,85,85,85,85,85,85],"relic_stats":{"counters":[14,71],"PreservedInsect":41,"obtain_stats":[{"infinitespire:ShieldingShard":13,"NeowsBlessing":0,"SacredBark":17,"Oddly Smooth Stone":3,"PreservedInsect":9,"Burning Blood":0,"Toy Ornithopter":26,"Mercury Hourglass":7},{"infinitespire:ShieldingShard":4,"NeowsBlessing":0,"SacredBark":6,"Oddly Smooth Stone":1,"PreservedInsect":3,"Burning Blood":0,"Toy Ornithopter":10,"Mercury Hourglass":3},{"infinitespire:ShieldingShard":5,"NeowsBlessing":0,"SacredBark":28,"Oddly Smooth Stone":1,"PreservedInsect":3,"Burning Blood":0,"Toy Ornithopter":44,"Mercury Hourglass":3}],"Burning Blood":55,"Toy Ornithopter":20,"Mercury Hourglass":[234]},"card_choices":[{"not_picked":["Dark Embrace","Evolve"],"picked":"Pummel","floor":1.0},{"not_picked":["Searing Blow","Burning Pact"],"picked":"Seeing Red","floor":5.0},{"not_picked":["Armaments","Perfected Strike","Thunderclap"],"picked":"SKIP","floor":7.0},{"not_picked":["Clothesline","Entrench"],"picked":"Cleave","floor":11.0},{"not_picked":["Havoc","Pommel Strike"],"picked":"True Grit","floor":14.0},{"not_picked":["Double Tap","Brutality"],"picked":"Limit Break","floor":16.0},{"not_picked":["Pummel","Headbutt","Clash"],"picked":"SKIP","floor":18},{"not_picked":["Iron Wave+1","True Grit"],"picked":"Feel No Pain","floor":22},{"not_picked":["Clothesline+1","Clash"],"picked":"Feed","floor":25},{"not_picked":["Sever Soul","Armaments+1"],"picked":"Whirlwind","floor":27},{"not_picked":["Reckless Charge","Perfected Strike"],"picked":"Heavy Blade","floor":28},{"not_picked":["Flex","Twin Strike","Body Slam"],"picked":"SKIP","floor":31}],"player_experience":167169,"relics_obtained":[{"floor":7.0,"key":"Mercury Hourglass"},{"floor":9.0,"key":"PreservedInsect"},{"floor":13.0,"key":"infinitespire:ShieldingShard"},{"floor":26,"key":"Toy Ornithopter"}],"event_choices":[{"damage_healed":0.0,"max_hp_gain":0.0,"max_hp_loss":0.0,"gold_gain":0.0,"event_name":"Scrap Ooze","player_choice":"Success","floor":3.0,"gold_loss":0.0,"damage_taken":12.0,"relics_obtained":["Oddly Smooth Stone"]},{"damage_healed":0.0,"max_hp_gain":5.0,"max_hp_loss":0.0,"gold_gain":0.0,"event_name":"Big Fish","player_choice":"Donut","floor":4.0,"gold_loss":0.0,"damage_taken":0.0},{"cards_removed":["Strike_R"],"damage_healed":0.0,"max_hp_gain":0.0,"max_hp_loss":0.0,"gold_gain":0.0,"event_name":"The Cleric","player_choice":"Card Removal","floor":12.0,"gold_loss":50.0,"damage_taken":0.0},{"damage_healed":0,"gold_gain":0,"player_choice":"Ignored","damage_taken":0,"max_hp_gain":0,"max_hp_loss":0,"event_name":"Beggar","floor":19,"gold_loss":0},{"damage_healed":0,"gold_gain":100,"player_choice":"Bet on Murderer","damage_taken":0,"max_hp_gain":0,"max_hp_loss":0,"event_name":"The Joust","floor":20,"gold_loss":50},{"cards_removed":["Heavy Blade"],"damage_healed":5,"gold_gain":0,"player_choice":"Offered Common","damage_taken":0,"max_hp_gain":0,"max_hp_loss":0,"event_name":"Bonfire Elementals","floor":30,"gold_loss":0},{"cards_removed":["Heavy Blade"],"damage_healed":5,"gold_gain":0,"player_choice":"Offered Special","damage_taken":0,"max_hp_gain":0,"max_hp_loss":0,"event_name":"Bonfire Elementals","floor":30,"gold_loss":0}],"is_beta":false,"boss_relics":[{"not_picked":["Astrolabe","Busted Crown"],"picked":"SacredBark"}],"items_purged_floors":[],"is_endless":false,"potions_floor_spawned":[1,11,14,16,22,27,28,31],"killed_by":"Collector","ascension_level":2}}