{"host":"vtakxgab1vu2j1nx","time":1607777669,"event":{"mods":["AchievementEnabler","BaseMod","Colored Map","Minty Spire (QoL Compilation)","Quick Restart","SuperFastMode"],"gold_per_floor":[366,377,390,400,427,427,460,32,59,86,98,127,139,151,163,299,311,337,367,479,507,543,555,133,148,148,148,172,172,192,211,211,336,336,357,376,80,413,413,447,447,467,467,467,467,497,512,526,526,526,526],"floor_reached":50,"playtime":1481,"items_purged":[],"score":850,"play_id":"9a1c7004-30aa-4f97-a915-2e3c9cd88577","local_time":"20201212075429","is_ascension_mode":true,"campfire_choices":[{"data":"Armaments","floor":6.0,"key":"SMITH"},{"floor":11.0,"key":"REST"},{"data":"Juggernaut","floor":15.0,"key":"SMITH"},{"floor":23.0,"key":"REST"},{"floor":27.0,"key":"REST"},{"floor":32.0,"key":"REST"},{"floor":41.0,"key":"RECALL"},{"floor":44.0,"key":"REST"},{"floor":49.0,"key":"REST"}],"circlet_count":0,"master_deck":["AscendersBane","Strike_R","Strike_R","Strike_R","Strike_R","Defend_R","Defend_R","Defend_R+1","Defend_R","Bash","Iron Wave","Armaments+1","Sentinel","Pommel Strike","Rage","Juggernaut+1","Whirlwind+1","Headbutt+1","Intimidate","Injury","Corruption","CurseOfTheBell","Metallicize","Inflame+1","Body Slam+1","Feel No Pain","Havoc","Burning Pact","Spot Weakness","Sentinel+1","Power Through+1","Fiend Fire+1","Body Slam+1","Panache","Flame Barrier+1","Shockwave","Double Tap"],"relics":["Burning Blood","Bronze Scales","Vajra","Molten Egg 2","Anchor","MawBank","Calling Bell","Ancient Tea Set","Mercury Hourglass","Charon\u0027s Ashes","HornCleat","Oddly Smooth Stone","Philosopher\u0027s Stone","War Paint","Happy Flower"],"acts_visited":["Exordium","TheCity","TheBeyond"],"potions_floor_usage":[],"damage_taken":[{"damage":6.0,"enemies":"Cultist","floor":1.0,"turns":4.0},{"damage":11.0,"enemies":"Jaw Worm","floor":2.0,"turns":4.0},{"damage":11.0,"enemies":"Small Slimes","floor":3.0,"turns":4.0},{"damage":28.0,"enemies":"Exordium Wildlife","floor":4.0,"turns":7.0},{"damage":25.0,"enemies":"3 Sentries","floor":7.0,"turns":9.0},{"damage":16.0,"enemies":"Gremlin Nob","floor":10.0,"turns":3.0},{"damage":6.0,"enemies":"Red Slaver","floor":12.0,"turns":3.0},{"damage":67.0,"enemies":"The Guardian","floor":16.0,"turns":10.0},{"damage":28.0,"enemies":"Shell Parasite","floor":18.0,"turns":5.0},{"damage":0.0,"enemies":"3 Byrds","floor":19.0,"turns":2.0},{"damage":21.0,"enemies":"Snecko","floor":21.0,"turns":4.0},{"damage":14.0,"enemies":"Snake Plant","floor":22.0,"turns":4.0},{"damage":34.0,"enemies":"Centurion and Healer","floor":25.0,"turns":6.0},{"damage":0.0,"enemies":"3 Cultists","floor":28.0,"turns":3.0},{"damage":21.0,"enemies":"Shelled Parasite and Fungi","floor":30.0,"turns":5.0},{"damage":18.0,"enemies":"Centurion and Healer","floor":31.0,"turns":5.0},{"damage":25.0,"enemies":"Champ","floor":33.0,"turns":8.0},{"damage":7.0,"enemies":"Orb Walker","floor":35.0,"turns":4.0},{"damage":6.0,"enemies":"3 Darklings","floor":36.0,"turns":3.0},{"damage":14.0,"enemies":"Giant Head","floor":40.0,"turns":7.0},{"damage":6.0,"enemies":"Transient","floor":42.0,"turns":5.0},{"damage":50.0,"enemies":"Nemesis","floor":46.0,"turns":7.0},{"damage":0.0,"enemies":"4 Shapes","floor":47.0,"turns":4.0},{"damage":9.0,"enemies":"Spire Growth","floor":48.0,"turns":5.0},{"damage":61,"enemies":"Time Eater","floor":50,"turns":5}],"seed_played":"-7320385188422071135","potions_obtained":[{"floor":2.0,"key":"GamblersBrew"},{"floor":4.0,"key":"Dexterity Potion"},{"floor":7.0,"key":"DuplicationPotion"},{"floor":16.0,"key":"Energy Potion"},{"floor":19.0,"key":"LiquidBronze"},{"floor":22.0,"key":"FearPotion"},{"floor":30.0,"key":"FearPotion"},{"floor":31.0,"key":"LiquidBronze"},{"floor":33.0,"key":"DistilledChaos"},{"floor":35.0,"key":"SkillPotion"},{"floor":42.0,"key":"SpeedPotion"}],"is_trial":false,"path_per_floor":["M","M","M","M","T","R","E","$","T","E","R","M","?","?","R","B",null,"M","M","?","M","M","R","$","M","T","R","M","?","M","M","R","B",null,"M","M","$","?","?","E","R","M","T","R","?","E","M","M","R","B"],"character_chosen":"IRONCLAD","items_purchased":["Molten Egg 2","Juggernaut","Whirlwind+1","BloodPotion","HornCleat","Feel No Pain","BloodPotion","Havoc","Panache","CultistPotion"],"campfire_rested":6,"item_purchase_floors":[8,8,8,8,24,24,24,24,37,37],"current_hp_per_floor":[72,67,62,40,40,40,21,35,35,25,46,46,70,70,70,9,56,34,40,40,25,17,38,38,24,24,45,51,51,36,24,45,26,61,60,60,60,60,60,52,52,52,52,72,72,28,34,31,52,0,0],"gold":526,"neow_bonus":"TWO_FIFTY_GOLD","is_daily":false,"chose_seed":false,"campfire_upgraded":2,"win_rate":0.0,"timestamp":1607777669,"path_taken":["M","M","M","M","?","R","E","$","T","E","R","M","?","?","R","BOSS","M","M","?","M","M","R","$","M","T","R","?","?","M","M","R","BOSS","M","M","$","?","?","E","R","M","T","R","?","E","M","M","R","BOSS"],"items_purchased_type":["Relic","Card","Card","Potion","Relic","Card","Potion","Card","Card","Potion"],"build_version":"2020-11-30","purchased_purges":0,"victory":false,"max_hp_per_floor":[72,72,72,72,72,72,72,72,72,72,72,72,72,72,72,72,72,72,72,72,72,72,72,72,72,72,72,72,72,72,72,72,72,72,72,72,72,72,72,72,72,72,72,72,72,72,72,72,72,72,72],"card_choices":[{"not_picked":["Twin Strike","Pommel Strike"],"picked":"Iron Wave","floor":1.0},{"not_picked":["Dark Embrace","Wild Strike"],"picked":"Armaments","floor":2.0},{"not_picked":["True Grit","Warcry"],"picked":"Sentinel","floor":3.0},{"not_picked":["Combust","Warcry"],"picked":"Pommel Strike","floor":4.0},{"not_picked":["Uppercut","Anger"],"picked":"Rage","floor":7.0},{"not_picked":["Offering","Combust"],"picked":"Headbutt+1","floor":10.0},{"not_picked":["Clash+1","Carnage+1"],"picked":"Intimidate","floor":12.0},{"not_picked":["Offering","Reaper+1"],"picked":"Corruption","floor":16.0},{"not_picked":["Entrench","Infernal Blade"],"picked":"Metallicize","floor":18.0},{"not_picked":["True Grit","Searing Blow+1"],"picked":"Inflame+1","floor":19.0},{"not_picked":["Sword Boomerang+1","Clothesline+1"],"picked":"Body Slam+1","floor":21.0},{"not_picked":["Second Wind+1","Blood for Blood+1","Clothesline+1"],"picked":"SKIP","floor":22.0},{"not_picked":["Armaments","True Grit"],"picked":"Burning Pact","floor":25.0},{"not_picked":["Heavy Blade+1","Shockwave"],"picked":"Spot Weakness","floor":28.0},{"not_picked":["Clash+1","Berserk"],"picked":"Sentinel+1","floor":30.0},{"not_picked":["Armaments","Inflame"],"picked":"Power Through","floor":31.0},{"not_picked":["Brutality","Double Tap"],"picked":"Fiend Fire+1","floor":33.0},{"not_picked":["Armaments","Sword Boomerang+1","Warcry"],"picked":"SKIP","floor":35.0},{"not_picked":["Pummel+1","Clash+1"],"picked":"Body Slam+1","floor":36.0},{"not_picked":["Iron Wave+1","Heavy Blade+1"],"picked":"Flame Barrier+1","floor":40.0},{"not_picked":["Shrug It Off+1","Armaments"],"picked":"Shockwave","floor":42.0},{"not_picked":["Havoc","Dual Wield"],"picked":"Double Tap","floor":46.0},{"not_picked":["True Grit","Clash+1","Warcry+1"],"picked":"SKIP","floor":47.0},{"not_picked":["Pommel Strike+1","Heavy Blade+1","Thunderclap+1"],"picked":"SKIP","floor":48.0}],"player_experience":174907,"relics_obtained":[{"floor":5.0,"key":"Bronze Scales"},{"floor":7.0,"key":"Vajra"},{"floor":9.0,"key":"Anchor"},{"floor":10.0,"key":"MawBank"},{"floor":17.0,"key":"Ancient Tea Set"},{"floor":17.0,"key":"Mercury Hourglass"},{"floor":17.0,"key":"Charon\u0027s Ashes"},{"floor":26.0,"key":"Oddly Smooth Stone"},{"floor":40.0,"key":"War Paint"},{"floor":46.0,"key":"Happy Flower"}],"event_choices":[{"damage_healed":24.0,"max_hp_gain":0.0,"max_hp_loss":0.0,"gold_gain":0.0,"event_name":"Big Fish","player_choice":"Banana","floor":13.0,"gold_loss":0.0,"damage_taken":0.0},{"damage_healed":0.0,"max_hp_gain":0.0,"max_hp_loss":0.0,"gold_gain":0.0,"event_name":"Golden Idol","player_choice":"Take Wound","floor":14.0,"gold_loss":0.0,"damage_taken":0.0,"relics_obtained":["Golden Idol"],"cards_obtained":["Injury"]},{"damage_healed":0.0,"max_hp_gain":0.0,"max_hp_loss":0.0,"gold_gain":100.0,"event_name":"Golden Shrine","player_choice":"Pray","floor":20.0,"gold_loss":0.0,"damage_taken":0.0},{"damage_healed":0.0,"max_hp_gain":0.0,"max_hp_loss":0.0,"gold_gain":0.0,"event_name":"Vampires","player_choice":"Ignored","floor":29.0,"gold_loss":0.0,"damage_taken":0.0},{"damage_healed":0.0,"max_hp_gain":0.0,"max_hp_loss":0.0,"gold_gain":333.0,"event_name":"The Moai Head","player_choice":"Gave Idol","floor":38.0,"relics_lost":["Golden Idol"],"gold_loss":0.0,"damage_taken":0.0},{"damage_healed":0.0,"max_hp_gain":0.0,"max_hp_loss":0.0,"gold_gain":0.0,"event_name":"Mysterious Sphere","player_choice":"Ignored","floor":39.0,"gold_loss":0.0,"damage_taken":0.0},{"cards_removed":["Strike_R"],"damage_healed":0.0,"max_hp_gain":0.0,"max_hp_loss":0.0,"gold_gain":0.0,"event_name":"Falling","player_choice":"Removed Attack","floor":45.0,"gold_loss":0.0,"damage_taken":0.0}],"is_beta":false,"boss_relics":[{"not_picked":["Astrolabe","Runic Cube"],"picked":"Calling Bell"},{"not_picked":["Snecko Eye","Velvet Choker"],"picked":"Philosopher\u0027s Stone"}],"items_purged_floors":[],"is_endless":false,"potions_floor_spawned":[2,4,7,16,19,22,30,31,33,35,36,42],"killed_by":"Time Eater","ascension_level":11}}