{"host":"4u2tcsoe5o5ny82a","time":1607815441,"event":{"mods":["Always Whale","BaseMod","Better Third Choice","BetterRewards","Hubris","Infinite Spire","Minty Spire (QoL Compilation)","Quick Restart","Replay The Spire","Shop Mod","Spicy Shops","StSLib","The Bug Knight"],"gold_per_floor":[117,117,129,141,155,208,225,251,251,282,357,30,58,75,75,173,173,189,205,205,224,235,235,264,278,278,303,303,323,323,356,356,457,457,471,471,496,509,509,509,509],"floor_reached":40,"playtime":2207,"items_purged":[],"score":636,"play_id":"41da6379-df6e-4736-9f2a-09aafcbed3b0","local_time":"20201212182401","is_ascension_mode":true,"campfire_choices":[{"data":"Defend_P","floor":15,"key":"PURGE"},{"data":"Replay:BasicMightCard","floor":23,"key":"SMITH"},{"data":"Establishment","floor":28,"key":"SMITH"},{"data":"Wallop","floor":30,"key":"SMITH"},{"data":"Adaptation","floor":32,"key":"SMITH"}],"circlet_count":0,"master_deck":["Strike_P","Strike_P","Strike_P","Strike_P","Defend_P","Defend_P","Defend_P","Eruption","Vigilance","Consecrate","FollowUp","FollowUp","Replay:Hum","Replay:Hum","Halt+1","SandsOfTime","Wallop+1","Replay:BasicMightCard+1","Consecrate","FlyingSleeves","Adaptation+1","WheelKick+1","JustLucky+1","Replay:Cycle+1","PathToVictory+1","Establishment+1","WindmillStrike","Crescendo+1","ConjureBlade+1","Nirvana+1","FlurryOfBlows"],"relics":["PureWater","NeowsBlessing","HollowMod:PaleOreRelic","Toxic Egg 2","Onion Ring","hubris:64BitClover","Happy Flower","Bottled Flame","ChewingGum","ReplayTheSpireMod:Lightbulb","HollowMod:LifeEnderRelic","Eternal Feather","hubris:CuriousFeather","Yang","hubris:ScarierMask","Vajra"],"acts_visited":["Exordium","TheCity","TheBeyond"],"potions_floor_usage":[6,6,7,10,25,29],"damage_taken":[{"damage":0,"enemies":"Cultist","floor":1,"turns":1},{"damage":0,"enemies":"Small Slimes","floor":3,"turns":1},{"damage":0,"enemies":"2 Louse","floor":4,"turns":1},{"damage":5,"enemies":"Blue Slaver","floor":5,"turns":3},{"damage":6,"enemies":"Replay:BlueRogue","floor":6,"turns":3},{"damage":0,"enemies":"Gremlin Gang","floor":7,"turns":3},{"damage":2,"enemies":"HollowMod:MossKnight","floor":8,"turns":3},{"damage":0,"enemies":"Gremlin Nob","floor":10,"turns":2},{"damage":2,"enemies":"3 Sentries","floor":13,"turns":2},{"damage":4,"enemies":"Looter","floor":14,"turns":2},{"damage":0,"enemies":"Slime Boss","floor":16,"turns":3},{"damage":24,"enemies":"2 Thieves","floor":18,"turns":3},{"damage":9,"enemies":"Shell Parasite","floor":19,"turns":3},{"damage":0,"enemies":"Snecko","floor":21,"turns":3},{"damage":0,"enemies":"Chosen and Byrds","floor":22,"turns":3},{"damage":28,"enemies":"Slavers","floor":24,"turns":4},{"damage":5,"enemies":"Snake Plant","floor":25,"turns":3},{"damage":16,"enemies":"HollowMod:Nosk","floor":27,"turns":3},{"damage":6,"enemies":"Cultist and Chosen","floor":29,"turns":2},{"damage":34,"enemies":"Slavers","floor":31,"turns":3},{"damage":17,"enemies":"Champ","floor":33,"turns":6},{"damage":8,"enemies":"3 Shapes","floor":35,"turns":3},{"damage":11,"enemies":"Orb Walker","floor":38,"turns":2},{"damage":63,"enemies":"Nightmare","floor":40,"turns":4}],"seed_played":"161804408049823973","potions_obtained":[{"floor":2,"key":"SpeedPotion"},{"floor":2,"key":"ColorlessPotion"},{"floor":2,"key":"Fire Potion"},{"floor":3,"key":"BlessingOfTheForge"},{"floor":8,"key":"GamblersBrew"},{"floor":16,"key":"SpeedPotion"},{"floor":22,"key":"Swift Potion"},{"floor":24,"key":"Weak Potion"},{"floor":31,"key":"Weak Potion"},{"floor":33,"key":"Elixir"},{"floor":35,"key":"Swift Potion"}],"is_trial":false,"path_per_floor":["M","?","M","M","M","E","M","E","T","E","?","$","E","M","R","B",null,"M","M","?","M","M","R","E","M","T","E","R","M","R","E","R","B",null,"M","?","T","M","?","NM"],"character_chosen":"WATCHER","items_purchased":["Wallop","Replay:BasicMightCard","Happy Flower"],"campfire_rested":0,"item_purchase_floors":[12,12,12],"current_hp_per_floor":[72,72,72,72,67,61,61,59,59,59,52,52,50,46,46,46,72,48,39,82,82,82,82,54,49,49,33,48,42,57,23,38,21,82,74,74,74,63,63,0,0],"gold":509,"neow_bonus":"THREE_ENEMY_KILL","is_daily":false,"chose_seed":false,"campfire_upgraded":4,"win_rate":0.0,"timestamp":1607815441,"path_taken":["M","?","?","M","M","E","M","E","T","E","?","?","E","M","R","BOSS","M","M","?","?","M","R","E","M","T","E","R","M","R","E","R","BOSS","M","?","?","M","?","NM"],"items_purchased_type":["Card","Card","Relic"],"build_version":"2020-11-30","purchased_purges":0,"victory":false,"max_hp_per_floor":[72,72,72,72,72,72,72,72,72,72,72,72,72,72,72,72,72,72,72,82,82,82,82,82,82,82,82,82,82,82,82,82,82,82,82,82,82,82,82,82,82],"card_choices":[{"not_picked":["EmptyFist","WreathOfFlame"],"picked":"Consecrate","floor":1},{"not_picked":["TalkToTheHand","MentalFortress"],"picked":"FollowUp","floor":3},{"not_picked":["Replay:DivineShield","ThirdEye","Replay:Vibes"],"picked":"SKIP","floor":4},{"not_picked":["ThirdEye","ConjureBlade"],"picked":"FollowUp","floor":5},{"not_picked":["Replay:AtTheReady","Replay:ManipulateFuture"],"picked":"Replay:Hum","floor":6},{"not_picked":["DeceiveReality","ThirdEye"],"picked":"Replay:Hum","floor":7},{"not_picked":["Conclude","FearNoEvil"],"picked":"Halt+1","floor":8},{"not_picked":["SpiritShield+1","FlyingSleeves"],"picked":"SandsOfTime","floor":10},{"not_picked":["Pray+1","Replay:ManipulateFuture+1","Consecrate"],"picked":"SKIP","floor":13},{"not_picked":["Pray+1","Replay:ManipulateFuture+1"],"picked":"Consecrate","floor":13},{"not_picked":["Replay:Anticipation+1","EmptyFist"],"picked":"FlyingSleeves","floor":14},{"not_picked":["SpiritShield+1","Omniscience+1"],"picked":"MasterReality","floor":16},{"not_picked":["JustLucky","Indignation+1"],"picked":"Adaptation","floor":18},{"not_picked":["Collect+1","CrushJoints+1","Study"],"picked":"SKIP","floor":19},{"not_picked":["FlyingSleeves","Replay:Hum+1"],"picked":"WheelKick+1","floor":21},{"not_picked":["Consecrate","Replay:AtTheReady+1"],"picked":"JustLucky+1","floor":22},{"not_picked":["Worship+1","Evaluate+1"],"picked":"Replay:Cycle+1","floor":24},{"not_picked":["Pray+1","Protect+1"],"picked":"PathToVictory+1","floor":25},{"not_picked":["MentalFortress","Replay:Hum+1"],"picked":"Establishment","floor":27},{"not_picked":["FearNoEvil","Replay:ManipulateFuture+1"],"picked":"WindmillStrike","floor":29},{"not_picked":["FlyingSleeves+1","ClearTheMind+1"],"picked":"Crescendo+1","floor":31},{"not_picked":["Blasphemy+1","Ragnarok"],"picked":"ConjureBlade+1","floor":33},{"not_picked":["Crescendo+1","CrushJoints+1"],"picked":"Nirvana+1","floor":35},{"not_picked":["Swivel+1","TalkToTheHand+1"],"picked":"Pray+1","floor":38}],"player_experience":405007,"relics_obtained":[{"floor":6,"key":"HollowMod:PaleOreRelic"},{"floor":8,"key":"Toxic Egg 2"},{"floor":9,"key":"Onion Ring"},{"floor":10,"key":"hubris:64BitClover"},{"floor":13,"key":"Bottled Flame"},{"floor":24,"key":"ReplayTheSpireMod:Lightbulb"},{"floor":25,"key":"HollowMod:LifeEnderRelic"},{"floor":26,"key":"Eternal Feather"},{"floor":27,"key":"hubris:CuriousFeather"},{"floor":31,"key":"Yang"},{"floor":37,"key":"Vajra"}],"event_choices":[{"damage_healed":0,"gold_gain":0,"player_choice":"Got Potions","damage_taken":0,"max_hp_gain":0,"max_hp_loss":0,"event_name":"Lab","floor":2,"gold_loss":0},{"damage_healed":0,"gold_gain":75,"player_choice":"Touch","damage_taken":7,"max_hp_gain":0,"max_hp_loss":0,"event_name":"FaceTrader","floor":11,"gold_loss":0},{"cards_removed":["MasterReality"],"damage_healed":33,"gold_gain":0,"player_choice":"Offered Rare","damage_taken":0,"max_hp_gain":10,"max_hp_loss":0,"event_name":"Bonfire Elementals","floor":20,"gold_loss":0},{"damage_healed":0,"gold_gain":0,"player_choice":"Ignored","damage_taken":0,"max_hp_gain":0,"max_hp_loss":0,"event_name":"Tomb of Lord Red Mask","floor":36,"gold_loss":0},{"damage_healed":0,"gold_gain":0,"cards_transformed":["Pray"],"player_choice":"Transformed","damage_taken":0,"max_hp_gain":0,"max_hp_loss":0,"event_name":"Transmorgrifier","floor":39,"gold_loss":0,"cards_obtained":["FlurryOfBlows"]}],"is_beta":false,"boss_relics":[{"not_picked":["Runic Dome","hubris:RunicObelisk"],"picked":"ChewingGum"},{"not_picked":["hubris:Stopwatch","Busted Crown"],"picked":"hubris:ScarierMask"}],"items_purged_floors":[],"is_endless":false,"potions_floor_spawned":[3,5,8,16,22,24,31,33,35],"killed_by":"Nightmare","ascension_level":3}}