{"host":"turdyikuxcak11ni","time":1607793768,"event":{"mods":["AchievementEnabler","BaseMod","Better Altar","Better Match","Better Note","Better Sensory Stone","Better Skull","Better Third Choice","Better Vampires","Colored Map","Minty Spire (QoL Compilation)","Quick Restart","Relic Stats","Spicy Shops","StSLib","SuperFastMode"],"gold_per_floor":[111,61,61,81,96,96,128,128,153,173,199,199,199,215,215,315,315,329,345,345,270,286,286,311,311,311,311,326,426,444,460,460,560,560,576,576,626,626,641,670,670,690,690,690,708,708,43,98,98,98],"floor_reached":51,"playtime":2160,"items_purged":["Parasite"],"score":815,"play_id":"d1c3c949-322e-4b4e-9fe0-9304903301f2","local_time":"20201212092248","is_ascension_mode":true,"campfire_choices":[{"data":"BattleHymn","floor":6,"key":"SMITH"},{"floor":8,"key":"REST"},{"data":"1","floor":12,"key":"LIFT"},{"data":"2","floor":15,"key":"LIFT"},{"data":"3","floor":23,"key":"LIFT"},{"floor":25,"key":"REST"},{"floor":32,"key":"REST"},{"floor":41,"key":"REST"},{"floor":44,"key":"REST"},{"data":"Devotion","floor":46,"key":"SMITH"},{"data":"Prostrate","floor":49,"key":"SMITH"}],"circlet_count":0,"master_deck":["Strike_P","Strike_P","Defend_P","Defend_P","Eruption","Vigilance","Swivel+1","Halt+1","InnerPeace+1","Consecrate","FlurryOfBlows","BattleHymn+1","Devotion+1","FlurryOfBlows","Brilliance","Tantrum","Prostrate+1","EmptyBody","FlurryOfBlows+1","Sweeping Beam+1","FlurryOfBlows+1","Indignation"],"relics":["Astrolabe","Vajra","Pear","StoneCalendar","Damaru","Girya","Black Star","Centennial Puzzle","Mummified Hand","Question Card","Matryoshka","Orichalcum","PreservedInsect","Incense Burner","Molten Egg 2","VioletLotus","FossilizedHelix","Meat on the Bone","Anchor","Ornamental Fan","Bottled Lightning","Yang","Omamori","Torii"],"acts_visited":["Exordium","TheCity","TheBeyond"],"potions_floor_usage":[7,16,16,16,19,33,33,37,42,42,42,50,50,50,50],"damage_taken":[{"damage":0,"enemies":"Small Slimes","floor":1,"turns":3},{"damage":0,"enemies":"2 Louse","floor":4,"turns":2},{"damage":0,"enemies":"Jaw Worm","floor":5,"turns":2},{"damage":15,"enemies":"3 Sentries","floor":7,"turns":3},{"damage":6,"enemies":"Lots of Slimes","floor":10,"turns":4},{"damage":14,"enemies":"Gremlin Nob","floor":11,"turns":3},{"damage":0,"enemies":"Blue Slaver","floor":14,"turns":2},{"damage":29,"enemies":"The Guardian","floor":16,"turns":5},{"damage":18,"enemies":"2 Thieves","floor":18,"turns":3},{"damage":2,"enemies":"Shell Parasite","floor":19,"turns":2},{"damage":1,"enemies":"Cultist and Chosen","floor":22,"turns":4},{"damage":24,"enemies":"Gremlin Leader","floor":24,"turns":4},{"damage":16,"enemies":"Snake Plant","floor":28,"turns":2},{"damage":19,"enemies":"Colosseum Slavers","floor":29,"turns":2},{"damage":10,"enemies":"Colosseum Nobs","floor":29,"turns":2},{"damage":0,"enemies":"3 Cultists","floor":30,"turns":3},{"damage":0,"enemies":"Cultist and Chosen","floor":31,"turns":3},{"damage":0,"enemies":"Automaton","floor":33,"turns":5},{"damage":0,"enemies":"3 Shapes","floor":35,"turns":2},{"damage":35,"enemies":"Mind Bloom Boss Battle","floor":37,"turns":4},{"damage":0,"enemies":"Orb Walker","floor":39,"turns":3},{"damage":8,"enemies":"Nemesis","floor":40,"turns":3},{"damage":0,"enemies":"Maw","floor":42,"turns":3},{"damage":0,"enemies":"Jaw Worm Horde","floor":45,"turns":3},{"damage":18,"enemies":"2 Orb Walkers","floor":48,"turns":3},{"damage":26,"enemies":"Donu and Deca","floor":50,"turns":3}],"seed_played":"7786005229079090165","potions_obtained":[{"floor":1,"key":"Energy Potion"},{"floor":5,"key":"SteroidPotion"},{"floor":11,"key":"Block Potion"},{"floor":14,"key":"SkillPotion"},{"floor":18,"key":"StancePotion"},{"floor":22,"key":"Ancient Potion"},{"floor":31,"key":"Regen Potion"},{"floor":33,"key":"GamblersBrew"},{"floor":35,"key":"LiquidBronze"},{"floor":39,"key":"SteroidPotion"},{"floor":40,"key":"SteroidPotion"}],"is_trial":false,"path_per_floor":["M","?","?","M","M","R","E","R","T","M","E","R","?","M","R","B",null,"M","M","?","?","M","R","E","R","T","T","M","?","M","M","R","B",null,"M","?","?","?","M","E","R","M","T","R","M","R","$","?","R","B",null],"character_chosen":"WATCHER","items_purchased":["Yang","Omamori","Swift Potion","DistilledChaos","LiquidBronze"],"campfire_rested":5,"item_purchase_floors":[47,47,47,47,47],"current_hp_per_floor":[72,72,71,71,71,71,56,80,80,74,60,60,80,80,80,51,82,64,62,62,62,61,61,37,61,61,61,45,16,16,16,40,54,82,82,82,47,47,47,39,63,63,63,82,82,82,79,61,61,47],"gold":98,"neow_bonus":"BOSS_RELIC","is_daily":false,"chose_seed":false,"campfire_upgraded":3,"win_rate":0.0,"timestamp":1607793768,"path_taken":["M","?","?","M","M","R","E","R","T","M","E","R","?","M","R","BOSS","M","M","?","?","M","R","E","R","T","?","?","?","M","M","R","BOSS","M","?","?","?","M","E","R","M","T","R","M","R","$","?","R","BOSS"],"items_purchased_type":["Relic","Relic","Potion","Potion","Potion"],"build_version":"2020-11-30","purchased_purges":1,"victory":true,"max_hp_per_floor":[72,72,82,82,82,82,82,82,82,82,82,82,82,82,82,82,82,82,82,82,82,82,82,82,82,82,82,82,82,82,82,82,82,82,82,82,82,82,82,82,82,82,82,82,82,82,79,79,79,79],"relic_stats":{"Torii":0,"counters":[26,78],"Astrolabe":["Swivel","Halt","InnerPeace"],"StoneCalendar":[0],"Yang":[33],"PreservedInsect":83,"Orichalcum":[18],"Question Card":12,"Centennial Puzzle":[27],"Mummified Hand":[26],"Ornamental Fan":[44],"VioletLotus":[3],"Black Star":2,"obtain_stats":[{"Torii":48,"Vajra":3,"StoneCalendar":7,"Yang":47,"Incense Burner":29,"Centennial Puzzle":20,"Matryoshka":26,"Mummified Hand":24,"VioletLotus":34,"Girya":11,"Pear":3,"Astrolabe":0,"Damaru":9,"PreservedInsect":27,"Omamori":47,"Orichalcum":27,"Question Card":24,"Anchor":40,"Ornamental Fan":43,"Molten Egg 2":29,"Black Star":17,"Bottled Lightning":43,"PureWater":0,"FossilizedHelix":37,"Meat on the Bone":40},{"Torii":25,"Vajra":1,"StoneCalendar":4,"Yang":24,"Incense Burner":15,"Centennial Puzzle":10,"Matryoshka":12,"Mummified Hand":12,"VioletLotus":18,"Girya":6,"Pear":1,"Astrolabe":0,"Damaru":4,"PreservedInsect":12,"Omamori":24,"Orichalcum":12,"Question Card":12,"Anchor":22,"Ornamental Fan":23,"Molten Egg 2":15,"Black Star":8,"Bottled Lightning":23,"PureWater":0,"FossilizedHelix":20,"Meat on the Bone":22},{"Torii":75,"Vajra":3,"StoneCalendar":10,"Yang":72,"Incense Burner":43,"Centennial Puzzle":29,"Matryoshka":37,"Mummified Hand":37,"VioletLotus":54,"Girya":17,"Pear":3,"Astrolabe":0,"Damaru":10,"PreservedInsect":37,"Omamori":72,"Orichalcum":37,"Question Card":37,"Anchor":66,"Ornamental Fan":69,"Molten Egg 2":43,"Black Star":24,"Bottled Lightning":69,"PureWater":0,"FossilizedHelix":60,"Meat on the Bone":66}],"Meat on the Bone":12},"card_choices":[{"not_picked":["Collect","Nirvana"],"picked":"Consecrate","floor":1},{"not_picked":["Worship","FlyingSleeves"],"picked":"FlurryOfBlows","floor":4},{"not_picked":["Protect","Vengeance"],"picked":"BattleHymn","floor":5},{"not_picked":["ClearTheMind","InnerPeace","PathToVictory"],"picked":"SKIP","floor":7},{"not_picked":["SashWhip","FollowUp","ClearTheMind"],"picked":"SKIP","floor":10},{"not_picked":["CutThroughFate","WindmillStrike"],"picked":"Devotion","floor":11},{"not_picked":["WaveOfTheHand","Consecrate"],"picked":"FlurryOfBlows","floor":14},{"not_picked":["Judgement","DevaForm"],"picked":"Brilliance","floor":16},{"not_picked":["Crescendo","FlyingSleeves","FollowUp"],"picked":"SKIP","floor":18},{"not_picked":["FollowUp","Wireheading"],"picked":"Tantrum","floor":19},{"not_picked":["Indignation","FlyingSleeves","Evaluate+1"],"picked":"SKIP","floor":22},{"not_picked":["FollowUp+1","ConjureBlade"],"picked":"Prostrate","floor":24},{"not_picked":["Prostrate","Consecrate","WreathOfFlame","EmptyFist"],"picked":"SKIP","floor":28},{"not_picked":["CrushJoints+1","EmptyFist+1","FollowUp+1"],"picked":"EmptyBody","floor":29},{"not_picked":["WreathOfFlame","Scrawl","Halt","Swivel"],"picked":"SKIP","floor":30},{"not_picked":["Evaluate","JustLucky+1","Weave+1","PathToVictory+1"],"picked":"SKIP","floor":31},{"not_picked":["SashWhip+1","BowlingBash+1","EmptyBody+1","PathToVictory"],"picked":"SKIP","floor":35},{"not_picked":["InnerPeace","WindmillStrike+1","FearNoEvil+1"],"picked":"FlurryOfBlows+1","floor":37},{"not_picked":["ThirdEye","ClearTheMind+1","Conclude+1"],"picked":"FlurryOfBlows+1","floor":39},{"not_picked":["Protect","Prostrate","Scrawl","Halt"],"picked":"SKIP","floor":40},{"not_picked":["ForeignInfluence","Meditate+1","Fasting2+1","BowlingBash+1"],"picked":"SKIP","floor":42},{"not_picked":["BowlingBash+1","PathToVictory+1","Swivel+1"],"picked":"Indignation","floor":45}],"player_experience":210602,"relics_obtained":[{"floor":7,"key":"StoneCalendar"},{"floor":9,"key":"Damaru"},{"floor":11,"key":"Girya"},{"floor":24,"key":"Mummified Hand"},{"floor":24,"key":"Question Card"},{"floor":26,"key":"Matryoshka"},{"floor":27,"key":"Orichalcum"},{"floor":27,"key":"PreservedInsect"},{"floor":29,"key":"Incense Burner"},{"floor":29,"key":"Molten Egg 2"},{"floor":37,"key":"FossilizedHelix"},{"floor":40,"key":"Meat on the Bone"},{"floor":40,"key":"Anchor"},{"floor":43,"key":"Ornamental Fan"},{"floor":43,"key":"Bottled Lightning"},{"floor":48,"key":"Torii"}],"event_choices":[{"cards_removed":["Strike_P"],"damage_healed":0,"gold_gain":0,"player_choice":"Card Removal","damage_taken":0,"max_hp_gain":0,"max_hp_loss":0,"event_name":"The Cleric","floor":2,"gold_loss":50},{"damage_healed":0,"gold_gain":1,"player_choice":"Relic Relic ","damage_taken":11,"max_hp_gain":0,"max_hp_loss":0,"event_name":"betterThird:BetterScrap","floor":3,"gold_loss":0,"cards_obtained":["Escape Plan"]},{"damage_healed":20,"gold_gain":0,"player_choice":"Healed and dodged fight","damage_taken":0,"max_hp_gain":0,"max_hp_loss":0,"event_name":"Mushrooms","floor":13,"gold_loss":0,"cards_obtained":["Parasite"]},{"damage_healed":0,"gold_gain":0,"player_choice":"Opened","damage_taken":0,"relics_obtained":["Centennial Puzzle"],"max_hp_gain":0,"max_hp_loss":0,"event_name":"The Mausoleum","floor":20,"gold_loss":0},{"damage_healed":0,"gold_gain":0,"player_choice":"2","damage_taken":0,"max_hp_gain":0,"max_hp_loss":0,"event_name":"betterMatch:BetterMatch","floor":21,"gold_loss":0,"cards_obtained":[]},{"damage_healed":0,"gold_gain":0,"player_choice":"Fight","damage_taken":0,"max_hp_gain":0,"max_hp_loss":0,"event_name":"Colosseum","floor":29,"gold_loss":0},{"damage_healed":0,"gold_gain":0,"player_choice":"Fought Nobs","damage_taken":0,"max_hp_gain":0,"max_hp_loss":0,"event_name":"Colosseum","floor":29,"gold_loss":0},{"damage_healed":0,"gold_gain":0,"player_choice":"Ignored","damage_taken":0,"max_hp_gain":0,"max_hp_loss":0,"event_name":"Tomb of Lord Red Mask","floor":36,"gold_loss":0},{"damage_healed":0,"gold_gain":0,"player_choice":"Fight","damage_taken":0,"max_hp_gain":0,"max_hp_loss":0,"event_name":"MindBloom","floor":37,"gold_loss":0},{"damage_healed":0,"gold_gain":3,"player_choice":"4","damage_taken":0,"max_hp_gain":0,"max_hp_loss":0,"event_name":"betterStone:BetterStone","floor":38,"gold_loss":0,"cards_obtained":["Sweeping Beam"]},{"damage_healed":0,"gold_gain":0,"player_choice":"Fight","damage_taken":0,"max_hp_gain":0,"max_hp_loss":0,"event_name":"Mysterious Sphere","floor":48,"gold_loss":0}],"is_beta":false,"boss_relics":[{"not_picked":["Cursed Key","Empty Cage"],"picked":"Black Star"},{"not_picked":["Busted Crown","Runic Pyramid"],"picked":"VioletLotus"}],"items_purged_floors":[47],"is_endless":false,"potions_floor_spawned":[1,5,11,14,18,22,29,31,33,35,39,40,48],"ascension_level":1}}