{"host":"cz3p2o9n3b1gdmkz","time":1607770818,"event":{"mods":["AchievementEnabler","BaseMod","CapriCore","GungeonMod","Hermit","Minty Spire (QoL Compilation)","Replay The Spire","Shop Mod","StSLib","SuperFastMode","The Cursed","The Dragon Tamer","The Gatherer","The Jungle","The Poker Player"],"gold_per_floor":[116,311,322,337,8,43,43,73,100,112,128,144,173,191,191,294,294,307,307,326,25,37,68,68,68,91,19,19,36,36,63,63,161,161,177,197,197,197,197,215,215,249,249,265,265,300,300,320,320,320,320,320,122,149,149],"floor_reached":56,"playtime":8098,"items_purged":[],"score":1267,"play_id":"8dde578b-f0cf-4e06-99af-6c7317e30326","local_time":"20201212200018","is_ascension_mode":false,"campfire_choices":[{"data":"hermit:PistolWhip","floor":7.0,"key":"SMITH"},{"data":"hermit:Snapshot","floor":15.0,"key":"SMITH"},{"data":"hermit:Maintenance","floor":24.0,"key":"SMITH"},{"data":"hermit:Maintenance","floor":24.0,"key":"SMITH"},{"data":"hermit:Quickdraw","floor":28.0,"key":"SMITH"},{"data":"hermit:Enervate","floor":28.0,"key":"SMITH"},{"data":"hermit:Defend_Hermit","floor":30.0,"key":"SMITH"},{"data":"hermit:Defend_Hermit","floor":30.0,"key":"SMITH"},{"data":"hermit:Defend_Hermit","floor":32.0,"key":"SMITH"},{"data":"hermit:Defend_Hermit","floor":32.0,"key":"SMITH"},{"data":"Madness","floor":41.0,"key":"SMITH"},{"data":"Madness","floor":41.0,"key":"SMITH"},{"data":"hermit:TakeCover","floor":47.0,"key":"SMITH"},{"data":"hermit:HeroicBravado","floor":47.0,"key":"SMITH"},{"floor":49.0,"key":"RECALL"},{"data":"hermit:Strike_Hermit","floor":52,"key":"SMITH"},{"data":"hermit:Strike_Hermit","floor":52,"key":"SMITH"}],"circlet_count":0,"master_deck":["hermit:Strike_Hermit","hermit:Strike_Hermit","hermit:Strike_Hermit+1","hermit:Strike_Hermit+1","hermit:Defend_Hermit+1","hermit:Defend_Hermit+1","hermit:Defend_Hermit+1","hermit:Defend_Hermit+1","hermit:Snapshot+1","hermit:Covet","hermit:Quickdraw+1","hermit:PistolWhip+1","hermit:Enervate+1","hermit:Brawl+1","hermit:RoundhouseKick","hermit:Maintenance+1","hermit:Maintenance+1","hermit:CursedWeapon+1","hermit:Quickdraw","hermit:HeroicBravado+1","hermit:HighCaliber+1","hermit:TakeCover+1","ReplayTheSpireMod:Private Reserves","Madness+1","Madness+1","hermit:TakeCover+1","Voices","Parasite","hermit:FlashPowder+1","hermit:Shortfuse","Mayhem+1"],"relics":["hermit:Momento","NeowsBlessing","DemoMod:OrangeGuonStone","Replay:Wax Seal","ReplayTheSpireMod:Shallot","Smiling Mask","Frozen Egg 2","Replay:Ancient Bell","Akabeko","Replay:WaspNest","hermit:CharredGlove","Replay:Arrowhead","Strawberry","ReplayTheSpireMod:TigerMarble","Bottled Tornado","Runic Pyramid","Bag of Marbles","Ring of Misfortune","Dream Catcher","Centennial Puzzle"],"acts_visited":["Exordium","TheCity","TheBeyond","TheEnding"],"potions_floor_usage":[55,55],"damage_taken":[{"damage":0.0,"enemies":"Small Slimes","floor":1.0,"turns":2.0},{"damage":0.0,"enemies":"2 Louse","floor":3.0,"turns":1.0},{"damage":0.0,"enemies":"Cultist","floor":4.0,"turns":1.0},{"damage":5.0,"enemies":"3 Sentries","floor":6.0,"turns":9.0},{"damage":0.0,"enemies":"Replay:BlueRogue","floor":8.0,"turns":4.0},{"damage":0.0,"enemies":"Blue Slaver","floor":10.0,"turns":3.0},{"damage":0.0,"enemies":"Gremlin Gang","floor":11.0,"turns":4.0},{"damage":0.0,"enemies":"Red Slaver","floor":12.0,"turns":2.0},{"damage":7.0,"enemies":"Gremlin Nob","floor":13.0,"turns":4.0},{"damage":0.0,"enemies":"2 Fungi Beasts","floor":14.0,"turns":2.0},{"damage":13.0,"enemies":"Slime Boss","floor":16.0,"turns":10.0},{"damage":12.0,"enemies":"Spheric Guardian","floor":18.0,"turns":4.0},{"damage":12.0,"enemies":"2 Thieves","floor":20.0,"turns":3.0},{"damage":10.0,"enemies":"Shelled Parasite and Fungi","floor":22.0,"turns":5.0},{"damage":6.0,"enemies":"Replay:Snechameleon","floor":23.0,"turns":6.0},{"damage":3.0,"enemies":"Snake Plant","floor":29.0,"turns":3.0},{"damage":2.0,"enemies":"Gremlin Leader","floor":31.0,"turns":6.0},{"damage":3.0,"enemies":"Automaton","floor":33.0,"turns":7.0},{"damage":2.0,"enemies":"Orb Walker","floor":35.0,"turns":3.0},{"damage":2.0,"enemies":"3 Shapes","floor":36.0,"turns":3.0},{"damage":3.0,"enemies":"Transient","floor":40.0,"turns":5.0},{"damage":3.0,"enemies":"Reptomancer","floor":42.0,"turns":6.0},{"damage":2.0,"enemies":"Jaw Worm Horde","floor":44.0,"turns":4.0},{"damage":13.0,"enemies":"R_Hoarder","floor":46.0,"turns":5.0},{"damage":1.0,"enemies":"Writhing Mass","floor":48.0,"turns":5.0},{"damage":36,"enemies":"Time Eater","floor":50,"turns":8},{"damage":13,"enemies":"Shield and Spear","floor":54,"turns":6},{"damage":17,"enemies":"The Heart","floor":55,"turns":5}],"seed_played":"3446127941436732168","potions_obtained":[{"floor":1.0,"key":"Dexterity Potion"},{"floor":6.0,"key":"Swift Potion"},{"floor":8.0,"key":"Languid Potion"},{"floor":10.0,"key":"hermit:Tonic"},{"floor":18.0,"key":"Weak Potion"},{"floor":20.0,"key":"FearPotion"},{"floor":29.0,"key":"Doom Potion"},{"floor":33.0,"key":"Swift Potion"},{"floor":36.0,"key":"Energy Potion"},{"floor":40.0,"key":"SteroidPotion"},{"floor":46.0,"key":"PowerPotion"}],"is_trial":false,"path_per_floor":["M","?","M","M","$","E","R","E","T","M","M","M","E","M","R","B",null,"M","?","M","$","M","E","R","?","T","$","R","M","R","E","R","B",null,"M","M","?","?","?","M","R","E","T","M","?","E","R","M","R","B",null,"R","$","E","B",null],"character_chosen":"HERMIT","items_purchased":["DemoMod:OrangeGuonStone","hermit:ShadowCloak","Replay:Arrowhead","DistilledChaos","hermit:Shortfuse","Mayhem+1"],"campfire_rested":0,"item_purchase_floors":[5,5,21,27,53,53],"current_hp_per_floor":[75,75,75,75,75,70,70,70,70,70,70,70,63,63,63,50,75,63,63,51,51,41,42,42,42,42,42,42,39,39,37,37,34,82,80,78,78,68,68,69,69,70,70,68,68,55,55,54,54,18,82,82,82,69,52],"gold":149,"neow_bonus":"THREE_ENEMY_KILL","is_daily":false,"chose_seed":false,"campfire_upgraded":16,"win_rate":0.0,"timestamp":1607770818,"path_taken":["M","?","?","M","$","E","R","E","T","M","M","M","E","M","R","BOSS","M","?","?","?","M","E","R","?","T","$","R","M","R","E","R","BOSS","M","?","?","?","?","M","R","E","T","?","?","E","R","M","R","BOSS","R","$","E","BOSS"],"items_purchased_type":["Relic","Card","Relic","Potion","Card","Card"],"build_version":"2020-11-30","purchased_purges":0,"victory":true,"max_hp_per_floor":[75,75,75,75,75,75,75,75,75,75,75,75,75,75,75,75,75,75,75,75,75,75,82,82,82,82,82,82,82,82,82,82,82,82,82,82,82,82,82,82,82,82,82,82,82,82,82,82,82,82,82,82,82,82,82],"card_choices":[{"not_picked":["hermit:Feint","hermit:Dive","hermit:BodyArmor"],"picked":"SKIP","floor":1.0},{"not_picked":["hermit:Feint","hermit:Desperado"],"picked":"hermit:Quickdraw","floor":2.0},{"not_picked":["hermit:Feint","hermit:BodyArmor","hermit:Roulette"],"picked":"SKIP","floor":3.0},{"not_picked":["hermit:LuckOfTheDraw","hermit:WideOpen"],"picked":"hermit:PistolWhip","floor":4.0},{"not_picked":["hermit:Glare","hermit:Snipe","hermit:EternalForm"],"picked":"SKIP","floor":6.0},{"not_picked":["hermit:Glare","hermit:Snipe","hermit:EternalForm"],"picked":"SKIP","floor":6.0},{"not_picked":["hermit:Virtue","hermit:Feint"],"picked":"hermit:Enervate","floor":8.0},{"not_picked":["hermit:Glare","hermit:Misfire","hermit:Vantage"],"picked":"SKIP","floor":10.0},{"not_picked":["hermit:TrackingShot","hermit:Gestalt","hermit:Manifest"],"picked":"SKIP","floor":11.0},{"not_picked":["hermit:Feint","hermit:TakeAim","hermit:HighCaliber"],"picked":"SKIP","floor":12.0},{"not_picked":["hermit:ItchyTrigger","hermit:Snipe","hermit:Virtue"],"picked":"SKIP","floor":13.0},{"not_picked":["hermit:EyeOfTheStorm","hermit:CalledShot"],"picked":"hermit:Brawl+1","floor":14.0},{"not_picked":["hermit:FromBeyond","hermit:Roughhouse"],"picked":"hermit:RoundhouseKick","floor":16.0},{"not_picked":["ReplayTheSpireMod:IOU","hermit:ImpendingDoom"],"picked":"TheCursedMod:Dregs","floor":17.0},{"not_picked":["Voices","Delirium"],"picked":"Writhe","floor":17.0},{"not_picked":["Normality","Doubt"],"picked":"Spreading Infection","floor":17.0},{"not_picked":["hermit:CalledShot","hermit:Vantage","hermit:Quickdraw"],"picked":"SKIP","floor":18.0},{"not_picked":["hermit:Roulette","hermit:LoneWolf"],"picked":"hermit:Maintenance","floor":20.0},{"not_picked":["hermit:Shortfuse","hermit:EternalForm+1"],"picked":"hermit:Maintenance","floor":22.0},{"not_picked":["hermit:ShadowCloak+1","hermit:Snipe"],"picked":"hermit:CursedWeapon","floor":23.0},{"not_picked":["hermit:Grudge","hermit:Midnight","hermit:Feint"],"picked":"SKIP","floor":29.0},{"not_picked":["hermit:Headshot","hermit:FullyLoaded"],"picked":"hermit:Quickdraw","floor":31.0},{"not_picked":["hermit:Reprieve","hermit:Roughhouse"],"picked":"hermit:HeroicBravado","floor":33.0},{"not_picked":["hermit:TakeAim+1","hermit:Brawl+1"],"picked":"hermit:HighCaliber+1","floor":35.0},{"not_picked":["hermit:Desperado","hermit:Feint+1"],"picked":"hermit:TakeCover","floor":36.0},{"not_picked":["Sadistic Nature+1","PanicButton"],"picked":"ReplayTheSpireMod:Private Reserves","floor":37.0},{"not_picked":["hermit:Dive","hermit:ItchyTrigger+1","hermit:Combo+1"],"picked":"SKIP","floor":40.0},{"not_picked":["hermit:HeroicBravado","hermit:Combo+1"],"picked":"hermit:TakeCover+1","floor":42.0},{"not_picked":["hermit:Dive+1","hermit:ItchyTrigger+1","hermit:TakeAim+1"],"picked":"SKIP","floor":44.0},{"not_picked":["hermit:ItchyTrigger+1","hermit:Ricochet+1","hermit:Dive"],"picked":"SKIP","floor":46.0},{"not_picked":["hermit:Glare","hermit:Determination+1"],"picked":"hermit:FlashPowder+1","floor":48.0},{"not_picked":["hermit:Dive+1","hermit:TakeCover+1","hermit:Manifest"],"picked":"SKIP","floor":54}],"player_experience":817683,"relics_obtained":[{"floor":6.0,"key":"Replay:Wax Seal"},{"floor":8.0,"key":"ReplayTheSpireMod:Shallot"},{"floor":9.0,"key":"Smiling Mask"},{"floor":13.0,"key":"Frozen Egg 2"},{"floor":23.0,"key":"Strawberry"},{"floor":26.0,"key":"ReplayTheSpireMod:TigerMarble"},{"floor":31.0,"key":"Bottled Tornado"},{"floor":42.0,"key":"Bag of Marbles"},{"floor":45.0,"key":"Ring of Misfortune"},{"floor":46.0,"key":"Dream Catcher"},{"floor":54,"key":"Centennial Puzzle"}],"event_choices":[{"cards_removed":["Spreading Infection","Writhe","TheCursedMod:Dregs"],"damage_healed":0.0,"max_hp_gain":0.0,"max_hp_loss":0.0,"gold_gain":0.0,"event_name":"Fountain of Cleansing","player_choice":"Removed Curses","floor":19.0,"gold_loss":0.0,"damage_taken":0.0},{"damage_healed":0.0,"max_hp_gain":0.0,"max_hp_loss":0.0,"gold_gain":0.0,"event_name":"Upgrade Shrine","player_choice":"Upgraded","floor":25.0,"gold_loss":0.0,"damage_taken":0.0,"cards_upgraded":["hermit:CursedWeapon"]},{"damage_healed":0.0,"max_hp_gain":0.0,"max_hp_loss":0.0,"gold_gain":0.0,"event_name":"SensoryStone","player_choice":"Memory 1","floor":37.0,"gold_loss":0.0,"damage_taken":0.0},{"damage_healed":0.0,"max_hp_gain":0.0,"max_hp_loss":0.0,"gold_gain":0.0,"event_name":"Winding Halls","player_choice":"Embrace Madness","floor":38.0,"gold_loss":0.0,"damage_taken":10.0,"cards_obtained":["Madness","Madness"]},{"cards_removed":["hermit:ShadowCloak"],"damage_healed":0.0,"max_hp_gain":0.0,"max_hp_loss":0.0,"gold_gain":0.0,"event_name":"Falling","player_choice":"Removed Power","floor":39.0,"gold_loss":0.0,"damage_taken":0.0}],"is_beta":false,"boss_relics":[{"not_picked":["Astrolabe","Replay:Bronze Core"],"picked":"Replay:Ancient Bell"},{"not_picked":["MawBank","DemoMod:Metronome"],"picked":"Akabeko"},{"not_picked":["Meat on the Bone","HornCleat"],"picked":"Replay:WaspNest"},{"not_picked":["DemoMod:SevenLeafClover","DemoMod:SuperHotWatch"],"picked":"hermit:CharredGlove"},{"not_picked":["Painkiller Herb","SacredBark"],"picked":"Runic Pyramid"}],"items_purged_floors":[],"is_endless":false,"potions_floor_spawned":[1,6,8,10,18,20,29,33,36,40,46],"ascension_level":0}}