{"host":"zksvs3x2ysy9npnz","time":1607734699,"event":{"mods":["Aspiration","BaseMod","Beaked The Cultist","BetterRewards","Colored Map","Conspire","Duelist Mod","Halation","Highlight Path","Hubris","Infinite Spire","Jedi Mod","Minty Spire (QoL Compilation)","Permanent Neow","Quick Restart","Relic Stats","Replay The Spire","Retaliation","Shop Mod","StSLib"],"gold_per_floor":[142,84,103,121,121,151,151,179,205,205,221,221,233,253,253,329,329,343,343,355,355,355,355,386,386,386,403,413,413,413,465,465,538,538,554,566,566,566,566],"floor_reached":38,"playtime":2014,"items_purged":["theDuelist:Sparks"],"score":772,"play_id":"a0c0f6c9-1943-4200-a758-cc90c2c015ce","local_time":"20201212015819","is_ascension_mode":true,"campfire_choices":[{"data":"theDuelist:InfernoFireBlast+2","floor":7,"key":"SMITH"},{"data":"theDuelist:InfernoFireBlast+3","floor":12,"key":"SMITH"},{"data":"theDuelist:SafeZone","floor":15,"key":"SMITH"},{"floor":23,"key":"REST"},{"data":"theDuelist:SafeZone+1","floor":25,"key":"SMITH"},{"data":"theDuelist:WaterDragon","floor":30,"key":"SMITH"},{"data":"theDuelist:Mountain","floor":32,"key":"SMITH"}],"circlet_count":0,"master_deck":["theDuelist:BabyDragon","theDuelist:CastleWalls","theDuelist:CastleWalls","theDuelist:DarkMagician","AscendersBane","theDuelist:MysticalElf","theDuelist:YamataDragon","theDuelist:Mountain+1","theDuelist:InfernoFireBlast+4","theDuelist:CyberDragonNachster","theDuelist:BlackStego","theDuelist:WaterDragon+1","theDuelist:CaveDragon","infinitespire:Fortify","Bite","Bite","Bite","Bite","Bite","theDuelist:HazyFlameHydra","hubris:DuctTapeCard","theDuelist:MegafleetDragon+1","theDuelist:SliferSky+1","theDuelist:Mudora","theDuelist:BigKoala+1"],"relics":["theDuelist:MillenniumPuzzle","theDuelist:CardPoolRelic","theDuelist:CardPoolBasicRelic","theDuelist:BoosterPackPoolRelic","theDuelist:CardPoolAddRelic","theDuelist:CardPoolMinusRelic","theDuelist:CardPoolSaveRelic","theDuelist:CardPoolOptionsRelic","NeowsBlessing","hubris:Reverence","halation:VictoryRuler","theDuelist:ResummonBranch","infinitespire:Lucky Rock","aspiration:FutureDiary","Tough Bandages","Ancient Tea Set","Darkstone Periapt","hubris:DuctTape","Lantern","Replay:Drink Me","halation:Toothbrush"],"acts_visited":["Exordium","TheCity","TheBeyond"],"potions_floor_usage":[18,28,33,36],"damage_taken":[{"damage":0,"enemies":"Small Slimes","floor":1,"turns":1},{"damage":0,"enemies":"Cultist","floor":3,"turns":1},{"damage":0,"enemies":"Jaw Worm","floor":4,"turns":1},{"damage":4,"enemies":"Gremlin Nob","floor":6,"turns":4},{"damage":9,"enemies":"3 Sentries","floor":8,"turns":5},{"damage":0,"enemies":"Looter","floor":11,"turns":2},{"damage":4,"enemies":"Large Slime","floor":13,"turns":4},{"damage":0,"enemies":"Blue Slaver","floor":14,"turns":3},{"damage":55,"enemies":"Hexaghost","floor":16,"turns":15},{"damage":24,"enemies":"3 Byrds","floor":18,"turns":5},{"damage":11,"enemies":"Spheric Guardian","floor":20,"turns":4},{"damage":18,"enemies":"Book of Stabbing","floor":24,"turns":8},{"damage":0,"enemies":"Centurion and Healer","floor":27,"turns":9},{"damage":18,"enemies":"Snake Plant","floor":28,"turns":3},{"damage":39,"enemies":"Collector","floor":33,"turns":7},{"damage":22,"enemies":"3 Darklings","floor":35,"turns":5},{"damage":30,"enemies":"Orb Walker","floor":36,"turns":6},{"damage":13,"enemies":"3 Darklings","floor":38,"turns":4}],"seed_played":"-7273716625265443517","potions_obtained":[{"floor":1,"key":"Weak Potion"},{"floor":13,"key":"FairyPotion"},{"floor":14,"key":"jedi:mysterypotion"},{"floor":16,"key":"theDuelist:BurningPotion"},{"floor":20,"key":"theDuelist:WaterBottle"},{"floor":24,"key":"Fire Potion"},{"floor":28,"key":"theDuelist:DestructPotionPot"},{"floor":36,"key":"theDuelist:SolderPotionB"}],"is_trial":false,"path_per_floor":["M","?","M","M","?","E","R","E","T","?","M","R","M","M","R","B",null,"M","AVR","M","?","?","R","E","R","T","M","M","?","R","T","R","B",null,"M","M","?","M"],"character_chosen":"THE_DUELIST","items_purchased":[],"campfire_rested":1,"item_purchase_floors":[],"current_hp_per_floor":[63,63,63,63,63,59,59,50,50,50,50,50,46,46,46,13,56,32,32,21,21,21,35,21,21,21,43,29,29,29,29,29,10,35,23,1,1,0,0],"gold":566,"neow_bonus":"THREE_ENEMY_KILL","is_daily":false,"chose_seed":false,"campfire_upgraded":6,"win_rate":0.0,"timestamp":1607734699,"path_taken":["M","?","M","?","?","E","R","E","T","?","M","R","M","M","R","BOSS","M","AVR","M","?","?","R","E","R","T","M","M","?","R","?","R","BOSS","M","M","?","M"],"items_purchased_type":[],"build_version":"2020-11-30","purchased_purges":1,"victory":false,"max_hp_per_floor":[70,70,70,70,70,70,70,70,70,70,70,70,70,70,70,70,70,70,70,70,49,49,49,49,49,49,49,49,49,49,49,49,57,43,43,43,43,43,43],"relic_stats":{"Darkstone Periapt":0,"Tough Bandages":[0],"counters":[18,87],"obtain_stats":[{"Darkstone Periapt":24,"theDuelist:ResummonBranch":8,"Lantern":31,"NeowsBlessing":0,"hubris:DuctTape":26,"theDuelist:MillenniumPuzzle":0,"theDuelist:CardPoolSaveRelic":0,"infinitespire:Lucky Rock":9,"Ancient Tea Set":22,"theDuelist:BoosterPackPoolRelic":0,"theDuelist:CardPoolMinusRelic":0,"Tough Bandages":19,"theDuelist:CardPoolBasicRelic":0,"halation:VictoryRuler":6,"theDuelist:CardPoolAddRelic":0,"halation:Toothbrush":37,"theDuelist:CardPoolOptionsRelic":0,"aspiration:FutureDiary":17,"Replay:Drink Me":34,"theDuelist:CardPoolRelic":0,"hubris:Reverence":2},{"Darkstone Periapt":12,"theDuelist:ResummonBranch":5,"Lantern":14,"NeowsBlessing":0,"hubris:DuctTape":12,"theDuelist:MillenniumPuzzle":0,"theDuelist:CardPoolSaveRelic":0,"infinitespire:Lucky Rock":5,"Ancient Tea Set":11,"theDuelist:BoosterPackPoolRelic":0,"theDuelist:CardPoolMinusRelic":0,"Tough Bandages":10,"theDuelist:CardPoolBasicRelic":0,"halation:VictoryRuler":4,"theDuelist:CardPoolAddRelic":0,"halation:Toothbrush":17,"theDuelist:CardPoolOptionsRelic":0,"aspiration:FutureDiary":9,"Replay:Drink Me":15,"theDuelist:CardPoolRelic":0,"hubris:Reverence":1},{"Darkstone Periapt":53,"theDuelist:ResummonBranch":12,"Lantern":65,"NeowsBlessing":0,"hubris:DuctTape":53,"theDuelist:MillenniumPuzzle":0,"theDuelist:CardPoolSaveRelic":0,"infinitespire:Lucky Rock":12,"Ancient Tea Set":45,"theDuelist:BoosterPackPoolRelic":0,"theDuelist:CardPoolMinusRelic":0,"Tough Bandages":41,"theDuelist:CardPoolBasicRelic":0,"halation:VictoryRuler":7,"theDuelist:CardPoolAddRelic":0,"halation:Toothbrush":83,"theDuelist:CardPoolOptionsRelic":0,"aspiration:FutureDiary":36,"Replay:Drink Me":72,"theDuelist:CardPoolRelic":0,"hubris:Reverence":1}]},"card_choices":[{"not_picked":["theDuelist:StampingDestruction","theDuelist:CyberRevsystem","theDuelist:DragonRavine","theDuelist:UltraEvolutionPill"],"picked":"theDuelist:Mountain","floor":1},{"not_picked":["theDuelist:ApprenticeIllusionMagician","theDuelist:FireDarts","theDuelist:DragonShield+1","theDuelist:TyrantWing"],"picked":"theDuelist:InfernoFireBlast+1","floor":3},{"not_picked":["theDuelist:TrihornedDragon","theDuelist:DarkDriceratops","theDuelist:BlackBrutdrago","theDuelist:DreadnoughtDreadnoid"],"picked":"theDuelist:EvilMind","floor":4},{"not_picked":["theDuelist:InfernoFireBlast+2"],"picked":"SKIP","floor":6},{"not_picked":["theDuelist:AltarTribute","theDuelist:StarlightRoad","theDuelist:ScrapIronScarecrow","theDuelist:DefenseDraw"],"picked":"theDuelist:SafeZone","floor":8},{"not_picked":["theDuelist:Pyrorex","theDuelist:Freezadon","theDuelist:DefenseZone","theDuelist:FlyingSaucer"],"picked":"theDuelist:CyberDragonNachster","floor":11},{"not_picked":["theDuelist:SangaThunder","theDuelist:NeoMagic","theDuelist:Earthquake","theDuelist:Pyrorex"],"picked":"theDuelist:BlackStego","floor":13},{"not_picked":["theDuelist:SangaThunder","theDuelist:ExodiaRL","theDuelist:CurseDragon","theDuelist:LegendaryFlameLord"],"picked":"theDuelist:AncientElf","floor":14},{"not_picked":["theDuelist:SwordsBurning","theDuelist:SliferSky","theDuelist:DoomkaiserDragon","theDuelist:ArmedProtectorDragon"],"picked":"theDuelist:WaterDragon","floor":16},{"not_picked":["theDuelist:MirageDragon","theDuelist:BlackBrutdrago","theDuelist:LavaDragon","theDuelist:Sabersaurus"],"picked":"theDuelist:CaveDragon","floor":18},{"not_picked":["theDuelist:NeoMagic","theDuelist:Beatraptor","theDuelist:TornadoDragon","theDuelist:BusterDrake","theDuelist:SauropodBrachion"],"picked":"SKIP","floor":20},{"not_picked":["theDuelist:MaskedDragon","theDuelist:DarkHorus","theDuelist:WhiteMagicalHat","theDuelist:GoldSarcophagus"],"picked":"theDuelist:HazyFlameHydra","floor":24},{"not_picked":["theDuelist:ArmedDragon5+1","theDuelist:ExploderDragon","theDuelist:DarkMagician","theDuelist:BerserkerSoul"],"picked":"theDuelist:MegafleetDragon+1","floor":27},{"not_picked":["theDuelist:FairyBox","theDuelist:StarlightRoad","theDuelist:ScrapIronScarecrow","theDuelist:SafeZone","theDuelist:DefenseDraw"],"picked":"SKIP","floor":28},{"not_picked":["theDuelist:CyberDragonInfinity","theDuelist:BlasterDragonInfernos","theDuelist:BSkullDragon","theDuelist:GravityLash"],"picked":"theDuelist:SliferSky+1","floor":33},{"not_picked":["theDuelist:EvilswarmHeliotrope+1","theDuelist:Kuriboh","theDuelist:RainbowGravity","theDuelist:EarthEffigy+1"],"picked":"theDuelist:Mudora","floor":35},{"not_picked":["theDuelist:EarthquakeGiant","theDuelist:GiantTrapHole","theDuelist:WeepingIdol","theDuelist:Mausoleum"],"picked":"theDuelist:BigKoala+1","floor":36}],"player_experience":1165290,"relics_obtained":[{"floor":6,"key":"halation:VictoryRuler"},{"floor":8,"key":"theDuelist:ResummonBranch"},{"floor":9,"key":"infinitespire:Lucky Rock"},{"floor":22,"key":"Ancient Tea Set"},{"floor":24,"key":"Darkstone Periapt"},{"floor":26,"key":"hubris:DuctTape"},{"floor":31,"key":"Lantern"}],"event_choices":[{"damage_healed":0,"gold_gain":0,"player_choice":"Paid Gold","damage_taken":0,"relics_obtained":["hubris:Reverence"],"max_hp_gain":0,"max_hp_loss":0,"event_name":"WeMeetAgain","floor":2,"gold_loss":58},{"damage_healed":0,"gold_gain":0,"player_choice":"Ignored","damage_taken":0,"max_hp_gain":0,"max_hp_loss":0,"event_name":"Golden Idol","floor":10,"gold_loss":0},{"damage_healed":0,"gold_gain":0,"player_choice":"Became a vampire","damage_taken":0,"max_hp_gain":0,"max_hp_loss":21,"event_name":"Vampires","floor":21,"gold_loss":0,"cards_obtained":["Bite","Bite","Bite","Bite","Bite"]},{"damage_healed":0,"gold_gain":0,"player_choice":"Leave","duelist":true,"damage_taken":0,"max_hp_gain":0,"max_hp_loss":0,"event_name":"Millennium Items","floor":29,"gold_loss":0}],"is_beta":false,"boss_relics":[{"not_picked":["Replay:Wanted Poster","jedi:battlestandard"],"picked":"aspiration:FutureDiary"},{"not_picked":["hubris:Stopwatch","Black Star"],"picked":"Replay:Drink Me"}],"items_purged_floors":[19],"is_endless":false,"potions_floor_spawned":[1,13,14,16,20,24,28,36],"killed_by":"3 Darklings","ascension_level":17}}