{"host":"6p0attdrtjqaih7v","time":1607773705,"event":{"mods":["2.2 Compatiblity","AchievementEnabler","Bard","BaseMod","Better Skull","Better Third Choice","Colored Powertips","Hermit","Highlight Path","Jorbs\u0027s Wanderer Trilogy","Key Reminder","Minty Spire (QoL Compilation)","Permanent Neow","Quick Restart","Random Character Button","Relic Stats","Replay The Spire","StSLib","The Construct"],"gold_per_floor":[126,144,169,7,31,77,77,77,77,106,126,126,150,150,150,171,171],"floor_reached":16,"playtime":801,"items_purged":["construct:Strike_Gold"],"score":207,"play_id":"9c4e3c17-7009-4cdf-a1bb-dac33fca84a7","local_time":"20201212064825","is_ascension_mode":true,"campfire_choices":[{"data":"construct:ScopeCore","floor":7,"key":"SMITH"},{"floor":12,"key":"REST"},{"data":"construct:HeavyBolt+1","floor":15,"key":"SMITH"}],"circlet_count":0,"master_deck":["AscendersBane","construct:Strike_Gold","construct:Strike_Gold","construct:Strike_Gold","construct:Strike_Gold","construct:Defend_Gold","construct:Defend_Gold","construct:Defend_Gold","construct:Defend_Gold","construct:Defend_Gold","construct:AttackMode","construct:DefenseMode","construct:Tumble","construct:HeavyBolt+2","construct:SyphonStrike","construct:ScopeCore+1","construct:ClusterMines","construct:Forcefield","construct:BatteryAcid"],"relics":["construct:ClockworkPhoenix","Replay:Bandana","Counterbalance","Golden Egg","InkBottle"],"acts_visited":["Exordium"],"potions_floor_usage":[3,6,10,13,16],"damage_taken":[{"damage":5,"enemies":"Small Slimes","floor":1,"turns":6},{"damage":0,"enemies":"2 Louse","floor":2,"turns":4},{"damage":1,"enemies":"Cultist","floor":3,"turns":5},{"damage":9,"enemies":"2 Fungi Beasts","floor":5,"turns":4},{"damage":32,"enemies":"Gremlin Nob","floor":6,"turns":4},{"damage":30,"enemies":"Lagavulin","floor":10,"turns":6},{"damage":0,"enemies":"Blue Slaver","floor":11,"turns":8},{"damage":5,"enemies":"Gremlin Gang","floor":13,"turns":5},{"damage":30,"enemies":"The Guardian","floor":16,"turns":13}],"seed_played":"977358022699636760","potions_obtained":[{"floor":2,"key":"Strength Potion"},{"floor":6,"key":"LiquidMemories"},{"floor":10,"key":"AttackPotion"},{"floor":11,"key":"LiquidBronze"}],"is_trial":false,"path_per_floor":["M","M","M","$","M","E","R","?","T","E","M","R","M","?","R","B"],"character_chosen":"THE_CONSTRUCT_MOD","items_purchased":["Regen Potion"],"campfire_rested":1,"item_purchase_floors":[4],"current_hp_per_floor":[67,67,66,66,57,37,37,37,37,7,7,31,26,26,26,0,0],"gold":171,"neow_bonus":"RANDOM_COMMON_RELIC","is_daily":false,"chose_seed":false,"campfire_upgraded":2,"win_rate":0.0,"timestamp":1607773705,"path_taken":["M","M","M","$","M","E","R","?","T","E","M","R","M","?","R","BOSS"],"items_purchased_type":["Potion"],"build_version":"2020-11-30","purchased_purges":1,"victory":false,"max_hp_per_floor":[80,80,80,80,80,80,80,80,80,80,80,80,80,80,80,80,80],"relic_stats":{"counters":[9,55],"obtain_stats":[{"Golden Egg":9,"Replay:Bandana":0,"Counterbalance":6,"construct:ClockworkPhoenix":0,"InkBottle":10},{"Golden Egg":5,"Replay:Bandana":0,"Counterbalance":5,"construct:ClockworkPhoenix":0,"InkBottle":6},{"Golden Egg":23,"Replay:Bandana":0,"Counterbalance":23,"construct:ClockworkPhoenix":0,"InkBottle":29}],"InkBottle":[8]},"card_choices":[{"not_picked":["construct:Backfire","construct:Implosion"],"picked":"construct:Tumble","floor":1},{"not_picked":["construct:FlammableFog","construct:ScrapCannon"],"picked":"construct:HeavyBolt","floor":2},{"not_picked":["construct:OilSpill","construct:Impenetrable"],"picked":"construct:SyphonStrike","floor":3},{"not_picked":["construct:OmegaCannon","construct:CriticalHit"],"picked":"construct:ScopeCore","floor":5},{"not_picked":["construct:Failsafe","construct:HyperBeam","construct:ScrapCannon"],"picked":"SKIP","floor":6},{"not_picked":["construct:ElectricArmor","construct:FlammableFog"],"picked":"construct:ClusterMines","floor":10},{"not_picked":["construct:PhosphorStorm","construct:ReactiveShield"],"picked":"construct:Forcefield","floor":11},{"not_picked":["construct:ShiftStrike","construct:PhosphorStorm"],"picked":"construct:BatteryAcid","floor":13}],"player_experience":829560,"relics_obtained":[{"floor":6,"key":"Counterbalance"},{"floor":9,"key":"Golden Egg"},{"floor":10,"key":"InkBottle"}],"event_choices":[],"is_beta":false,"boss_relics":[],"items_purged_floors":[4],"is_endless":false,"potions_floor_spawned":[2,6,10,11],"killed_by":"The Guardian","ascension_level":17}}