{"host":"xcuflocadasoaqda","time":1607806376,"event":{"mods":["BaseMod","Filter the Spire","Minty Spire (QoL Compilation)","Relic Stats"],"gold_per_floor":[109,109,127,107,119,119,44,60,83,98,44,57,57,87,87,164,164,179,79,129,145,145,145,159,209,209,229,45,75,75,87,87,165,165,183,195,38,38,55,82,82,82,82,93,124,124,136,147,147,147,147],"floor_reached":50,"playtime":4510,"items_purged":["Envenom","Envenom","Infinite Blades"],"score":1148,"play_id":"309469ab-0acb-4144-ab86-621bd64055a9","local_time":"20201212145256","is_ascension_mode":true,"campfire_choices":[{"floor":6.0,"key":"REST"},{"floor":13.0,"key":"REST"},{"data":"Grand Finale","floor":15.0,"key":"SMITH"},{"floor":23.0,"key":"REST"},{"data":"Acrobatics","floor":30.0,"key":"SMITH"},{"floor":32.0,"key":"REST"},{"floor":46,"key":"RECALL"},{"floor":49,"key":"REST"}],"circlet_count":0,"master_deck":["AscendersBane","Survivor","Neutralize","Grand Finale+1","Well Laid Plans","Calculated Gamble","Sucker Punch","Noxious Fumes","Acrobatics","Dodge and Roll","Calculated Gamble","Terror","PiercingWail","Doppelganger","Cloak And Dagger","Dagger Throw","Clumsy","Acrobatics+1","Prepared","Malaise","Dash","Wraith Form v2","Prepared+1"],"relics":["Pandora\u0027s Box","Happy Flower","Art of War","Cursed Key","Tiny Chest","HoveringKite","Membership Card","Snake Skull","Akabeko"],"acts_visited":["Exordium","TheCity","TheBeyond"],"potions_floor_usage":[],"damage_taken":[{"damage":5.0,"enemies":"2 Louse","floor":1.0,"turns":3.0},{"damage":21.0,"enemies":"Small Slimes","floor":3.0,"turns":3.0},{"damage":16.0,"enemies":"Cultist","floor":5.0,"turns":5.0},{"damage":20.0,"enemies":"3 Louse","floor":8.0,"turns":4.0},{"damage":6.0,"enemies":"2 Fungi Beasts","floor":10.0,"turns":3.0},{"damage":9.0,"enemies":"Large Slime","floor":12.0,"turns":3.0},{"damage":11.0,"enemies":"Lagavulin","floor":14.0,"turns":4.0},{"damage":8.0,"enemies":"Hexaghost","floor":16.0,"turns":5.0},{"damage":21.0,"enemies":"Shell Parasite","floor":18.0,"turns":5.0},{"damage":17.0,"enemies":"Chosen","floor":21.0,"turns":5.0},{"damage":8.0,"enemies":"Snake Plant","floor":24.0,"turns":3.0},{"damage":0.0,"enemies":"Centurion and Healer","floor":27.0,"turns":5.0},{"damage":3.0,"enemies":"Gremlin Leader","floor":29.0,"turns":5.0},{"damage":0.0,"enemies":"3 Cultists","floor":31.0,"turns":2.0},{"damage":0.0,"enemies":"Collector","floor":33.0,"turns":4.0},{"damage":12.0,"enemies":"3 Shapes","floor":35.0,"turns":13.0},{"damage":14.0,"enemies":"Orb Walker","floor":36.0,"turns":5.0},{"damage":1.0,"enemies":"Writhing Mass","floor":39.0,"turns":4.0},{"damage":8.0,"enemies":"Reptomancer","floor":40.0,"turns":4.0},{"damage":1,"enemies":"Transient","floor":44,"turns":6},{"damage":12,"enemies":"Nemesis","floor":45,"turns":5},{"damage":6,"enemies":"Jaw Worm Horde","floor":47,"turns":3},{"damage":2,"enemies":"Spire Growth","floor":48,"turns":4},{"damage":39,"enemies":"Donu and Deca","floor":50,"turns":4}],"seed_played":"9132189349888115560","potions_obtained":[{"floor":3.0,"key":"EssenceOfSteel"},{"floor":4.0,"key":"Dexterity Potion"},{"floor":27.0,"key":"AttackPotion"},{"floor":29.0,"key":"SteroidPotion"},{"floor":33.0,"key":"Swift Potion"},{"floor":45,"key":"Dexterity Potion"}],"is_trial":false,"path_per_floor":["M","?","M","?","M","R","$","M","T","M","$","M","R","E","R","B",null,"M","$","?","M","?","R","M","?","T","M","$","E","R","M","R","B",null,"M","M","$","?","M","E","T","?","T","M","E","R","M","M","R","B"],"character_chosen":"THE_SILENT","items_purchased":["Swift Potion","Prepared","Membership Card"],"campfire_rested":5,"item_purchase_floors":[11,28,37],"current_hp_per_floor":[54,59,38,38,22,43,43,23,23,17,17,8,29,18,18,10,56,35,35,35,18,18,39,31,31,31,31,31,28,28,28,49,49,66,54,40,40,40,39,31,31,31,31,30,18,18,12,10,30,0,0],"gold":147,"neow_bonus":"BOSS_RELIC","is_daily":false,"chose_seed":false,"campfire_upgraded":2,"win_rate":0.0,"timestamp":1607806376,"path_taken":["M","?","M","?","M","R","$","M","T","?","$","M","R","E","R","BOSS","M","$","?","M","?","R","M","?","T","M","$","E","R","?","R","BOSS","M","M","$","?","?","E","?","?","T","M","E","R","?","M","R","BOSS"],"items_purchased_type":["Potion","Card","Relic"],"build_version":"2020-11-30","purchased_purges":3,"victory":false,"max_hp_per_floor":[66,71,71,71,71,71,71,71,71,71,71,71,71,71,71,71,71,71,71,71,71,71,71,71,71,71,71,71,71,71,71,71,71,71,71,71,71,71,71,71,71,67,67,67,67,67,67,67,67,67,67],"relic_stats":{"Happy Flower":[30],"counters":[24,107],"HoveringKite":[38],"Pandora\u0027s Box":["Grand Finale","Well Laid Plans","Envenom","Calculated Gamble","Bullet Time","Sucker Punch","Caltrops","Envenom","Infinite Blades","Noxious Fumes"],"Tiny Chest":1,"Snake Skull":[10],"Art of War":[19],"Cursed Key":1,"obtain_stats":[{"Happy Flower":9,"HoveringKite":34,"Pandora\u0027s Box":0,"Tiny Chest":29,"Snake Skull":40,"Art of War":14,"Membership Card":37,"Cursed Key":17,"Akabeko":45,"Ring of the Snake":0},{"Happy Flower":4,"HoveringKite":15,"Pandora\u0027s Box":0,"Tiny Chest":13,"Snake Skull":19,"Art of War":7,"Membership Card":17,"Cursed Key":8,"Akabeko":21,"Ring of the Snake":0},{"Happy Flower":15,"HoveringKite":59,"Pandora\u0027s Box":0,"Tiny Chest":53,"Snake Skull":85,"Art of War":25,"Membership Card":77,"Cursed Key":30,"Akabeko":96,"Ring of the Snake":0}]},"card_choices":[{"not_picked":["Sucker Punch","Backstab"],"picked":"Acrobatics","floor":1.0},{"not_picked":["Outmaneuver","Well Laid Plans","Slice"],"picked":"SKIP","floor":3.0},{"not_picked":["Outmaneuver","Well Laid Plans","Slice"],"picked":"SKIP","floor":3.0},{"not_picked":["Poisoned Stab","Cloak And Dagger","Endless Agony"],"picked":"SKIP","floor":5.0},{"not_picked":["Deadly Poison","Bane"],"picked":"Dodge and Roll","floor":8.0},{"not_picked":["Poisoned Stab","Bane"],"picked":"Calculated Gamble","floor":10.0},{"not_picked":["Concentrate","Deadly Poison"],"picked":"Terror","floor":12.0},{"not_picked":["Glass Knife","Bouncing Flask","Crippling Poison"],"picked":"SKIP","floor":14.0},{"not_picked":["Slice","Crippling Poison"],"picked":"PiercingWail","floor":18.0},{"not_picked":["Deflect","Underhanded Strike","Dodge and Roll"],"picked":"SKIP","floor":21.0},{"not_picked":["Dagger Spray+1","Expertise"],"picked":"Dagger Throw","floor":24.0},{"not_picked":["Poisoned Stab","Blur"],"picked":"Acrobatics","floor":27.0},{"not_picked":["Deflect","Outmaneuver","Calculated Gamble"],"picked":"SKIP","floor":29.0},{"not_picked":["Dash","Night Terror","Backstab"],"picked":"SKIP","floor":31.0},{"not_picked":["Die Die Die","Unload"],"picked":"Malaise","floor":33.0},{"not_picked":["Acrobatics","Quick Slash+1","Dodge and Roll"],"picked":"SKIP","floor":35.0},{"not_picked":["Blade Dance","Dodge and Roll","Deadly Poison+1"],"picked":"SKIP","floor":36.0},{"not_picked":["Crippling Poison","Dodge and Roll+1","Sucker Punch"],"picked":"SKIP","floor":39.0},{"not_picked":["Crippling Poison","Dodge and Roll+1","Sucker Punch"],"picked":"SKIP","floor":39.0},{"not_picked":["Blade Dance+1","Catalyst+1"],"picked":"Wraith Form v2","floor":40.0},{"not_picked":["Cloak And Dagger","Masterful Stab","Sucker Punch+1"],"picked":"SKIP","floor":44},{"not_picked":["Dagger Spray","Masterful Stab","Infinite Blades"],"picked":"SKIP","floor":45},{"not_picked":["Backstab+1","Dagger Throw"],"picked":"Prepared+1","floor":47},{"not_picked":["Dagger Spray","Dagger Throw","Flying Knee"],"picked":"SKIP","floor":48}],"player_experience":1706360,"relics_obtained":[{"floor":9.0,"key":"Happy Flower"},{"floor":14.0,"key":"Art of War"},{"floor":29.0,"key":"Tiny Chest"},{"floor":40.0,"key":"Snake Skull"},{"floor":45,"key":"Akabeko"}],"event_choices":[{"damage_healed":0.0,"max_hp_gain":5.0,"max_hp_loss":0.0,"gold_gain":0.0,"event_name":"Big Fish","player_choice":"Donut","floor":2.0,"gold_loss":0.0,"damage_taken":0.0},{"damage_healed":0.0,"max_hp_gain":0.0,"max_hp_loss":0.0,"gold_gain":0.0,"event_name":"The Woman in Blue","player_choice":"Bought 1 Potion","floor":4.0,"gold_loss":0.0,"damage_taken":0.0},{"damage_healed":0.0,"max_hp_gain":0.0,"max_hp_loss":0.0,"gold_gain":50.0,"event_name":"Nest","player_choice":"Stole From Cult","floor":20.0,"gold_loss":0.0,"damage_taken":0.0},{"damage_healed":0.0,"max_hp_gain":0.0,"max_hp_loss":0.0,"gold_gain":0.0,"cards_transformed":["Caltrops","Bullet Time"],"event_name":"Drug Dealer","player_choice":"Became Test Subject","floor":22.0,"gold_loss":0.0,"damage_taken":0.0,"cards_obtained":["Doppelganger","Cloak And Dagger"]},{"damage_healed":0.0,"max_hp_gain":0.0,"max_hp_loss":0.0,"gold_gain":50.0,"event_name":"Golden Shrine","player_choice":"Pray","floor":25.0,"gold_loss":0.0,"damage_taken":0.0},{"damage_healed":0.0,"max_hp_gain":0.0,"max_hp_loss":0.0,"gold_gain":0.0,"event_name":"Match and Keep!","player_choice":"1 cards matched","floor":38.0,"gold_loss":0.0,"damage_taken":0.0,"cards_obtained":["Dash"]},{"damage_healed":0,"gold_gain":0,"player_choice":"Max HP","damage_taken":0,"max_hp_gain":0,"max_hp_loss":4,"event_name":"Winding Halls","floor":42,"gold_loss":0}],"is_beta":false,"boss_relics":[{"not_picked":["Runic Dome","Tiny House"],"picked":"Cursed Key"},{"not_picked":["Sozu","WristBlade"],"picked":"HoveringKite"}],"items_purged_floors":[7,19,28],"is_endless":false,"potions_floor_spawned":[3,5,14,18,27,29,33,36,39,45,48],"killed_by":"Donu and Deca","ascension_level":20}}