{"host":"rjmu5g8hpiele53d","time":1607813054,"event":{"mods":["2.2 Compatiblity","BaseMod","Downfall","GifTheSpireLib","Minty Spire (QoL Compilation)","StSLib"],"gold_per_floor":[99,114,125,125,141,141,141,27,47,47,63,63,48,59,79,175,175,25,40,40,54,54,54,54,85,17,17,31,44,62,73,83,83,83],"floor_reached":33,"playtime":2189,"items_purged":[],"score":288,"play_id":"84b56374-e800-4ba0-a461-b0e4dd32d56a","local_time":"20201212224414","is_ascension_mode":false,"campfire_choices":[{"data":"sneckomod:TailWhip","floor":1,"key":"SMITH"},{"data":"sneckomod:WideSting","floor":4,"key":"SMITH"},{"data":"sneckomod:IronFang","floor":6,"key":"SMITH"},{"floor":10,"key":"RECALL"},{"data":"sneckomod:SoulDraw","floor":18,"key":"SMITH"},{"data":"sneckomod:Unknown3Cost","floor":20,"key":"SMITH"},{"data":"sneckomod:QuickMove","floor":23,"key":"SMITH"},{"floor":27,"key":"REST"}],"circlet_count":0,"master_deck":["sneckomod:Strike","sneckomod:Strike","sneckomod:Strike","sneckomod:Defend","sneckomod:Defend","sneckomod:TailWhip+1","sneckomod:SnekBite+1","sneckomod:Unknown","sneckomod:Unknown","sneckomod:WideSting+1","sneckomod:Unknown2Cost","sneckomod:IronFang+1","sneckomod:QuickMove+1","sneckomod:SnakeSap","sneckomod:UnknownCommonSkill","sneckomod:SnakeSap","sneckomod:DefensiveFlair","sneckomod:SoulDraw+1","sneckomod:Unknown3Cost+1","sneckomod:UnknownStrike+1","sneckomod:QuickBite","sneckomod:UnknownClassGUARDIAN","sneckomod:DiceBoulder"],"relics":["sneckomod:SneckoSoul","Busted Crown","downfall:HeartBlessingBlue","downfall:HeartBlessingRed","Omamori","Dream Catcher"],"acts_visited":["Exordium","TheCity"],"potions_floor_usage":[3,16],"damage_taken":[{"damage":0,"enemies":"Cultist","floor":2,"turns":3},{"damage":0,"enemies":"Jaw Worm","floor":3,"turns":1},{"damage":3,"enemies":"Small Slimes","floor":5,"turns":3},{"damage":0,"enemies":"downfall:FleeingMerchant","floor":8,"turns":4},{"damage":3,"enemies":"Exordium Wildlife","floor":9,"turns":3},{"damage":2,"enemies":"2 Fungi Beasts","floor":11,"turns":3},{"damage":10,"enemies":"downfall:FleeingMerchant","floor":13,"turns":4},{"damage":22,"enemies":"Exordium Thugs","floor":14,"turns":5},{"damage":15,"enemies":"Gremlin Gang","floor":15,"turns":5},{"damage":17,"enemies":"downfall:CharBossWatcher","floor":16,"turns":7},{"damage":0,"enemies":"Spheric Guardian","floor":19,"turns":5},{"damage":16,"enemies":"Shelled Parasite and Fungi","floor":21,"turns":6},{"damage":32,"enemies":"Book of Stabbing","floor":25,"turns":4},{"damage":15,"enemies":"downfall:FleeingMerchant","floor":26,"turns":4},{"damage":20,"enemies":"Snake Plant","floor":28,"turns":3},{"damage":37,"enemies":"Chosen and Byrds","floor":29,"turns":6},{"damage":0,"enemies":"Centurion and Healer","floor":30,"turns":4},{"damage":29,"enemies":"Snake Plant","floor":31,"turns":4},{"damage":0,"enemies":"Chosen and Byrds","floor":32,"turns":3},{"damage":45,"enemies":"downfall:CharBossDefect","floor":33,"turns":4}],"seed_played":"9148896221540136278","potions_obtained":[{"floor":2,"key":"Explosive Potion"},{"floor":3,"key":"GamblersBrew"},{"floor":11,"key":"SteroidPotion"},{"floor":16,"key":"sneckomod:CheatPotion"},{"floor":28,"key":"Guardian:BlockOnCardUsePotion"},{"floor":29,"key":"FairyPotion"}],"is_trial":false,"path_per_floor":["R","M","M","R","M","R","T","$","M","R","M","?","$","M","M","B",null,"R","M","R","M","?","R","T","E","$","R","M","M","M","M","M","B"],"character_chosen":"THE_SNECKO","items_purchased":["sneckomod:QuickMove","sneckomod:SnakeSap","sneckomod:QuickBite"],"campfire_rested":1,"item_purchase_floors":[8,8,26],"current_hp_per_floor":[99,99,100,100,97,97,97,97,95,95,93,93,83,61,46,30,102,112,113,113,97,97,97,97,65,50,84,68,31,31,6,6,0,0],"gold":83,"neow_bonus":"TEN_PERCENT_HP_BONUS","is_daily":false,"chose_seed":false,"campfire_upgraded":6,"win_rate":0.0,"timestamp":1607813054,"path_taken":["R","M","M","R","M","R","T","$","M","R","M","?","?","M","M","BOSS","R","M","R","M","?","R","T","E","?","R","M","M","M","M","M","BOSS"],"items_purchased_type":["Card","Card","Card"],"build_version":"2020-11-30","purchased_purges":0,"victory":false,"max_hp_per_floor":[99,99,100,100,100,100,100,100,101,101,101,101,101,101,101,102,102,112,113,113,113,113,113,113,113,113,114,114,114,114,114,114,114,114],"card_choices":[{"not_picked":["sneckomod:UnknownCommonSkill","sneckomod:DiceCrush"],"picked":"sneckomod:WideSting","floor":2},{"not_picked":["sneckomod:ImprovisedGuard","sneckomod:Unknown1Cost"],"picked":"sneckomod:Unknown2Cost","floor":3},{"not_picked":["sneckomod:SnakeSap","sneckomod:SoulRoll"],"picked":"sneckomod:IronFang","floor":5},{"not_picked":["sneckomod:SoulRoll","sneckomod:Restock"],"picked":"sneckomod:UnknownCommonSkill","floor":9},{"not_picked":["sneckomod:UnknownVulnerable","sneckomod:UnknownUncommonPower"],"picked":"sneckomod:SnakeSap","floor":11},{"not_picked":["sneckomod:WideSting","sneckomod:Unknown1Cost"],"picked":"sneckomod:SoulDraw","floor":14},{"not_picked":["sneckomod:UnknownCommonAttack","sneckomod:UnknownVulnerable","sneckomod:SoulDraw"],"picked":"SKIP","floor":15},{"not_picked":["sneckomod:SoulExchange","sneckomod:Mudshield"],"picked":"sneckomod:Unknown3Cost","floor":16},{"not_picked":[],"picked":"sneckomod:UnknownStrike+1","floor":19},{"not_picked":["sneckomod:UnknownCommonAttack"],"picked":"SKIP","floor":21},{"not_picked":["sneckomod:UnknownCommonAttack+1"],"picked":"SKIP","floor":25},{"not_picked":[],"picked":"sneckomod:UnknownClassGUARDIAN","floor":27},{"not_picked":["sneckomod:UnknownStrike+1"],"picked":"SKIP","floor":28},{"not_picked":["sneckomod:Nope"],"picked":"SKIP","floor":29},{"not_picked":["sneckomod:DiceBlock"],"picked":"SKIP","floor":30},{"not_picked":[],"picked":"sneckomod:DiceBoulder","floor":31},{"not_picked":["sneckomod:ImprovisedAttack"],"picked":"SKIP","floor":32}],"player_experience":1525775,"relics_obtained":[{"floor":24,"key":"Omamori"},{"floor":25,"key":"Dream Catcher"}],"event_choices":[{"damage_healed":0,"gold_gain":0,"cards_transformed":["sneckomod:Defend"],"player_choice":"Transformed","damage_taken":0,"max_hp_gain":0,"max_hp_loss":0,"event_name":"Transmorgrifier","floor":12,"gold_loss":0,"cards_obtained":["sneckomod:DefensiveFlair"]},{"damage_healed":0,"gold_gain":0,"player_choice":"Upgraded","damage_taken":0,"max_hp_gain":0,"max_hp_loss":0,"event_name":"Upgrade Shrine","floor":22,"gold_loss":0,"cards_upgraded":["sneckomod:SnekBite"]}],"is_beta":false,"boss_relics":[{"not_picked":["Black Star","Cursed Key"],"picked":"Busted Crown"}],"items_purged_floors":[],"is_endless":false,"potions_floor_spawned":[2,3,11,16,28,29,32],"killed_by":"downfall:CharBossDefect","ascension_level":0}}