{"host":"s3g5dmvfnpdztvul","time":1607808621,"event":{"mods":["AchievementEnabler","AlwaysNeverKeys","Aspiration","BaseMod","Better Altar","Better Match","Better Note","Better Sensory Stone","Better Vampires","BetterRewards","CatGirl Mod","Challenge The Spire","Colored Map","Colored Powertips","Colorless Booster Pack","Conspire","Curses Come First","DeckTracker","Displayed Cursed Tome","Downfall","Energized Spire","Fiend Mod","Friendly Minions","GifTheSpireLib","Hubris","Hyrulean Relics","Infinite Spire","Ironclad Rager","Jedi Mod","Marisa????????","Marked Mod","Mimic Mod","Minty Spire (QoL Compilation)","Permanent Neow","Quick Restart","Railgun Mod","Random Character Button","Rare Cards Sparkle","Replay The Spire","SCP261 Mod","Shade Mod","Small Relic Pack","Spicy Shops","Spikes Relics","StSLib","Stuff the Spire","The Alterego","The Blue Laboratory","The Clintock","The Cursed","The Factory","The Jungle","The Necromancer","TheSwordswoman","Trackpad","Unceasing Turn Reminder","Virulent Crown","Waifu the Spire","Wandering Minibosses","vexMod"],"gold_per_floor":[111,50,60,60,73,104,104,121,121,139,139,139,229,194,194,299,299,316,316,331,142,142,142,173,173,196,196,60,93,93,93,182,287,287,307,307,326,342,357,392,392,392,431,610,637,2217,2217,2272,2272,2272,2272,2272,859,891,891],"floor_reached":56,"playtime":4764,"items_purged":[],"score":1638,"play_id":"0287d811-dd8c-4ddb-ae12-4e847301800c","local_time":"20201212163021","is_ascension_mode":true,"campfire_choices":[{"data":"TheCursedMod:HellfireBreathing","floor":7,"key":"SMITH"},{"floor":15,"key":"REST"},{"floor":23,"key":"REST"},{"data":"TheCursedMod:HellsGateOpen","floor":27,"key":"SMITH"},{"data":"TheCursedMod:AbyssShockwave","floor":30,"key":"SMITH"},{"floor":49,"key":"DIG"},{"floor":52,"key":"DIG"}],"circlet_count":0,"master_deck":["TheCursedMod:Strike_TheCursed","TheCursedMod:Strike_TheCursed","TheCursedMod:Strike_TheCursed","TheCursedMod:Strike_TheCursed","TheCursedMod:Defend_TheCursed","TheCursedMod:Defend_TheCursed","TheCursedMod:Defend_TheCursed+1","TheCursedMod:Defend_TheCursed","TheCursedMod:CursedWand","TheCursedMod:CleanUpWorkshop","TheCursedMod:Dregs","TheCursedMod:CursedSpellbook+1","Clumsy","TheCursedMod:HellfireBreathing+1","TheCursedMod:LuckyCharm","TheCursedMod:HellsGateOpen+1","TheCursedMod:SpitefulStrike","TheCursedMod:DemonSword","TheCursedMod:Obscuration","TheCursedMod:HellfireBreathing+1","Injury","TheCursedMod:SmokeScreen","Shame","TheCursedMod:DemonicPact","TheCursedMod:CursedAmulet+1","infinitespire:Collect","TheCursedMod:AbyssShockwave+1","Writhe","TheCursedMod:SpitefulStrike","TheCursedMod:DarkBarrier","TheCursedMod:AbyssShockwave","TheCursedMod:RapidMovement","TheCursedMod:CursedShiv","TheCursedMod:Obscuration","TheCursedMod:Neurasthenia","TheCursedMod:LuckyCharm+1","Madness","Madness","AscendersBane","TheCursedMod:NeowsMight","TheCursedMod:AbyssShockwave+1","TheCursedMod:FleshFromBone+1","TheCursedMod:AntiAging","TheCursedMod:HellfireBreathing","Shame","ReplayTheSpireMod:IOU","ReplayTheSpireMod:IOU","ReplayTheSpireMod:IOU","ReplayTheSpireMod:IOU","ReplayTheSpireMod:IOU","ReplayTheSpireMod:IOU","ReplayTheSpireMod:IOU","ReplayTheSpireMod:IOU","ReplayTheSpireMod:IOU","ReplayTheSpireMod:IOU","ReplayTheSpireMod:IOU","ReplayTheSpireMod:IOU","ReplayTheSpireMod:IOU","ReplayTheSpireMod:IOU","ReplayTheSpireMod:IOU","ReplayTheSpireMod:IOU","ReplayTheSpireMod:IOU","ReplayTheSpireMod:IOU","ReplayTheSpireMod:IOU","ReplayTheSpireMod:IOU","ReplayTheSpireMod:IOU","ReplayTheSpireMod:IOU","ReplayTheSpireMod:IOU","ReplayTheSpireMod:IOU","ReplayTheSpireMod:IOU","ReplayTheSpireMod:IOU","ReplayTheSpireMod:IOU","ReplayTheSpireMod:IOU","ReplayTheSpireMod:IOU","TheCursedMod:SpitefulStrike","jedi:forcepush","Master of Strategy","TheCursedMod:Mangle","TheCursedMod:Stretching+1","TheCursedMod:ForbiddenAlchemy","TheCursedMod:Hemoplague","TheCursedMod:CursedMace+1","TheCursedMod:StingEye","TheCursedMod:Mangle","TheCursedMod:PrepareRite","TheCursedMod:CircleOfCorruption","expansioncontent:Flail","Master of Strategy","TheCursedMod:CursedRelics","TheCursedMod:AbyssShockwave"],"relics":["TheCursedMod:BlackMagic101","NeowsBlessing","Replay:Mystery Machine","MealTicket","hubris:TinFlute","vexMod:HeadHunter","ReplayTheSpireMod:Shallot","Honey Jar","War Paint","Ice Cream","Snack Pack","hubris:HollowSoul","jedi:crownofsimplicity","trackpad:AdjectivePendant","hubris:Towel","hubris:TerracottaHorce","Replay:Multitool","TheCursedMod:SoulVessel","Unceasing Top","trackpad:Compendium","Strawberry","Replay:Wax Seal","hubris:FunFungus","HandDrill","aspiration:TomeofQuesting","BargainBundle","Sundial","wanderingMiniBosses:LockLocket","Eternal Feather","BrokenLever","hubris:SlimyHat","hubris:ToyBattleship","TheAbacus","hubris:EmptyBottle","jedi:gremlinknob","aspiration:Lifesprig","SpikesRelics:DaevaFist"],"acts_visited":[],"potions_floor_usage":[6,10,13,16,29,39,40,48,48,48,50,50,50,50,50,50,50,54,54,54,54,54,54,54,54,54,54,54,55,55,55],"damage_taken":[{"damage":0,"enemies":"Jaw Worm","floor":1,"turns":1},{"damage":0,"enemies":"Cultist","floor":3,"turns":1},{"damage":0,"enemies":"2 Louse","floor":5,"turns":1},{"damage":10,"enemies":"3 Sentries","floor":6,"turns":7},{"damage":0,"enemies":"Red Slaver","floor":8,"turns":4},{"damage":17,"enemies":"3 Louse","floor":10,"turns":4},{"damage":0,"enemies":"Blue Slaver","floor":13,"turns":7},{"damage":16,"enemies":"The Guardian","floor":16,"turns":10},{"damage":17,"enemies":"Shell Parasite","floor":18,"turns":5},{"damage":0,"enemies":"Chosen","floor":20,"turns":4},{"damage":6,"enemies":"conspire:SneckoGhost","floor":24,"turns":5},{"damage":1,"enemies":"3 Cultists","floor":29,"turns":3},{"damage":40,"enemies":"Collector","floor":33,"turns":9},{"damage":11,"enemies":"3 Shapes","floor":35,"turns":3},{"damage":4,"enemies":"Orb Walker","floor":37,"turns":3},{"damage":19,"enemies":"3 Darklings","floor":38,"turns":3},{"damage":10,"enemies":"Sphere and 2 Shapes","floor":39,"turns":3},{"damage":14,"enemies":"R_Hoarder","floor":40,"turns":5},{"damage":0,"enemies":"Writhing Mass","floor":43,"turns":4},{"damage":15,"enemies":"Writhing Mass","floor":44,"turns":8},{"damage":0,"enemies":"Nemesis","floor":45,"turns":3},{"damage":9,"enemies":"3 Darklings","floor":48,"turns":4},{"damage":9,"enemies":"Replay:Hell Engine","floor":50,"turns":12},{"damage":37,"enemies":"Shield and Spear","floor":54,"turns":4},{"damage":48,"enemies":"The Heart","floor":55,"turns":10}],"seed_played":"-1241854446064767619","potions_obtained":[{"floor":3,"key":"blueLaboratory:BottleOfRum"},{"floor":8,"key":"blueLaboratory:PolymorphPotion"},{"floor":10,"key":"SkillPotion"},{"floor":13,"key":"DuplicationPotion"},{"floor":18,"key":"Dexterity Potion"},{"floor":20,"key":"GamblersBrew"},{"floor":38,"key":"ColorlessPotion"},{"floor":39,"key":"PowerPotion"},{"floor":40,"key":"SCP261:GirlTearsPotion"},{"floor":45,"key":"Block Potion"}],"is_trial":false,"path_per_floor":["M","$","M","?","M","E","R","M","T","M","?","T","M","?","R","B",null,"M","?","M","$","?","R","E","AVR","T","R","$","M","R","?","R_BF","B",null,"M","?","M","M","M","E","?","?","MIM","M","E","$","T","M","R","B",null,"R","$","E","B",null],"character_chosen":"THE_CURSED","items_purchased":["Replay:Mystery Machine","Ice Cream","TheCursedMod:SmokeScreen","TheCursedMod:AbyssShockwave","trackpad:AdjectivePendant","Strawberry","Replay:Wax Seal","hubris:FunFungus","HandDrill","aspiration:TomeofQuesting","BargainBundle","TheCursedMod:SpitefulStrike","jedi:forcepush","Master of Strategy","TheCursedMod:Mangle","TheCursedMod:Stretching+1","TheCursedMod:ForbiddenAlchemy","TheCursedMod:Hemoplague","PowerPotion","hexamod:EctoCoolerPotion","hubris:SlimyHat","hubris:ToyBattleship","TheAbacus","hubris:EmptyBottle","jedi:gremlinknob","aspiration:Lifesprig","TheCursedMod:StingEye","TheCursedMod:Mangle","TheCursedMod:PrepareRite","TheCursedMod:CircleOfCorruption","expansioncontent:Flail","Master of Strategy"],"campfire_rested":2,"item_purchase_floors":[2,21,21,28,28,46,46,46,46,46,46,46,46,46,46,46,46,46,46,46,53,53,53,53,53,53,53,53,53,53,53,53],"current_hp_per_floor":[75,75,75,75,75,65,65,65,65,48,41,41,41,59,75,59,75,58,58,58,73,73,75,69,75,75,75,81,80,80,80,80,42,71,62,91,87,76,68,60,49,49,55,59,69,91,91,94,94,102,102,102,102,85,63],"gold":891,"neow_bonus":"THREE_ENEMY_KILL","is_daily":false,"chose_seed":false,"campfire_upgraded":3,"win_rate":0.0,"timestamp":1607808621,"path_taken":["M","$","M","?","?","E","R","M","T","M","?","?","M","?","R","BOSS","M","?","?","?","?","R","E","AVR","T","R","$","M","R","?","R_BF","BOSS","M","?","?","M","M","E","?","?","MIM","?","E","?","?","M","R","BOSS","R","$","E","BOSS"],"items_purchased_type":["Relic","Relic","Card","Card","Relic","Relic","Relic","Relic","Relic","Relic","Relic","Card","Card","Card","Card","Card","Card","Card","Potion","Potion","Relic","Relic","Relic","Relic","Relic","Relic","Card","Card","Card","Card","Card","Card"],"build_version":"2020-11-30","purchased_purges":0,"victory":true,"max_hp_per_floor":[75,75,75,75,75,75,75,75,75,75,75,75,75,75,75,75,75,75,75,75,75,75,75,75,81,81,81,81,81,81,81,81,81,81,81,91,91,91,91,91,91,91,91,91,91,98,98,100,100,102,102,102,102,102,104],"card_choices":[{"not_picked":["TheCursedMod:WearCloak","TheCursedMod:TroublousMinions"],"picked":"TheCursedMod:CursedSpellbook","floor":1},{"not_picked":["TheCursedMod:PrepareRite","TheCursedMod:SpitefulPlan"],"picked":"TheCursedMod:HellfireBreathing","floor":3},{"not_picked":["TheCursedMod:Wield","TheCursedMod:SmokeScreen"],"picked":"TheCursedMod:LuckyCharm","floor":5},{"not_picked":["TheCursedMod:OutForBlood","TheCursedMod:CircleOfAmplification"],"picked":"TheCursedMod:ManaCirculation","floor":6},{"not_picked":["TheCursedMod:CursedShiv","TheCursedMod:CursedBoomerang"],"picked":"TheCursedMod:HellsGateOpen","floor":8},{"not_picked":["TheCursedMod:Stigma","TheCursedMod:AshesToAshes"],"picked":"TheCursedMod:EmpowerCircles","floor":10},{"not_picked":["TheCursedMod:Stretching","TheCursedMod:HellsGateOpen"],"picked":"TheCursedMod:SpitefulStrike","floor":13},{"not_picked":["TheCursedMod:StunningStrike","TheCursedMod:OutForBlood"],"picked":"TheCursedMod:DemonSword","floor":16},{"not_picked":["TheCursedMod:DoubleShield","TheCursedMod:ManaBullet+1","TheCursedMod:Stretching"],"picked":"TheCursedMod:Obscuration","floor":18},{"not_picked":["TheCursedMod:ReleasedStrength+1","TheCursedMod:VitalStrike+1","TheCursedMod:EmpowerCircles"],"picked":"TheCursedMod:HellfireBreathing+1","floor":20},{"not_picked":["TheCursedMod:DemonSword","TheCursedMod:ShockAndAwe"],"picked":"TheCursedMod:DemonicPact","floor":24},{"not_picked":["TheCursedMod:SaltUponWound","TheCursedMod:ParallelWorld","TheCursedMod:CursedRelics"],"picked":"TheCursedMod:CursedAmulet+1","floor":24},{"not_picked":["TheCursedMod:CursedShiv+1","TheCursedMod:Obscuration+1","TheCursedMod:AshesToAshes"],"picked":"TheCursedMod:SpitefulStrike","floor":29},{"not_picked":["TheCursedMod:StunningStrike","TheCursedMod:OutForBlood","TheCursedMod:UltimatePain"],"picked":"TheCursedMod:DarkBarrier","floor":33},{"not_picked":["TheCursedMod:CircleOfFlame+1","TheCursedMod:HellsGateOpen+1","TheCursedMod:CursedAmulet"],"picked":"TheCursedMod:AbyssShockwave","floor":35},{"not_picked":["TheCursedMod:Evocation","TheCursedMod:ReleasedKnowledge+1","TheCursedMod:CircleOfFocus"],"picked":"TheCursedMod:RapidMovement","floor":37},{"not_picked":["TheCursedMod:RapidMovement+1","TheCursedMod:CircleOfBlood","TheCursedMod:Stigma"],"picked":"TheCursedMod:CursedShiv","floor":38},{"not_picked":["TheCursedMod:SaltUponWound","TheCursedMod:AshesToAshes+1","TheCursedMod:SpitefulStrike+1"],"picked":"TheCursedMod:Obscuration","floor":39},{"not_picked":["TheCursedMod:CursedRelics","TheCursedMod:StunningStrike"],"picked":"TheCursedMod:Neurasthenia","floor":40},{"not_picked":["TheCursedMod:DoubleShield","TheCursedMod:SpitefulStrike","TheCursedMod:Obscuration+1"],"picked":"TheCursedMod:LuckyCharm+1","floor":40},{"not_picked":["TheCursedMod:FuryStrike","TheCursedMod:Stigma+1","TheCursedMod:CircleOfCorruption+1"],"picked":"TheCursedMod:AbyssShockwave+1","floor":43},{"not_picked":["TheCursedMod:CursedMace+1","TheCursedMod:CircleOfCorruption+1","TheCursedMod:Stretching+1"],"picked":"TheCursedMod:FleshFromBone+1","floor":44},{"not_picked":["TheCursedMod:NeowsMight","TheCursedMod:CursedRelics"],"picked":"TheCursedMod:AntiAging","floor":45},{"not_picked":["TheCursedMod:VitalStrike","TheCursedMod:ParallelWorld","TheCursedMod:Obscuration"],"picked":"TheCursedMod:HellfireBreathing","floor":45},{"not_picked":["TheCursedMod:TacticalStrike","TheCursedMod:SpitefulStrike","TheCursedMod:CursedStaff+1"],"picked":"TheCursedMod:CursedMace+1","floor":48},{"not_picked":["TheCursedMod:UltimatePain","TheCursedMod:AntiAging"],"picked":"TheCursedMod:CursedRelics","floor":54},{"not_picked":["TheCursedMod:RavingStaff","TheCursedMod:Mangle+1","TheCursedMod:DoubleShield+1"],"picked":"TheCursedMod:AbyssShockwave","floor":54}],"player_experience":506395,"relics_obtained":[{"floor":4,"key":"MealTicket"},{"floor":6,"key":"hubris:TinFlute"},{"floor":9,"key":"vexMod:HeadHunter"},{"floor":12,"key":"ReplayTheSpireMod:Shallot"},{"floor":24,"key":"Snack Pack"},{"floor":26,"key":"jedi:crownofsimplicity"},{"floor":40,"key":"Replay:Multitool"},{"floor":43,"key":"TheCursedMod:SoulVessel"},{"floor":43,"key":"Unceasing Top"},{"floor":45,"key":"trackpad:Compendium"},{"floor":47,"key":"Sundial"},{"floor":48,"key":"wanderingMiniBosses:LockLocket"},{"floor":49,"key":"Eternal Feather"},{"floor":52,"key":"BrokenLever"},{"floor":54,"key":"SpikesRelics:DaevaFist"}],"event_choices":[{"damage_healed":0,"gold_gain":0,"player_choice":"Relic","damage_taken":0,"max_hp_gain":0,"max_hp_loss":0,"event_name":"Wheel of Change","floor":4,"gold_loss":0},{"cards_removed":["TheCursedMod:EmpowerCircles"],"damage_healed":0,"gold_gain":0,"player_choice":"Card Removal","damage_taken":7,"max_hp_gain":0,"max_hp_loss":0,"event_name":"Golden Wing","floor":11,"gold_loss":0},{"damage_healed":18,"gold_gain":0,"player_choice":"Healed","damage_taken":0,"max_hp_gain":0,"max_hp_loss":0,"event_name":"The Cleric","floor":14,"gold_loss":35},{"damage_healed":0,"gold_gain":0,"player_choice":"Gave Potion","damage_taken":0,"relics_obtained":["War Paint"],"max_hp_gain":0,"max_hp_loss":0,"event_name":"WeMeetAgain","floor":19,"gold_loss":0},{"cards_removed":["TheCursedMod:ManaCirculation"],"damage_healed":19,"gold_gain":0,"player_choice":"Offered Rare","damage_taken":0,"max_hp_gain":10,"max_hp_loss":0,"event_name":"Bonfire Elementals","floor":36,"gold_loss":0},{"damage_healed":0,"gold_gain":0,"player_choice":"Embrace Madness","damage_taken":11,"max_hp_gain":0,"max_hp_loss":0,"event_name":"Winding Halls","floor":41,"gold_loss":0,"cards_obtained":["Madness","Madness"]},{"damage_healed":0,"gold_gain":3,"player_choice":"3","damage_taken":0,"max_hp_gain":0,"max_hp_loss":0,"event_name":"betterStone:BetterStone","floor":42,"gold_loss":0,"cards_obtained":["TheCursedMod:NeowsMight"]}],"is_beta":false,"boss_relics":[{"not_picked":["Kintsugi","CosmicIsotope"],"picked":"Honey Jar"},{"not_picked":["Fiend:Scarf","aspiration:SecretTechniqueScroll"],"picked":"hubris:TerracottaHorce"}],"items_purged_floors":[],"is_endless":false,"potions_floor_spawned":[3,8,10,13,18,20,38,39,40,45,48],"ascension_level":7}}