{"host":"pcbz64t4k17ey4z1","time":1607769732,"event":{"mods":["2.2 Compatiblity","AchievementEnabler","Act Like it!","Aspiration","BaseMod","Beaked The Cultist","Better Match","BetterRewards","Card Forge","Colored Map","Colored Powertips","Conspire","Disable Question Mark Monsters","Fireblade Mod","Friendly Minions","GifTheSpireLib","Glutton Mod","Googly Eyes","Hermit","Hubris","Infinite Spire","Koishi","Marisa????????","Minty Spire (QoL Compilation)","Permanent Neow","Potionbrewer","Quick Restart","Random Character Button","Rare Cards Sparkle","Relic Filter","Replay The Spire","Shade Mod","Shop Mod","Small Relic Pack","StSLib","Stuff the Spire","SuperFastMode","The Animator","The Cursed","The Druid","The Gatherer","The Hierophant","The IronCluck","The Runesmith","Waifu the Spire","Wandering Minibosses","vexMod"],"gold_per_floor":[118,131,147,164,174,209,209,228,228,260,276,276,310,310,310,388,388,402,147,161,176,194,221,221,237,262,275,305,316,342,342,342,416,416,430,442,442,317,317,317,317],"floor_reached":40,"playtime":4082,"items_purged":[],"score":1428,"play_id":"6c1beea2-f994-4e0e-9c46-9404a718ef71","local_time":"20201212104212","is_ascension_mode":true,"campfire_choices":[{"data":"Vigilance","floor":7,"key":"SMITH"},{"floor":12,"key":"REST"},{"floor":15,"key":"REST"},{"floor":24,"key":"REST"},{"floor":32,"key":"REST"},{"data":"WindmillStrike","floor":32,"key":"SMITH"}],"circlet_count":0,"master_deck":["AscendersBane","Defend_P+1","Defend_P+1","Defend_P+1","Eruption+1","Vigilance+1","Finesse+1","SandsOfTime","LikeWater+1","CarveReality","Replay:Anticipation","FlurryOfBlows","Replay:LoomingThreat+1","DeusExMachina","JustLucky","WindmillStrike+1","wanderingMiniBosses:FinaleOfPromise+1","Protect","WheelKick","Sanctity","JustLucky","Weave","Establishment","Replay:BluntJabs+1","JustLucky"],"relics":["PureWater","Hammer of Thor","Seething Fire","Anvil of the Gods","infinitespire:Satchel","StuffTheSpire:OldFever","Lantern","Replay:Rubber Ducky","potionbrewer:RamsHorn","conspire:SlowCooker","StuffTheSpire:Mouthbags","wanderingMiniBosses:Blackblade","Happy Flower","PreservedInsect","infinitespire:Magic Flask","Bronze Scales","vexMod:CursedCompass","Busted Crown"],"acts_visited":["Exordium","TheCity","TheBeyond"],"potions_floor_usage":[3,5,16,25,28],"damage_taken":[{"damage":0,"enemies":"Small Slimes","floor":1,"turns":5},{"damage":5,"enemies":"Jaw Worm","floor":2,"turns":4},{"damage":0,"enemies":"2 Louse","floor":3,"turns":1},{"damage":0,"enemies":"2 Fungi Beasts","floor":4,"turns":4},{"damage":11,"enemies":"Looter","floor":5,"turns":6},{"damage":15,"enemies":"Gremlin Nob","floor":6,"turns":4},{"damage":2,"enemies":"Large Slime","floor":8,"turns":4},{"damage":14,"enemies":"Replay:BlueRogue","floor":10,"turns":6},{"damage":8,"enemies":"Blue Slaver","floor":11,"turns":5},{"damage":0,"enemies":"Lagavulin","floor":13,"turns":5},{"damage":6,"enemies":"Hexaghost","floor":16,"turns":7},{"damage":15,"enemies":"Spheric Guardian","floor":18,"turns":4},{"damage":4,"enemies":"Chosen","floor":20,"turns":5},{"damage":11,"enemies":"Shelled Parasite and Fungi","floor":21,"turns":4},{"damage":15,"enemies":"conspire:HollyBat","floor":22,"turns":6},{"damage":0,"enemies":"Replay:Snechameleon","floor":23,"turns":4},{"damage":0,"enemies":"Sentry and Sphere","floor":25,"turns":2},{"damage":0,"enemies":"Snake Plant","floor":27,"turns":2},{"damage":0,"enemies":"Nightmare","floor":28,"turns":5},{"damage":0,"enemies":"3 Cultists","floor":29,"turns":2},{"damage":0,"enemies":"Replay:Snechameleon","floor":30,"turns":3},{"damage":0,"enemies":"conspire:MysteriousRune","floor":33,"turns":6},{"damage":0,"enemies":"3 Shapes","floor":35,"turns":3},{"damage":0,"enemies":"Orb Walker","floor":36,"turns":4},{"damage":81,"enemies":"Nightmare_Alpha","floor":40,"turns":4}],"seed_played":"1012123179462492806","potions_obtained":[{"floor":3,"key":"Toxic Potion"},{"floor":4,"key":"BottledMiracle"},{"floor":13,"key":"Swift Potion"},{"floor":27,"key":"Adrenaline Potion"},{"floor":28,"key":"BottledMiracle"},{"floor":29,"key":"Block Potion"}],"is_trial":false,"path_per_floor":["M","M","M","M","M","E","R","M","T","E","M","R","E","?","R","B",null,"M","$","M","M","M","E","R","M","T","M","NM","M","E","?","R","B",null,"M","M","AVR","?","?","NM"],"character_chosen":"WATCHER","items_purchased":["infinitespire:Satchel","Finesse","SandsOfTime","LikeWater","Explosive Potion","StuffTheSpire:Mouthbags","WindmillStrike"],"campfire_rested":4,"item_purchase_floors":[0,0,0,0,0,19,19],"current_hp_per_floor":[61,56,56,56,45,30,30,28,28,14,6,26,26,26,46,40,61,46,46,42,31,16,16,36,36,36,36,36,36,36,36,56,56,65,65,65,65,65,65,0,0],"gold":317,"neow_bonus":"","is_daily":false,"chose_seed":false,"campfire_upgraded":2,"win_rate":0.0,"timestamp":1607769732,"path_taken":["M","M","M","M","M","E","R","M","T","E","M","R","E","?","R","BOSS","M","$","M","M","M","E","R","M","T","M","NM","M","E","?","R","BOSS","M","M","AVR","?","?","NM"],"items_purchased_type":["Relic","Card","Card","Card","Potion","Relic","Card"],"build_version":"2020-11-30","purchased_purges":0,"victory":false,"max_hp_per_floor":[68,68,68,68,68,68,68,68,68,68,68,68,68,68,68,68,68,68,68,68,68,68,68,68,68,68,68,68,68,68,68,68,68,68,68,68,68,68,68,68,68],"card_choices":[{"not_picked":["Wallop","FlyingSleeves"],"picked":"CarveReality","floor":1},{"not_picked":["JustLucky","TalkToTheHand"],"picked":"Replay:AtTheReady","floor":2},{"not_picked":["Adaptation","Fasting2"],"picked":"Replay:Anticipation","floor":3},{"not_picked":["BattleHymn","Indignation"],"picked":"JustLucky","floor":4},{"not_picked":["EmptyFist","BowlingBash","Replay:Hum"],"picked":"SKIP","floor":5},{"not_picked":["Replay:ManipulateFuture","Evaluate","Replay:AtTheReady"],"picked":"SKIP","floor":6},{"not_picked":["PathToVictory","CutThroughFate"],"picked":"FlurryOfBlows","floor":8},{"not_picked":["Replay:Vibes","Evaluate","Fasting2"],"picked":"SKIP","floor":10},{"not_picked":["Replay:BluntJabs","EmptyFist"],"picked":"Replay:LoomingThreat","floor":11},{"not_picked":["EmptyBody","InnerPeace","Crescendo"],"picked":"SKIP","floor":13},{"not_picked":["Scrawl","DevaForm"],"picked":"DeusExMachina","floor":16},{"not_picked":["Evaluate","Tantrum","Meditate"],"picked":"SKIP","floor":18},{"not_picked":["Prostrate+1","JustLucky","FlyingSleeves"],"picked":"SKIP","floor":20},{"not_picked":["FlurryOfBlows","Replay:ManipulateFuture","FearNoEvil"],"picked":"SKIP","floor":21},{"not_picked":[],"picked":"wanderingMiniBosses:FinaleOfPromise","floor":22},{"not_picked":["Wireheading","EmptyFist"],"picked":"Protect","floor":22},{"not_picked":["WaveOfTheHand","Replay:AtTheReady","CutThroughFate"],"picked":"SKIP","floor":23},{"not_picked":["Replay:AtTheReady","Halt"],"picked":"WheelKick","floor":25},{"not_picked":["Replay:Vibes","InnerPeace"],"picked":"Sanctity","floor":27},{"not_picked":["Replay:Hum","Nirvana"],"picked":"JustLucky","floor":28},{"not_picked":["Evaluate","Protect"],"picked":"EmptyBody","floor":29},{"not_picked":["WaveOfTheHand","Replay:Cycle+1"],"picked":"Weave","floor":30},{"not_picked":["Replay:AllIn","DeusExMachina"],"picked":"Establishment","floor":33},{"not_picked":["Protect","WaveOfTheHand"],"picked":"Replay:BluntJabs+1","floor":35},{"not_picked":["Consecrate","ClearTheMind"],"picked":"JustLucky","floor":36}],"player_experience":3714074,"relics_obtained":[{"floor":6,"key":"StuffTheSpire:OldFever"},{"floor":9,"key":"Lantern"},{"floor":10,"key":"Replay:Rubber Ducky"},{"floor":13,"key":"potionbrewer:RamsHorn"},{"floor":22,"key":"wanderingMiniBosses:Blackblade"},{"floor":23,"key":"Happy Flower"},{"floor":26,"key":"PreservedInsect"},{"floor":28,"key":"infinitespire:Magic Flask"},{"floor":30,"key":"Bronze Scales"}],"event_choices":[{"damage_healed":0,"gold_gain":0,"player_choice":"1","damage_taken":0,"max_hp_gain":0,"max_hp_loss":0,"event_name":"betterMatch:BetterMatch","floor":38,"gold_loss":0,"cards_obtained":["betterMatch:CommonCard","betterMatch:UncommonCard"]}],"is_beta":false,"boss_relics":[{"not_picked":["conspire:RunicOctahedron","vexMod:DeviousBotling"],"picked":"conspire:SlowCooker"},{"not_picked":["Snecko Heart","vexMod:RockOfEvil"],"picked":"vexMod:CursedCompass"}],"items_purged_floors":[],"is_endless":false,"potions_floor_spawned":[3,4,13,18,27,28,29,35,36],"killed_by":"Nightmare_Alpha","ascension_level":17}}