{"host":"se2kry7a7ac49ar7","time":1607751904,"event":{"mods":["BaseMod","Bestiary","Googly Eyes","Hubris","Minty Spire (QoL Compilation)","Replay The Spire","StSLib"],"gold_per_floor":[113,131,146,161,180,180,209,227,251,251,262,262,274,308,308,385,385,404,421,435,446,446,471,471,504,531,556,604,619,619,631,631,708,708,725,737,165,190,190,218,218,252,252,267,281,310,361,380,380,380],"floor_reached":51,"playtime":5866,"items_purged":["Clash"],"score":1627,"play_id":"a9e9a3c8-a6b1-444f-9624-1e660824d3a2","local_time":"20201211214504","is_ascension_mode":true,"campfire_choices":[{"data":"Bash","floor":6,"key":"SMITH"},{"floor":12,"key":"REST"},{"data":"Bludgeon","floor":15,"key":"SMITH"},{"data":"Corruption","floor":24,"key":"SMITH"},{"data":"Clothesline","floor":32,"key":"SMITH"},{"data":"Heavy Blade","floor":41,"key":"SMITH"},{"data":"Blood for Blood","floor":49,"key":"SMITH"}],"circlet_count":0,"master_deck":["AscendersBane","Bash+1","Shrug It Off+1","Reaper","Armaments+1","ReplayTheSpireMod:Muscle Training+1","Infernal Blade+1","Havoc+1","Battle Trance+1","Bludgeon+1","Burning Pact+1","Exhume+1","Corruption+1","Impervious+1","Hemogenesis","Thunderclap","Heavy Blade+1","Blood for Blood+1","Defy Death+1","Clash","Disarm+1","CurseOfTheBell","Seeing Red+1","Power Through+1","Burning Pact+1","Seeing Red+1","Clothesline+1","Hemogenesis","Limit Break+1","Havoc+1","Shame","Shrug It Off+1","Impervious+1","Second Wind+1","Flame Barrier+1","Battle Trance+1","Impervious+1","Shrug It Off+1","Evolve+1","ReplayTheSpireMod:Stacked+1","Bloodletting+1","Corruption+1","Spot Weakness+1"],"relics":["hubris:Backtick","Toxic Egg 2","Pet Ghost","War Paint","hubris:OldNail","Replay:Grab Bag","hubris:TerracottaHorce","Painkiller Herb","Pandora\u0027s Box","Calling Bell","Anchor","Mirror","Du-Vu Doll","hubris:SlimyHat","Dream Catcher","hubris:ToyBattleship","Akabeko","Bag of Preparation","Gambling Chip","Honey Jar","Juzu Bracelet","Red Skull","HandDrill","hubris:MedicalManual","Ring of Peace","ReplayTheSpireMod:Ring of Exchange","ReplayTheSpireMod:Shallot","Vajra","Golden Egg","Replay:Rubber Ducky","hubris:CuriousFeather"],"acts_visited":["Exordium","TheCity","TheBeyond"],"potions_floor_usage":[5,7,8,14,20,23,25,40,50,50],"damage_taken":[{"damage":6,"enemies":"2 Louse","floor":1,"turns":4},{"damage":5,"enemies":"Cultist","floor":2,"turns":4},{"damage":1,"enemies":"Jaw Worm","floor":3,"turns":5},{"damage":14,"enemies":"Red Slaver","floor":4,"turns":6},{"damage":7,"enemies":"Exordium Wildlife","floor":5,"turns":5},{"damage":19,"enemies":"Gremlin Nob","floor":7,"turns":4},{"damage":26,"enemies":"Large Slime","floor":8,"turns":5},{"damage":16,"enemies":"3 Louse","floor":11,"turns":3},{"damage":6,"enemies":"Looter","floor":13,"turns":3},{"damage":1,"enemies":"3 Sentries","floor":14,"turns":4},{"damage":11,"enemies":"The Guardian","floor":16,"turns":8},{"damage":11,"enemies":"2 Thieves","floor":18,"turns":3},{"damage":14,"enemies":"3 Byrds","floor":19,"turns":3},{"damage":1,"enemies":"3 Cultists","floor":20,"turns":4},{"damage":2,"enemies":"Snecko","floor":21,"turns":3},{"damage":3,"enemies":"Book of Stabbing","floor":23,"turns":4},{"damage":24,"enemies":"Slavers","floor":25,"turns":5},{"damage":9,"enemies":"Gremlin Leader","floor":27,"turns":4},{"damage":0,"enemies":"Chosen and Byrds","floor":29,"turns":2},{"damage":0,"enemies":"Shelled Parasite and Fungi","floor":31,"turns":2},{"damage":1,"enemies":"Collector","floor":33,"turns":3},{"damage":0,"enemies":"3 Shapes","floor":35,"turns":2},{"damage":0,"enemies":"Orb Walker","floor":36,"turns":1},{"damage":0,"enemies":"Mind Bloom Boss Battle","floor":38,"turns":4},{"damage":0,"enemies":"Reptomancer","floor":40,"turns":4},{"damage":0,"enemies":"Nemesis","floor":42,"turns":5},{"damage":0,"enemies":"Sphere and 2 Shapes","floor":44,"turns":4},{"damage":0,"enemies":"Transient","floor":45,"turns":6},{"damage":0,"enemies":"Reptomancer","floor":46,"turns":4},{"damage":0,"enemies":"2 Orb Walkers","floor":47,"turns":6},{"damage":0,"enemies":"3 Darklings","floor":48,"turns":3},{"damage":0,"enemies":"Donu and Deca","floor":50,"turns":5}],"seed_played":"-4880286478323019002","potions_obtained":[{"floor":2,"key":"Explosive Potion"},{"floor":4,"key":"Elixir"},{"floor":5,"key":"Weak Potion"},{"floor":7,"key":"PowerPotion"},{"floor":13,"key":"Explosive Potion"},{"floor":16,"key":"EntropicBrew"},{"floor":25,"key":"Doom Potion"},{"floor":33,"key":"SkillPotion"},{"floor":35,"key":"Elixir"},{"floor":40,"key":"Regen Potion"},{"floor":44,"key":"SmokeBomb"},{"floor":45,"key":"BlessingOfTheForge"},{"floor":48,"key":"Languid Potion"}],"is_trial":false,"path_per_floor":["M","M","M","M","M","R","E","M","T","?","M","R","M","E","R","B",null,"?","?","?","?","?","E","T","E","T","E","T","?","?","?","T","B",null,"?","?","T","?","?","E","T","E","T","?","?","E","?","?","T","B",null],"character_chosen":"IRONCLAD","items_purchased":["Juzu Bracelet","Red Skull","HandDrill"],"campfire_rested":1,"item_purchase_floors":[37,37,37],"current_hp_per_floor":[62,57,60,50,48,48,36,20,20,13,12,34,32,36,36,30,64,64,62,75,75,75,73,73,58,58,64,64,75,75,75,75,74,75,75,75,75,75,75,75,75,75,75,75,75,75,75,75,75,75],"gold":380,"neow_bonus":"BOSS_RELIC","is_daily":false,"chose_seed":false,"campfire_upgraded":6,"win_rate":0.0,"timestamp":1607751904,"path_taken":["M","M","M","M","M","R","E","M","T","?","M","R","?","E","R","BOSS","?","?","?","?","?","E","T","E","T","E","?","?","?","?","T","BOSS","?","?","T","?","?","E","T","E","T","?","?","E","?","?","T","BOSS"],"items_purchased_type":["Relic","Relic","Relic"],"build_version":"2020-11-30","purchased_purges":1,"victory":true,"max_hp_per_floor":[75,75,75,75,75,75,75,75,75,75,75,75,75,75,75,75,75,75,75,75,75,75,75,75,75,75,75,75,75,75,75,75,75,75,75,75,75,75,75,75,75,75,75,75,75,75,75,75,75,75],"card_choices":[{"not_picked":["Clothesline","Thunderclap"],"picked":"Shrug It Off+1","floor":1},{"not_picked":["ReplayTheSpireMod:Strike From Hell","Inflame"],"picked":"Reaper","floor":2},{"not_picked":["Cleave","Uppercut"],"picked":"Armaments+1","floor":3},{"not_picked":["Warcry+1","Whirlwind"],"picked":"ReplayTheSpireMod:Muscle Training+1","floor":4},{"not_picked":["Replay:Undeath\u0027s Touch","Thunderclap"],"picked":"Infernal Blade+1","floor":5},{"not_picked":["Body Slam","Warcry+1"],"picked":"Havoc+1","floor":7},{"not_picked":["hubris:ReadiedAction+1","Armaments+1"],"picked":"Battle Trance+1","floor":8},{"not_picked":["Defy Death+1","Thunderclap"],"picked":"Bludgeon","floor":11},{"not_picked":["hubris:SharpeningStone+1","ReplayTheSpireMod:Corrosion Curse+1"],"picked":"Burning Pact+1","floor":13},{"not_picked":["Power Through+1","Shockwave+1"],"picked":"Exhume+1","floor":14},{"not_picked":["Hemogenesis","hubris:StunningStrike"],"picked":"Corruption","floor":16},{"not_picked":["Iron Wave","Body Slam"],"picked":"Seeing Red+1","floor":18},{"not_picked":["hubris:CleavingFinish","Havoc+1"],"picked":"Power Through+1","floor":19},{"not_picked":["Anger","hubris:ReadiedAction+1"],"picked":"Burning Pact+1","floor":20},{"not_picked":["Iron Wave","ReplayTheSpireMod:LeadingStrike"],"picked":"Seeing Red+1","floor":21},{"not_picked":["Carnage","Rupture"],"picked":"Clothesline","floor":23},{"not_picked":["Carnage","True Grit+1"],"picked":"Hemogenesis","floor":25},{"not_picked":["Armaments+1","Headbutt"],"picked":"Limit Break+1","floor":27},{"not_picked":["Infernal Blade+1","Cleave"],"picked":"Havoc+1","floor":29},{"not_picked":["Armaments+1","Whirlwind"],"picked":"Shrug It Off+1","floor":31},{"not_picked":["Double Tap+1","Corruption"],"picked":"Impervious+1","floor":33},{"not_picked":["Replay:Undeath\u0027s Touch","Flex+1","Headbutt+1"],"picked":"Second Wind+1","floor":35},{"not_picked":["Clash+1","hubris:ReadiedAction+1","Twin Strike"],"picked":"Flame Barrier+1","floor":36},{"not_picked":["Anger","Metallicize+1","Body Slam"],"picked":"Battle Trance+1","floor":38},{"not_picked":["Iron Wave","Warcry+1","Armaments+1"],"picked":"Impervious+1","floor":40},{"not_picked":["Anger","Headbutt","Pommel Strike+1"],"picked":"Shrug It Off+1","floor":42},{"not_picked":["Perfected Strike","Warcry+1","Fire Breathing"],"picked":"Evolve+1","floor":44},{"not_picked":["hubris:CleavingFinish","ReplayTheSpireMod:Corrosion Curse+1","Searing Blow"],"picked":"ReplayTheSpireMod:Stacked+1","floor":45},{"not_picked":["Replay:Undeath\u0027s Touch","Whirlwind","Blood for Blood"],"picked":"Bloodletting+1","floor":46},{"not_picked":["Wild Strike","Body Slam","Run Through"],"picked":"Corruption","floor":47},{"not_picked":["Thunderclap","True Grit+1","Cleave"],"picked":"Spot Weakness+1","floor":48}],"player_experience":613888,"relics_obtained":[{"floor":7,"key":"Pet Ghost"},{"floor":9,"key":"War Paint"},{"floor":14,"key":"hubris:OldNail"},{"floor":17,"key":"Anchor"},{"floor":17,"key":"Mirror"},{"floor":17,"key":"Du-Vu Doll"},{"floor":23,"key":"hubris:SlimyHat"},{"floor":25,"key":"Dream Catcher"},{"floor":26,"key":"hubris:ToyBattleship"},{"floor":27,"key":"Akabeko"},{"floor":28,"key":"Bag of Preparation"},{"floor":38,"key":"hubris:MedicalManual"},{"floor":39,"key":"Ring of Peace"},{"floor":39,"key":"ReplayTheSpireMod:Ring of Exchange"},{"floor":40,"key":"ReplayTheSpireMod:Shallot"},{"floor":42,"key":"Vajra"},{"floor":43,"key":"Golden Egg"},{"floor":46,"key":"Replay:Rubber Ducky"},{"floor":47,"key":"hubris:CuriousFeather"}],"event_choices":[{"damage_healed":0,"gold_gain":0,"player_choice":"Damaged","damage_taken":7,"max_hp_gain":0,"max_hp_loss":0,"event_name":"Wheel of Change","floor":10,"gold_loss":0},{"damage_healed":0,"gold_gain":0,"player_choice":"Stole Relic","damage_taken":0,"relics_obtained":["Gambling Chip"],"max_hp_gain":0,"max_hp_loss":0,"event_name":"Addict","floor":30,"gold_loss":0,"cards_obtained":["Shame"]},{"damage_healed":0,"gold_gain":0,"player_choice":"Fight","damage_taken":0,"max_hp_gain":0,"max_hp_loss":0,"event_name":"MindBloom","floor":38,"gold_loss":0},{"damage_healed":0,"gold_gain":0,"player_choice":"Fight","damage_taken":0,"max_hp_gain":0,"max_hp_loss":0,"event_name":"Mysterious Sphere","floor":47,"gold_loss":0}],"is_beta":false,"boss_relics":[{"not_picked":["Cursed Key","Mark of Pain"],"picked":"Replay:Grab Bag"},{"not_picked":["ReplayTheSpireMod:Onyx Gauntlets","hubris:VirtuousBlindfold"],"picked":"hubris:TerracottaHorce"},{"not_picked":["Philosopher\u0027s Stone","Electric Blood"],"picked":"Painkiller Herb"},{"not_picked":["Snecko Eye","Ring of Chaos"],"picked":"Pandora\u0027s Box"},{"not_picked":["hubris:ScarierMask","SlaversCollar"],"picked":"Calling Bell"},{"not_picked":["Black Star","Runic Pyramid"],"picked":"Honey Jar"}],"items_purged_floors":[37],"is_endless":false,"potions_floor_spawned":[2,4,5,7,13,16,20,25,33,35,40,44,45,48],"ascension_level":14}}