{"host":"zksvs3x2ysy9npnz","time":1607781087,"event":{"mods":["Aspiration","BaseMod","Beaked The Cultist","BetterRewards","Colored Map","Conspire","Duelist Mod","Halation","Highlight Path","Hubris","Infinite Spire","Jedi Mod","Minty Spire (QoL Compilation)","Permanent Neow","Quick Restart","Relic Stats","Replay The Spire","Retaliation","Shop Mod","StSLib"],"gold_per_floor":[139,139,139,155,5,37,53,53,79,102,114,160,172,195,207,296,308,337,10,23,23,0,15,15,40,40,40,40,40,40,40],"floor_reached":30,"playtime":1591,"items_purged":["theDuelist:Sparks","theDuelist:Sparks"],"score":645,"play_id":"f3a452a4-9c46-4466-9ce6-1690cc4ab911","local_time":"20201212145127","is_ascension_mode":true,"campfire_choices":[{"floor":11,"key":"REST"},{"data":"theDuelist:DarkworldThorns","floor":13,"key":"SMITH"},{"data":"theDuelist:GreyGreedOni","floor":15,"key":"SMITH"},{"floor":24,"key":"REST"},{"floor":27,"key":"REST"}],"circlet_count":0,"master_deck":["theDuelist:AngelTrumpeter","theDuelist:CactusBouncer","theDuelist:CastleWalls","theDuelist:CastleWalls","theDuelist:DarkworldThorns+1","AscendersBane","theDuelist:Inmato","theDuelist:JerryBeansMan","theDuelist:JerryBeansMan","theDuelist:DarkworldThorns+1","theDuelist:MudGolem","theDuelist:PredaplantPterapenthes","theDuelist:RoseWitch","theDuelist:GiantSoldierSteel","theDuelist:PredaplantDrosophyllum","theDuelist:GreyGreedOni+1","theDuelist:BlueBloodedOni","theDuelist:ObeliskTormentor","Replay:Sssssssssshield","Poisoned Strike"],"relics":["theDuelist:MillenniumPuzzle","theDuelist:CardPoolRelic","theDuelist:CardPoolBasicRelic","theDuelist:BoosterPackPoolRelic","theDuelist:CardPoolAddRelic","theDuelist:CardPoolMinusRelic","theDuelist:CardPoolSaveRelic","theDuelist:CardPoolOptionsRelic","aspiration:ChemicalBlood","Matryoshka","theDuelist:MillenniumRod","Replay:Mystery Machine","MawBank","infinitespire:Eraser","Inserter","ReplayTheSpireMod:ShopPack","theDuelist:SolderToken","halation:QuantumPhysicsTextbook","Replay:Bottled Steam"],"acts_visited":["Exordium","TheCity"],"potions_floor_usage":[6,6,12,16,18,25,30,30,30],"damage_taken":[{"damage":10,"enemies":"2 Louse","floor":1,"turns":3},{"damage":7,"enemies":"Jaw Worm","floor":4,"turns":4},{"damage":14,"enemies":"Gremlin Nob","floor":6,"turns":4},{"damage":0,"enemies":"Cultist","floor":7,"turns":4},{"damage":6,"enemies":"3 Louse","floor":10,"turns":4},{"damage":0,"enemies":"Lagavulin","floor":12,"turns":9},{"damage":6,"enemies":"Large Slime","floor":14,"turns":6},{"damage":0,"enemies":"The Guardian","floor":16,"turns":10},{"damage":34,"enemies":"3 Byrds","floor":18,"turns":5},{"damage":0,"enemies":"Spheric Guardian","floor":20,"turns":8},{"damage":19,"enemies":"Shelled Parasite and Fungi","floor":23,"turns":9},{"damage":19,"enemies":"Book of Stabbing","floor":25,"turns":6},{"damage":47,"enemies":"3 Cultists","floor":30,"turns":4}],"seed_played":"5694345214890585202","potions_obtained":[{"floor":1,"key":"jedi:StrikingPotion"},{"floor":7,"key":"theDuelist:WaterBottle"},{"floor":12,"key":"Flashbang"},{"floor":16,"key":"theDuelist:FlamingBottle"},{"floor":18,"key":"theDuelist:BottledKuriboh"},{"floor":30,"key":"theDuelist:FireBottle"}],"is_trial":false,"path_per_floor":["M","?","?","M","$","E","M","T","T","M","R","E","R","M","R","B",null,"M","$","M","?","?","M","R","E","T","R","?","$","M"],"character_chosen":"THE_DUELIST","items_purchased":["theDuelist:MudGolem","ReplayTheSpireMod:ShopPack","theDuelist:BlueBloodedOni"],"campfire_rested":3,"item_purchase_floors":[5,19,19],"current_hp_per_floor":[53,53,53,46,46,32,32,32,32,26,47,47,47,41,41,41,63,29,29,29,29,29,14,35,16,16,37,37,37,0,0],"gold":40,"neow_bonus":"RANDOM_COMMON_RELIC","is_daily":false,"chose_seed":false,"campfire_upgraded":2,"win_rate":0.0,"timestamp":1607781087,"path_taken":["M","?","?","M","$","E","M","?","T","M","R","E","R","?","R","BOSS","M","$","?","?","?","?","R","E","T","R","?","$","M"],"items_purchased_type":["Card","Relic","Card"],"build_version":"2020-11-30","purchased_purges":2,"victory":false,"max_hp_per_floor":[70,70,70,70,70,70,70,70,70,70,70,70,70,70,70,70,70,70,70,70,70,70,70,70,70,70,70,70,70,70,70],"relic_stats":{"Inserter":[16],"counters":[13,72],"MawBank":120,"obtain_stats":[{"theDuelist:MillenniumRod":8,"Inserter":17,"halation:QuantumPhysicsTextbook":26,"theDuelist:MillenniumPuzzle":0,"theDuelist:CardPoolSaveRelic":0,"theDuelist:SolderToken":25,"Replay:Mystery Machine":9,"MawBank":9,"theDuelist:BoosterPackPoolRelic":0,"theDuelist:CardPoolMinusRelic":0,"Matryoshka":6,"theDuelist:CardPoolBasicRelic":0,"theDuelist:CardPoolAddRelic":0,"theDuelist:CardPoolOptionsRelic":0,"infinitespire:Eraser":12,"theDuelist:CardPoolRelic":0,"aspiration:ChemicalBlood":0,"ReplayTheSpireMod:ShopPack":19,"Replay:Bottled Steam":28},{"theDuelist:MillenniumRod":4,"Inserter":8,"halation:QuantumPhysicsTextbook":12,"theDuelist:MillenniumPuzzle":0,"theDuelist:CardPoolSaveRelic":0,"theDuelist:SolderToken":12,"Replay:Mystery Machine":4,"MawBank":4,"theDuelist:BoosterPackPoolRelic":0,"theDuelist:CardPoolMinusRelic":0,"Matryoshka":3,"theDuelist:CardPoolBasicRelic":0,"theDuelist:CardPoolAddRelic":0,"theDuelist:CardPoolOptionsRelic":0,"infinitespire:Eraser":6,"theDuelist:CardPoolRelic":0,"aspiration:ChemicalBlood":0,"ReplayTheSpireMod:ShopPack":9,"Replay:Bottled Steam":12},{"theDuelist:MillenniumRod":13,"Inserter":41,"halation:QuantumPhysicsTextbook":68,"theDuelist:MillenniumPuzzle":0,"theDuelist:CardPoolSaveRelic":0,"theDuelist:SolderToken":68,"Replay:Mystery Machine":13,"MawBank":13,"theDuelist:BoosterPackPoolRelic":0,"theDuelist:CardPoolMinusRelic":0,"Matryoshka":10,"theDuelist:CardPoolBasicRelic":0,"theDuelist:CardPoolAddRelic":0,"theDuelist:CardPoolOptionsRelic":0,"infinitespire:Eraser":25,"theDuelist:CardPoolRelic":0,"aspiration:ChemicalBlood":0,"ReplayTheSpireMod:ShopPack":45,"Replay:Bottled Steam":68}]},"card_choices":[{"not_picked":["theDuelist:CactusBouncer","theDuelist:AngelTrumpeter","theDuelist:JerryBeansMan","theDuelist:Inmato"],"picked":"theDuelist:DarkworldThorns","floor":1},{"not_picked":["theDuelist:BigFire","theDuelist:ClearKuriboh","theDuelist:LightningVortex","theDuelist:WingedKuriboh","theDuelist:BattleOx"],"picked":"SKIP","floor":4},{"not_picked":["theDuelist:Reinforcements","theDuelist:GracefulCharity","theDuelist:PredaplantFlytrap","theDuelist:PotDuality"],"picked":"theDuelist:PredaplantPterapenthes","floor":6},{"not_picked":["theDuelist:MudGolem","theDuelist:PredaplantSpinodionaea","theDuelist:RevivalRose","theDuelist:RoseArcher"],"picked":"theDuelist:RoseWitch","floor":7},{"not_picked":["theDuelist:DummyGolem","theDuelist:GemArmadillo","theDuelist:MillenniumGolem","theDuelist:RainbowOverdragon"],"picked":"theDuelist:GiantSoldierSteel","floor":10},{"not_picked":["theDuelist:Firegrass","theDuelist:WormApocalypse","theDuelist:VioletCrystal","theDuelist:BloomingDarkestRose"],"picked":"theDuelist:PredaplantDrosophyllum","floor":12},{"not_picked":["theDuelist:EarthquakeGiant","theDuelist:PurplePainOni","theDuelist:FeatherPho","theDuelist:RainbowGravity"],"picked":"theDuelist:GreyGreedOni","floor":14},{"not_picked":["theDuelist:SeedCannon","theDuelist:PlantFoodChain","theDuelist:HeartUnderdog","theDuelist:PredaplantSarraceniant"],"picked":"theDuelist:PredaplantChimerafflesia","floor":16},{"not_picked":["theDuelist:BotanicalLion","theDuelist:Spore","theDuelist:WormApocalypse","theDuelist:Firegrass","theDuelist:MudGolem"],"picked":"SKIP","floor":18},{"not_picked":["theDuelist:PotGenerosity","theDuelist:ForbiddenLance"],"picked":"theDuelist:ObeliskTormentor","floor":19},{"not_picked":["theDuelist:RedHeadedOni","theDuelist:RainbowKuriboh"],"picked":"Replay:Sssssssssshield","floor":19},{"not_picked":["theDuelist:SolemnStrike","theDuelist:BattleguardKing"],"picked":"Poisoned Strike","floor":19},{"not_picked":["theDuelist:BotanicalLion","theDuelist:Spore","theDuelist:WormApocalypse+1","theDuelist:PredaplantPterapenthes","theDuelist:MarkRose"],"picked":"SKIP","floor":20},{"not_picked":["theDuelist:KamionTimelord","theDuelist:BlossomBombardment","theDuelist:HeartUnderdog"],"picked":"SKIP","floor":23},{"not_picked":["theDuelist:PredaplantDrosophyllum","theDuelist:KamionTimelord","theDuelist:PredaplantChimerafflesia"],"picked":"SKIP","floor":25}],"player_experience":1187969,"relics_obtained":[{"floor":6,"key":"Matryoshka"},{"floor":8,"key":"theDuelist:MillenniumRod"},{"floor":9,"key":"Replay:Mystery Machine"},{"floor":9,"key":"MawBank"},{"floor":12,"key":"infinitespire:Eraser"},{"floor":25,"key":"theDuelist:SolderToken"},{"floor":26,"key":"halation:QuantumPhysicsTextbook"}],"event_choices":[{"damage_healed":0,"gold_gain":0,"player_choice":"Leave","duelist":true,"damage_taken":0,"max_hp_gain":0,"max_hp_loss":0,"event_name":"Relic Duplicator","floor":3,"gold_loss":0},{"damage_healed":0,"gold_gain":0,"player_choice":"Ignored","damage_taken":0,"max_hp_gain":0,"max_hp_loss":0,"event_name":"Ghosts","floor":21,"gold_loss":0},{"damage_healed":0,"gold_gain":0,"player_choice":"Paid Fearfully","damage_taken":0,"max_hp_gain":0,"max_hp_loss":0,"event_name":"Masked Bandits","floor":22,"gold_loss":23},{"cards_removed":["theDuelist:PredaplantChimerafflesia"],"damage_healed":0,"gold_gain":0,"player_choice":"Gave Card","damage_taken":0,"relics_obtained":["Replay:Bottled Steam"],"max_hp_gain":0,"max_hp_loss":0,"event_name":"WeMeetAgain","floor":28,"gold_loss":0}],"is_beta":false,"boss_relics":[{"not_picked":["Calling Bell","Pandora\u0027s Box"],"picked":"Inserter"}],"items_purged_floors":[5,19],"is_endless":false,"potions_floor_spawned":[1,7,12,16,23,25],"killed_by":"3 Cultists","ascension_level":19}}