{"host":"vzugls1u57eppbds","time":1607812091,"event":{"mods":["AchievementEnabler","BaseMod","Better Third Choice","Minty Spire (QoL Compilation)","Relic Stats","Shop Mod","StSLib","The IronCluck"],"gold_per_floor":[13,13,30,30,30,60,60,74,74,74,109,109,138,155,155,259,259,270,304,304,304,304,304,333,344,368,393,393,45,45,45,45,146,146,158,76,94,316,362,362,381,381,381,410,410,106,118,118,118,118],"floor_reached":51,"playtime":1454,"items_purged":[],"score":1115,"play_id":"8c6501f6-55b1-447d-9f94-358518acd2e7","local_time":"20201212232811","is_ascension_mode":true,"campfire_choices":[{"floor":7.0,"key":"REST"},{"floor":10.0,"key":"REST"},{"floor":15.0,"key":"REST"},{"data":"Fire Breathing","floor":23.0,"key":"SMITH"},{"floor":28.0,"key":"REST"},{"data":"Evolve","floor":30.0,"key":"SMITH"},{"data":"Infernal Blade","floor":32.0,"key":"SMITH"},{"floor":40,"key":"DIG"},{"floor":42,"key":"REST"},{"floor":49,"key":"REST"}],"circlet_count":0,"master_deck":["Strike_R","Strike_R","Strike_R","Strike_R","Defend_R","Defend_R","Defend_R","Pommel Strike","Thunderclap","Warcry","Wild Strike","Wild Strike","Iron Wave","Pommel Strike","Power Through","Reaper","Fiend Fire","Pummel","Pummel","Fire Breathing+1","Immolate","Wild Strike","Infernal Blade+1","Pummel","Evolve+1","Immolate","CurseOfTheBell","Pommel Strike","Second Wind","Iron Wave+1","Dark Embrace+1","Fire Breathing","Writhe","Feel No Pain","Pummel"],"relics":["Burning Blood","Boot","Dream Catcher","Regal Pillow","Happy Flower","Bottled Lightning","Philosopher\u0027s Stone","Red Mask","MutagenicStrength","Bag of Marbles","Centennial Puzzle","Juzu Bracelet","TungstenRod","Calling Bell","Tiny Chest","White Beast Statue","Mango","Shovel","Gambling Chip","MealTicket","Incense Burner","Oddly Smooth Stone","Lizard Tail"],"acts_visited":["Exordium","TheCity","TheBeyond"],"potions_floor_usage":[33,33,39,39,44,47,50,50],"damage_taken":[{"damage":1.0,"enemies":"Cultist","floor":1.0,"turns":3.0},{"damage":7.0,"enemies":"Jaw Worm","floor":3.0,"turns":3.0},{"damage":53.0,"enemies":"Lagavulin","floor":6.0,"turns":8.0},{"damage":10.0,"enemies":"Small Slimes","floor":8.0,"turns":3.0},{"damage":16.0,"enemies":"Gremlin Nob","floor":11.0,"turns":3.0},{"damage":25.0,"enemies":"Lagavulin","floor":13.0,"turns":5.0},{"damage":18.0,"enemies":"Exordium Thugs","floor":14.0,"turns":6.0},{"damage":0.0,"enemies":"Slime Boss","floor":16.0,"turns":5.0},{"damage":4.0,"enemies":"3 Byrds","floor":18.0,"turns":4.0},{"damage":0.0,"enemies":"Masked Bandits","floor":19.0,"turns":3.0},{"damage":17.0,"enemies":"Gremlin Leader","floor":24.0,"turns":6.0},{"damage":7.0,"enemies":"Spheric Guardian","floor":25.0,"turns":3.0},{"damage":39.0,"enemies":"Book of Stabbing","floor":27.0,"turns":4.0},{"damage":76,"enemies":"Automaton","floor":33,"turns":7},{"damage":21,"enemies":"3 Darklings","floor":35,"turns":5},{"damage":3,"enemies":"3 Shapes","floor":37,"turns":3},{"damage":15,"enemies":"2 Orb Walkers","floor":39,"turns":3},{"damage":22,"enemies":"Sphere and 2 Shapes","floor":41,"turns":4},{"damage":86,"enemies":"Giant Head","floor":44,"turns":8},{"damage":79,"enemies":"Spire Growth","floor":47,"turns":5},{"damage":72,"enemies":"Time Eater","floor":50,"turns":10}],"seed_played":"-7232367336784022327","potions_obtained":[{"floor":3.0,"key":"Energy Potion"},{"floor":6.0,"key":"SkillPotion"},{"floor":8.0,"key":"Fire Potion"},{"floor":13.0,"key":"DuplicationPotion"},{"floor":18.0,"key":"SkillPotion"},{"floor":27.0,"key":"BlessingOfTheForge"},{"floor":33,"key":"FairyPotion"},{"floor":35,"key":"BloodPotion"},{"floor":37,"key":"DistilledChaos"},{"floor":39,"key":"Dexterity Potion"},{"floor":41,"key":"DuplicationPotion"},{"floor":44,"key":"Swift Potion"},{"floor":47,"key":"ElixirPotion"}],"is_trial":false,"path_per_floor":["M","?","M","T","?","E","R","M","T","R","E","?","E","M","R","B",null,"M","?","?","?","?","R","E","M","T","E","R","$","R","$","R","B",null,"M","$","M","?","?","R","M","R","T","E","?","$","M","T","R","B",null],"character_chosen":"IRONCLAD","items_purchased":["TungstenRod","Strength Potion","Second Wind","Feel No Pain","Oddly Smooth Stone","Pummel"],"campfire_rested":6,"item_purchase_floors":[29,29,36,46,46,46],"current_hp_per_floor":[77,77,76,76,80,33,57,53,53,80,70,70,56,54,80,80,80,80,80,80,80,80,80,74,73,73,40,79,79,79,79,79,10,77,62,62,75,75,84,84,68,94,94,14,38,53,34,34,77,16],"gold":118,"neow_bonus":"TRANSFORM_TWO_CARDS","is_daily":false,"chose_seed":false,"campfire_upgraded":3,"win_rate":0.0,"timestamp":1607812091,"path_taken":["M","?","M","?","?","E","R","?","T","R","E","?","E","M","R","BOSS","M","?","?","?","?","R","E","M","T","E","R","?","R","$","R","BOSS","M","$","M","?","?","R","M","R","T","E","?","$","M","?","R","BOSS"],"items_purchased_type":["Relic","Potion","Card","Card","Relic","Card"],"build_version":"2020-11-30","purchased_purges":0,"victory":true,"max_hp_per_floor":[80,80,80,80,80,80,80,80,80,80,80,80,80,80,80,80,80,80,80,80,80,80,80,80,80,80,80,80,80,80,80,80,80,94,94,94,94,94,94,94,94,94,94,94,94,94,94,94,94,94],"relic_stats":{"Regal Pillow":35,"Happy Flower":[27],"counters":[21,101],"Juzu Bracelet":0,"Boot":[288],"Burning Blood":108,"Dream Catcher":6,"Centennial Puzzle":[27],"Lizard Tail":0,"Shovel":1,"Gambling Chip":[11],"Tiny Chest":1,"MealTicket":15,"obtain_stats":[{"Regal Pillow":9,"Happy Flower":11,"Oddly Smooth Stone":46,"Mango":34,"Juzu Bracelet":27,"Incense Burner":44,"Boot":4,"Burning Blood":0,"White Beast Statue":34,"Calling Bell":34,"Dream Catcher":6,"Centennial Puzzle":26,"Lizard Tail":48,"Shovel":39,"MutagenicStrength":21,"Gambling Chip":40,"Philosopher\u0027s Stone":17,"Tiny Chest":34,"MealTicket":43,"Red Mask":19,"Bag of Marbles":24,"Bottled Lightning":13,"TungstenRod":29},{"Regal Pillow":4,"Happy Flower":5,"Oddly Smooth Stone":19,"Mango":14,"Juzu Bracelet":13,"Incense Burner":19,"Boot":2,"Burning Blood":0,"White Beast Statue":14,"Calling Bell":14,"Dream Catcher":3,"Centennial Puzzle":12,"Lizard Tail":20,"Shovel":17,"MutagenicStrength":10,"Gambling Chip":17,"Philosopher\u0027s Stone":8,"Tiny Chest":14,"MealTicket":18,"Red Mask":10,"Bag of Marbles":11,"Bottled Lightning":6,"TungstenRod":13},{"Regal Pillow":17,"Happy Flower":20,"Oddly Smooth Stone":86,"Mango":63,"Juzu Bracelet":56,"Incense Burner":86,"Boot":6,"Burning Blood":0,"White Beast Statue":63,"Calling Bell":63,"Dream Catcher":14,"Centennial Puzzle":52,"Lizard Tail":91,"Shovel":74,"MutagenicStrength":43,"Gambling Chip":74,"Philosopher\u0027s Stone":36,"Tiny Chest":63,"MealTicket":78,"Red Mask":43,"Bag of Marbles":49,"Bottled Lightning":25,"TungstenRod":56}],"TungstenRod":33},"card_choices":[{"not_picked":["Uppercut","Cleave"],"picked":"Thunderclap","floor":1.0},{"not_picked":["Battle Trance","Iron Wave"],"picked":"Wild Strike","floor":3.0},{"not_picked":["Flex","Shrug It Off"],"picked":"Wild Strike","floor":6.0},{"not_picked":["Body Slam","Seeing Red"],"picked":"Iron Wave","floor":7.0},{"not_picked":["Wild Strike","Rupture"],"picked":"Pommel Strike","floor":8.0},{"not_picked":["Flex","Thunderclap"],"picked":"Power Through","floor":10.0},{"not_picked":["Flame Barrier","Sword Boomerang"],"picked":"Reaper","floor":11.0},{"not_picked":["Second Wind","Sentinel"],"picked":"Pummel","floor":13.0},{"not_picked":["Headbutt","Cleave"],"picked":"Pummel","floor":14.0},{"not_picked":["Flex","Sentinel"],"picked":"Fire Breathing","floor":15.0},{"not_picked":["Berserk","Juggernaut"],"picked":"Immolate","floor":16.0},{"not_picked":["Flex","Whirlwind","True Grit"],"picked":"SKIP","floor":18.0},{"not_picked":["Headbutt","Searing Blow"],"picked":"Wild Strike","floor":19.0},{"not_picked":["Flame Barrier+1","Rage+1"],"picked":"Pummel","floor":24.0},{"not_picked":["Clash+1","Warcry"],"picked":"Evolve","floor":25.0},{"not_picked":["Disarm","True Grit+1","Twin Strike"],"picked":"SKIP","floor":27.0},{"not_picked":["Feed","Brutality"],"picked":"Immolate","floor":33},{"not_picked":["Headbutt","Anger"],"picked":"Pommel Strike","floor":35},{"not_picked":["Heavy Blade","Seeing Red"],"picked":"Iron Wave+1","floor":37},{"not_picked":["Body Slam","Sword Boomerang+1"],"picked":"Dark Embrace+1","floor":41},{"not_picked":["Heavy Blade","Body Slam+1"],"picked":"Fire Breathing","floor":42},{"not_picked":["Dropkick+1","Flex+1","Clash"],"picked":"SKIP","floor":44},{"not_picked":["Uppercut","Dark Embrace","Sword Boomerang+1"],"picked":"SKIP","floor":47}],"player_experience":209072,"relics_obtained":[{"floor":4.0,"key":"Boot"},{"floor":6.0,"key":"Dream Catcher"},{"floor":9.0,"key":"Regal Pillow"},{"floor":11.0,"key":"Happy Flower"},{"floor":13.0,"key":"Bottled Lightning"},{"floor":19.0,"key":"Red Mask"},{"floor":24.0,"key":"Bag of Marbles"},{"floor":26.0,"key":"Centennial Puzzle"},{"floor":27.0,"key":"Juzu Bracelet"},{"floor":34,"key":"Tiny Chest"},{"floor":34,"key":"White Beast Statue"},{"floor":34,"key":"Mango"},{"floor":39,"key":"Shovel"},{"floor":40,"key":"Gambling Chip"},{"floor":43,"key":"MealTicket"},{"floor":44,"key":"Incense Burner"},{"floor":48,"key":"Lizard Tail"}],"event_choices":[{"damage_healed":0.0,"max_hp_gain":0.0,"max_hp_loss":0.0,"gold_gain":0.0,"cards_transformed":["Strike_R"],"event_name":"Living Wall","player_choice":"Change","floor":2.0,"gold_loss":0.0,"damage_taken":0.0,"cards_obtained":["Warcry"]},{"damage_healed":4.0,"max_hp_gain":0.0,"max_hp_loss":0.0,"gold_gain":0.0,"event_name":"Wheel of Change","player_choice":"Full Heal","floor":5.0,"gold_loss":0.0,"damage_taken":0.0},{"damage_healed":0.0,"max_hp_gain":0.0,"max_hp_loss":0.0,"gold_gain":0.0,"cards_transformed":["Dark Embrace"],"event_name":"Transmorgrifier","player_choice":"Transformed","floor":12.0,"gold_loss":0.0,"damage_taken":0.0,"cards_obtained":["Fiend Fire"]},{"damage_healed":0.0,"max_hp_gain":0.0,"max_hp_loss":0.0,"gold_gain":0.0,"event_name":"Masked Bandits","player_choice":"Fought Bandits","floor":19.0,"gold_loss":0.0,"damage_taken":0.0},{"damage_healed":0.0,"max_hp_gain":0.0,"max_hp_loss":0.0,"gold_gain":0.0,"event_name":"Vampires","player_choice":"Ignored","floor":20.0,"gold_loss":0.0,"damage_taken":0.0},{"damage_healed":0.0,"max_hp_gain":0.0,"max_hp_loss":0.0,"gold_gain":0.0,"event_name":"Drug Dealer","player_choice":"Inject Mutagens","floor":21.0,"gold_loss":0.0,"damage_taken":0.0,"relics_obtained":["MutagenicStrength"]},{"damage_healed":0.0,"max_hp_gain":0.0,"max_hp_loss":0.0,"gold_gain":0.0,"event_name":"The Library","player_choice":"Read","floor":22.0,"gold_loss":0.0,"damage_taken":0.0,"cards_obtained":["Infernal Blade"]},{"damage_healed":0,"gold_gain":222,"player_choice":"Wore Mask","damage_taken":0,"max_hp_gain":0,"max_hp_loss":0,"event_name":"Tomb of Lord Red Mask","floor":38,"gold_loss":0},{"damage_healed":0,"gold_gain":0,"player_choice":"Fight","damage_taken":0,"max_hp_gain":0,"max_hp_loss":0,"event_name":"Mysterious Sphere","floor":39,"gold_loss":0},{"damage_healed":24,"gold_gain":0,"player_choice":"Writhe","damage_taken":0,"max_hp_gain":0,"max_hp_loss":0,"event_name":"Winding Halls","floor":45,"gold_loss":0,"cards_obtained":["Writhe"]}],"is_beta":false,"boss_relics":[{"not_picked":["Empty Cage","Runic Dome"],"picked":"Philosopher\u0027s Stone"},{"not_picked":["SacredBark","Snecko Eye"],"picked":"Calling Bell"}],"items_purged_floors":[],"is_endless":false,"potions_floor_spawned":[3,6,8,13,18,27,33,35,37,39,41,44,47],"ascension_level":8}}