{"host":"cz3p2o9n3b1gdmkz","time":1607777954,"event":{"mods":["AchievementEnabler","BaseMod","CapriCore","GungeonMod","Hermit","Minty Spire (QoL Compilation)","Replay The Spire","Shop Mod","StSLib","SuperFastMode","The Cursed","The Dragon Tamer","The Gatherer","The Jungle","The Poker Player"],"gold_per_floor":[113,167,16,16,16,43,43,61,61,61,86,100,114,141,141,240,240,260,359,141,189,206,206,239,239,288,308,308,323,24,124,124,124,124],"floor_reached":33,"playtime":1388,"items_purged":["hermit:Snapshot"],"score":348,"play_id":"6510a2da-7dd0-47fb-b7aa-5d8e690501f4","local_time":"20201212215914","is_ascension_mode":true,"campfire_choices":[{"data":"hermit:Showdown","floor":7.0,"key":"SMITH"},{"data":"hermit:Strike_Hermit","floor":10.0,"key":"SMITH"},{"data":"hermit:Maintenance","floor":15,"key":"SMITH"},{"data":"hermit:Strike_Hermit","floor":23,"key":"SMITH"},{"data":"hermit:Strike_Hermit","floor":25,"key":"SMITH"},{"data":"hermit:Strike_Hermit","floor":32,"key":"SMITH"}],"circlet_count":0,"master_deck":["hermit:Strike_Hermit+4","hermit:Strike_Hermit","hermit:Strike_Hermit","hermit:Strike_Hermit","hermit:Defend_Hermit","hermit:Defend_Hermit","hermit:Defend_Hermit","hermit:Defend_Hermit","hermit:Showdown+1","hermit:FullyLoaded","hermit:Maintenance+1","hermit:Gambit"],"relics":["hermit:Momento","NeowsBlessing","Ancient Tea Set","Simple Rune","Oddly Smooth Stone","Quantum Egg","DemoMod:WhiteGuonStone","Torii","Snecko Eye","PreservedInsect","Golden Egg","Replay:Rubber Ducky","StrikeDummy"],"acts_visited":["Exordium","TheCity"],"potions_floor_usage":[14,16,16,16,18,33,33,33],"damage_taken":[{"damage":0.0,"enemies":"Jaw Worm","floor":1.0,"turns":1.0},{"damage":0.0,"enemies":"Gremlin Nob","floor":6.0,"turns":1.0},{"damage":0.0,"enemies":"2 Louse","floor":8.0,"turns":1.0},{"damage":13.0,"enemies":"Lagavulin","floor":11.0,"turns":7.0},{"damage":0.0,"enemies":"Small Slimes","floor":12.0,"turns":3.0},{"damage":2,"enemies":"Exordium Thugs","floor":13,"turns":4},{"damage":0,"enemies":"Gremlin Nob","floor":14,"turns":4},{"damage":11,"enemies":"Slime Boss","floor":16,"turns":9},{"damage":0,"enemies":"3 Byrds","floor":18,"turns":5},{"damage":8,"enemies":"Shell Parasite","floor":22,"turns":4},{"damage":26,"enemies":"Gremlin Leader","floor":24,"turns":8},{"damage":0,"enemies":"Cultist and Chosen","floor":27,"turns":4},{"damage":1,"enemies":"Centurion and Healer","floor":29,"turns":7},{"damage":47,"enemies":"Automaton","floor":33,"turns":8}],"seed_played":"-5103697524753137659","potions_obtained":[{"floor":2.0,"key":"GamblersBrew"},{"floor":11.0,"key":"ColorlessPotion"},{"floor":14,"key":"ColorlessPotion"},{"floor":27,"key":"AttackPotion"},{"floor":29,"key":"Swift Potion"}],"is_trial":false,"path_per_floor":["M","?","$","?","$","E","R","M","T","R","E","M","M","E","R","B",null,"M","?","$","T","M","R","E","R","T","M","$","M","$","?","R","B"],"character_chosen":"HERMIT","items_purchased":["Simple Rune","PreservedInsect","StrikeDummy","SteroidPotion"],"campfire_rested":0,"item_purchase_floors":[3,20,30,30],"current_hp_per_floor":[75,75,75,75,75,75,75,75,75,75,62,62,60,60,60,49,75,75,75,75,75,67,67,41,41,41,41,41,40,40,40,40,0,0],"gold":124,"neow_bonus":"THREE_ENEMY_KILL","is_daily":false,"chose_seed":false,"campfire_upgraded":6,"win_rate":0.0,"timestamp":1607777954,"path_taken":["M","?","$","?","$","E","R","M","T","R","E","M","?","E","R","BOSS","M","?","?","?","?","R","E","R","T","M","$","M","$","?","R","BOSS"],"items_purchased_type":["Relic","Relic","Relic","Potion"],"build_version":"2020-11-30","purchased_purges":1,"victory":false,"max_hp_per_floor":[75,75,75,75,75,75,75,75,75,75,75,75,75,75,75,75,75,75,75,75,75,75,75,75,75,75,75,75,75,75,75,75,75,75],"card_choices":[{"not_picked":["hermit:Ricochet","hermit:HighCaliber"],"picked":"hermit:Showdown","floor":1.0},{"not_picked":["hermit:Grudge","hermit:Headshot","hermit:Misfire"],"picked":"SKIP","floor":6.0},{"not_picked":["hermit:TakeCover","hermit:Horror"],"picked":"hermit:FullyLoaded","floor":8.0},{"not_picked":["hermit:Dive","hermit:LoneWolf","hermit:Headshot"],"picked":"SKIP","floor":11.0},{"not_picked":["hermit:Scavenge","hermit:Glare","hermit:Feint"],"picked":"SKIP","floor":12.0},{"not_picked":["hermit:PistolWhip","hermit:Desperado"],"picked":"hermit:Maintenance","floor":13},{"not_picked":["hermit:ShadowCloak","hermit:WideOpen","hermit:GhostlyPresence"],"picked":"SKIP","floor":14},{"not_picked":["hermit:FinalCanter","hermit:Magnum"],"picked":"hermit:Gambit","floor":16},{"not_picked":["hermit:Showdown","hermit:Enervate","hermit:Coalescence"],"picked":"SKIP","floor":18},{"not_picked":["hermit:Misfire","hermit:Horror","hermit:DeadMansHand+1"],"picked":"SKIP","floor":22},{"not_picked":["hermit:Coalescence+1","hermit:ItchyTrigger","hermit:BigShot+1"],"picked":"SKIP","floor":24},{"not_picked":["hermit:Headshot","hermit:BodyArmor","hermit:Malice"],"picked":"SKIP","floor":27},{"not_picked":["hermit:CalledShot","hermit:Misfire","hermit:Dive"],"picked":"SKIP","floor":29}],"player_experience":831077,"relics_obtained":[{"floor":2.0,"key":"Ancient Tea Set"},{"floor":6.0,"key":"Oddly Smooth Stone"},{"floor":9.0,"key":"Quantum Egg"},{"floor":11.0,"key":"DemoMod:WhiteGuonStone"},{"floor":14,"key":"Torii"},{"floor":24,"key":"Golden Egg"},{"floor":26,"key":"Replay:Rubber Ducky"}],"event_choices":[{"cards_removed":["hermit:Covet"],"damage_healed":0.0,"max_hp_gain":0.0,"max_hp_loss":0.0,"gold_gain":0.0,"event_name":"Bonfire Elementals","player_choice":"Offered Basic","floor":4.0,"gold_loss":0.0,"damage_taken":0.0},{"damage_healed":0,"gold_gain":99,"player_choice":"Stole From Cult","damage_taken":0,"max_hp_gain":0,"max_hp_loss":0,"event_name":"Nest","floor":19,"gold_loss":0},{"damage_healed":0,"gold_gain":100,"player_choice":"Pray","damage_taken":0,"max_hp_gain":0,"max_hp_loss":0,"event_name":"Golden Shrine","floor":31,"gold_loss":0}],"is_beta":false,"boss_relics":[{"not_picked":["DemoMod:RiddleOfLead","ReplayTheSpireMod:DimensionalGlitch"],"picked":"Snecko Eye"}],"items_purged_floors":[20],"is_endless":false,"potions_floor_spawned":[11,12,13,14,27,29],"killed_by":"Automaton","ascension_level":1}}