{"host":"07ljfmttuzqopd7f","time":1607751521,"event":{"mods":["2.2 Compatiblity","BaseMod","Bestiary","Block Reminder","Colored Map","Colored Powertips","Curses Come First","Hermit","Minty Spire (QoL Compilation)","Quick Restart","Random Character Button","Rare Cards Sparkle","Relic Stats","StSLib","The Cursed","UnlockEverythingMod"],"gold_per_floor":[116,116,136,12,12,42,42,42,42,42,42,56,88,88,88,185,185,204,204,50,60,60,85,85,103,103,103,123,5,5,17,17,115,115,135,185,185,185],"floor_reached":37,"playtime":1718,"items_purged":["hermit:Strike_Hermit"],"score":541,"play_id":"1886da87-6ffd-431b-92c4-f9fef712cd7d","local_time":"20201212003841","is_ascension_mode":true,"campfire_choices":[{"floor":7,"key":"REST"},{"data":"hermit:Quickdraw","floor":10,"key":"SMITH"},{"data":"hermit:Determination","floor":15,"key":"SMITH"},{"floor":24,"key":"REST"},{"data":"hermit:EyeOfTheStorm","floor":30,"key":"SMITH"},{"floor":32,"key":"REST"}],"circlet_count":0,"master_deck":["hermit:Strike_Hermit","hermit:Strike_Hermit","hermit:Strike_Hermit+1","hermit:Defend_Hermit","hermit:Defend_Hermit","hermit:Defend_Hermit","hermit:Defend_Hermit","hermit:Snapshot","hermit:Covet+1","hermit:Quickdraw+1","hermit:HoleUp","hermit:Ricochet","hermit:NoHoldsBarred+1","hermit:Determination+1","hermit:LuckOfTheDraw","hermit:EternalForm","hermit:TakeAim+1","hermit:Enervate","hermit:LoneWolf","hermit:SprayPray","hermit:PistolWhip+1","hermit:EyeOfTheStorm+1","hermit:Gestalt","hermit:Vantage+1","hermit:Adapt","hermit:ShadowCloak"],"relics":["hermit:DentedPlate","Nunchaku","Art of War","Ice Cream","Toy Ornithopter","Sozu","Lee\u0027s Waffle","Dream Catcher","Mummified Hand","Runic Pyramid","hermit:RedScarf"],"acts_visited":["Exordium","TheCity","TheBeyond"],"potions_floor_usage":[33],"damage_taken":[{"damage":3,"enemies":"2 Louse","floor":1,"turns":3},{"damage":6,"enemies":"Jaw Worm","floor":3,"turns":4},{"damage":37,"enemies":"Lagavulin","floor":6,"turns":7},{"damage":0,"enemies":"Small Slimes","floor":12,"turns":1},{"damage":5,"enemies":"3 Sentries","floor":13,"turns":4},{"damage":31,"enemies":"The Guardian","floor":16,"turns":11},{"damage":8,"enemies":"2 Thieves","floor":18,"turns":3},{"damage":23,"enemies":"Spheric Guardian","floor":21,"turns":4},{"damage":65,"enemies":"Book of Stabbing","floor":23,"turns":6},{"damage":8,"enemies":"Centurion and Healer","floor":25,"turns":5},{"damage":27,"enemies":"Snake Plant","floor":28,"turns":4},{"damage":5,"enemies":"Cultist and Chosen","floor":31,"turns":5},{"damage":17,"enemies":"Champ","floor":33,"turns":9},{"damage":14,"enemies":"Orb Walker","floor":35,"turns":4},{"damage":29,"enemies":"Mind Bloom Boss Battle","floor":36,"turns":7},{"damage":37,"enemies":"3 Shapes","floor":37,"turns":4}],"seed_played":"3193761077367552050","potions_obtained":[{"floor":6,"key":"SmokeBomb"},{"floor":13,"key":"SpeedPotion"}],"is_trial":false,"path_per_floor":["M","?","M","$","?","E","R","?","T","R","?","M","E","?","R","B",null,"M","?","$","M","?","E","R","M","T","?","M","$","R","M","R","B",null,"M","?","M"],"character_chosen":"HERMIT","items_purchased":["hermit:Ricochet","Lee\u0027s Waffle","hermit:EyeOfTheStorm","hermit:Gestalt"],"campfire_rested":3,"item_purchase_floors":[4,20,29,29],"current_hp_per_floor":[104,83,77,77,59,22,54,54,54,54,54,54,49,84,84,53,53,45,45,114,91,91,26,60,52,52,90,63,63,63,58,92,80,80,66,37,0,0],"gold":185,"neow_bonus":"BOSS_RELIC","is_daily":false,"chose_seed":false,"campfire_upgraded":3,"win_rate":0.0,"timestamp":1607751521,"path_taken":["M","?","M","$","?","E","R","?","T","R","?","?","E","?","R","BOSS","M","?","$","M","?","E","R","M","T","?","M","$","R","M","R","BOSS","M","?","M"],"items_purchased_type":["Card","Relic","Card","Card"],"build_version":"2020-11-30","purchased_purges":1,"victory":false,"max_hp_per_floor":[107,107,107,107,107,107,107,107,107,107,107,107,107,107,107,107,107,107,107,114,114,114,114,114,114,114,114,114,114,114,114,114,114,114,114,114,114,114],"relic_stats":{"Sozu":5,"Nunchaku":[15],"Lee\u0027s Waffle":69,"Dream Catcher":2,"counters":[16,81],"Mummified Hand":[21],"Art of War":[3],"obtain_stats":[{"Ice Cream":9,"Sozu":17,"Nunchaku":5,"Lee\u0027s Waffle":20,"Dream Catcher":23,"hermit:DentedPlate":0,"Mummified Hand":26,"Art of War":6,"hermit:RedScarf":36,"hermit:Momento":0,"Toy Ornithopter":13,"Runic Pyramid":34},{"Ice Cream":3,"Sozu":6,"Nunchaku":2,"Lee\u0027s Waffle":7,"Dream Catcher":9,"hermit:DentedPlate":0,"Mummified Hand":10,"Art of War":3,"hermit:RedScarf":15,"hermit:Momento":0,"Toy Ornithopter":5,"Runic Pyramid":13},{"Ice Cream":14,"Sozu":30,"Nunchaku":7,"Lee\u0027s Waffle":33,"Dream Catcher":43,"hermit:DentedPlate":0,"Mummified Hand":48,"Art of War":14,"hermit:RedScarf":77,"hermit:Momento":0,"Toy Ornithopter":19,"Runic Pyramid":66}],"Toy Ornithopter":5},"card_choices":[{"not_picked":["hermit:TrackingShot","hermit:Glare"],"picked":"hermit:Quickdraw","floor":1},{"not_picked":["hermit:Glare","hermit:HighCaliber"],"picked":"hermit:HoleUp","floor":3},{"not_picked":["hermit:Desperado","hermit:HoleUp"],"picked":"hermit:NoHoldsBarred","floor":6},{"not_picked":["hermit:TakeCover","hermit:SprayPray"],"picked":"hermit:Determination","floor":12},{"not_picked":["hermit:Desperado","hermit:NoHoldsBarred"],"picked":"hermit:LuckOfTheDraw","floor":13},{"not_picked":["hermit:Gambit","hermit:RoundhouseKick"],"picked":"hermit:EternalForm","floor":16},{"not_picked":["hermit:DeadMansHand+1","hermit:TrackingShot+1"],"picked":"hermit:TakeAim+1","floor":18},{"not_picked":["hermit:HoleUp","hermit:Grudge+1","hermit:FullyLoaded+1"],"picked":"SKIP","floor":21},{"not_picked":["hermit:Scavenge","hermit:DeadOrAlive"],"picked":"hermit:Enervate","floor":23},{"not_picked":["hermit:LowProfile","hermit:BodyArmor"],"picked":"hermit:LoneWolf","floor":24},{"not_picked":["hermit:Maintenance","hermit:Desperado"],"picked":"hermit:SprayPray","floor":25},{"not_picked":["hermit:Coalescence","hermit:Quickdraw"],"picked":"hermit:PistolWhip+1","floor":28},{"not_picked":["hermit:ItchyTrigger","hermit:Roulette","hermit:Dissolve"],"picked":"SKIP","floor":31},{"not_picked":["hermit:CalledShot","hermit:HighCaliber"],"picked":"hermit:Vantage+1","floor":32},{"not_picked":["hermit:HighNoon","hermit:Reprieve"],"picked":"hermit:Adapt","floor":33},{"not_picked":["hermit:TakeCover+1","hermit:NoHoldsBarred","hermit:TrackingShot"],"picked":"SKIP","floor":35},{"not_picked":["hermit:HoleUp+1","hermit:Glare"],"picked":"hermit:ShadowCloak","floor":36}],"player_experience":384954,"relics_obtained":[{"floor":6,"key":"Art of War"},{"floor":9,"key":"Ice Cream"},{"floor":13,"key":"Toy Ornithopter"},{"floor":23,"key":"Dream Catcher"},{"floor":26,"key":"Mummified Hand"},{"floor":36,"key":"hermit:RedScarf"}],"event_choices":[{"damage_healed":0,"gold_gain":0,"player_choice":"Entered Light","damage_taken":21,"max_hp_gain":0,"max_hp_loss":0,"event_name":"Shining Light","floor":2,"gold_loss":0,"cards_upgraded":["hermit:Covet","hermit:Strike_Hermit"]},{"damage_healed":0,"gold_gain":0,"player_choice":"Success","damage_taken":18,"relics_obtained":["Nunchaku"],"max_hp_gain":0,"max_hp_loss":0,"event_name":"Scrap Ooze","floor":5,"gold_loss":0},{"damage_healed":0,"gold_gain":0,"player_choice":"Grow","damage_taken":0,"max_hp_gain":0,"max_hp_loss":0,"event_name":"Living Wall","floor":8,"gold_loss":0,"cards_upgraded":["hermit:NoHoldsBarred"]},{"damage_healed":0,"gold_gain":0,"player_choice":"Ignored","damage_taken":0,"max_hp_gain":0,"max_hp_loss":0,"event_name":"Golden Idol","floor":11,"gold_loss":0},{"damage_healed":35,"gold_gain":0,"player_choice":"Banana","damage_taken":0,"max_hp_gain":0,"max_hp_loss":0,"event_name":"Big Fish","floor":14,"gold_loss":0},{"damage_healed":0,"gold_gain":0,"player_choice":"Ignored","damage_taken":0,"max_hp_gain":0,"max_hp_loss":0,"event_name":"Cursed Tome","floor":19,"gold_loss":0},{"damage_healed":38,"gold_gain":0,"player_choice":"Heal","damage_taken":0,"max_hp_gain":0,"max_hp_loss":0,"event_name":"The Library","floor":27,"gold_loss":0},{"damage_healed":0,"gold_gain":0,"player_choice":"Fight","damage_taken":0,"max_hp_gain":0,"max_hp_loss":0,"event_name":"MindBloom","floor":36,"gold_loss":0}],"is_beta":false,"boss_relics":[{"not_picked":["Tiny House","Black Star"],"picked":"Sozu"},{"not_picked":["Philosopher\u0027s Stone","Calling Bell"],"picked":"Runic Pyramid"}],"items_purged_floors":[4],"is_endless":false,"potions_floor_spawned":[6,13,18,28,33,35,36],"killed_by":"3 Shapes","ascension_level":5}}