{"host":"vzugls1u57eppbds","time":1607809665,"event":{"mods":["AchievementEnabler","BaseMod","Better Third Choice","Minty Spire (QoL Compilation)","Relic Stats","Shop Mod","StSLib","The IronCluck"],"gold_per_floor":[109,126,137,117,47,76,91,108,108,108,183,510,510,0,0,100,100,115,115,134,84,84,115,133,133,182,182,182],"floor_reached":27,"playtime":709,"items_purged":[],"score":432,"play_id":"7135acad-b72b-44d4-a3c3-b383999b53d9","local_time":"20201212224745","is_ascension_mode":true,"campfire_choices":[{"floor":10.0,"key":"REST"},{"floor":13.0,"key":"REST"},{"data":"Metamorphosis","floor":15.0,"key":"SMITH"}],"circlet_count":0,"master_deck":["Defend_R","Defend_R","Bash","Searing Blow","Immolate+1","Bloodletting","Battle Trance","Rupture","Inflame","Cleave","Hemokinesis","Double Tap","Ghostly Armor","Metamorphosis+1","Demon Form","Fire Breathing+1","Entrench+1","Power Through+1","True Grit+1","Sword Boomerang","Metamorphosis+1","Rampage","Metallicize","Bite","Bite","Bite","Bite","Bite"],"relics":["Burning Blood","Art of War","Peace Pipe","Old Coin","Red Skull","Astrolabe","Anchor"],"acts_visited":["Exordium","TheCity"],"potions_floor_usage":[27],"damage_taken":[{"damage":9.0,"enemies":"Jaw Worm","floor":1.0,"turns":3.0},{"damage":1.0,"enemies":"Cultist","floor":2.0,"turns":3.0},{"damage":5.0,"enemies":"Small Slimes","floor":3.0,"turns":2.0},{"damage":16.0,"enemies":"Lagavulin","floor":6.0,"turns":3.0},{"damage":24.0,"enemies":"Exordium Thugs","floor":7.0,"turns":4.0},{"damage":3.0,"enemies":"2 Fungi Beasts","floor":8.0,"turns":2.0},{"damage":10.0,"enemies":"3 Sentries","floor":12.0,"turns":4.0},{"damage":8.0,"enemies":"Slime Boss","floor":16.0,"turns":6.0},{"damage":4.0,"enemies":"Shell Parasite","floor":18.0,"turns":3.0},{"damage":32.0,"enemies":"2 Thieves","floor":20.0,"turns":4.0},{"damage":32.0,"enemies":"Gremlin Leader","floor":23.0,"turns":7.0},{"damage":23.0,"enemies":"Snake Plant","floor":24.0,"turns":4.0},{"damage":17,"enemies":"Colosseum Slavers","floor":27,"turns":2}],"seed_played":"5334288463794563408","potions_obtained":[{"floor":1.0,"key":"ColorlessPotion"},{"floor":2.0,"key":"Energy Potion"},{"floor":4.0,"key":"Fruit Juice"},{"floor":8.0,"key":"GamblersBrew"},{"floor":18.0,"key":"GamblersBrew"},{"floor":24.0,"key":"ColorlessPotion"}],"is_trial":false,"path_per_floor":["M","M","M","?","$","E","M","M","T","R","?","E","R","$","R","B",null,"M","?","M","$","?","E","M","?","T","?"],"character_chosen":"IRONCLAD","items_purchased":["Rupture","Red Skull","Ghostly Armor","SneckoOil","Metamorphosis","BlessingOfTheForge"],"campfire_rested":2,"item_purchase_floors":[5,14,14,14,14,21],"current_hp_per_floor":[48,53,54,54,54,49,31,34,34,59,48,44,69,69,69,67,81,83,83,57,57,57,31,14,14,14,0,0],"gold":182,"neow_bonus":"TRANSFORM_TWO_CARDS","is_daily":false,"chose_seed":false,"campfire_upgraded":1,"win_rate":0.0,"timestamp":1607809665,"path_taken":["M","M","M","?","$","E","M","?","T","R","?","E","R","$","R","BOSS","M","?","?","$","?","E","?","?","T","?"],"items_purchased_type":["Card","Relic","Card","Potion","Card","Potion"],"build_version":"2020-11-30","purchased_purges":0,"victory":false,"max_hp_per_floor":[80,80,80,80,80,85,85,85,85,85,85,85,85,85,85,85,85,85,85,85,85,85,85,85,59,59,59,59],"relic_stats":{"Peace Pipe":0,"counters":[13,47],"Astrolabe":["Fire Breathing","Entrench","Power Through"],"Art of War":[3],"obtain_stats":[{"Peace Pipe":9,"Anchor":26,"Astrolabe":17,"Art of War":6,"Burning Blood":0,"Red Skull":14,"Old Coin":12},{"Peace Pipe":6,"Anchor":12,"Astrolabe":8,"Art of War":4,"Burning Blood":0,"Red Skull":7,"Old Coin":7},{"Peace Pipe":17,"Anchor":45,"Astrolabe":27,"Art of War":11,"Burning Blood":0,"Red Skull":21,"Old Coin":21}],"Burning Blood":72},"card_choices":[{"not_picked":["Whirlwind","True Grit"],"picked":"Bloodletting","floor":1.0},{"not_picked":["Sever Soul","Havoc","Anger"],"picked":"SKIP","floor":2.0},{"not_picked":["Sentinel","Sword Boomerang"],"picked":"Battle Trance","floor":3.0},{"not_picked":["True Grit","Searing Blow"],"picked":"Inflame","floor":6.0},{"not_picked":["Heavy Blade","Warcry"],"picked":"Cleave","floor":7.0},{"not_picked":["Dropkick","Flex"],"picked":"Hemokinesis","floor":8.0},{"not_picked":["Sword Boomerang","Spot Weakness"],"picked":"Double Tap","floor":12.0},{"not_picked":["Juggernaut","Fiend Fire"],"picked":"Demon Form","floor":16.0},{"not_picked":["Cleave","Feel No Pain"],"picked":"True Grit+1","floor":18.0},{"not_picked":["Whirlwind","Entrench"],"picked":"Sword Boomerang","floor":20.0},{"not_picked":["True Grit+1","Rupture"],"picked":"Rampage","floor":23.0},{"not_picked":["Shockwave","Thunderclap"],"picked":"Metallicize","floor":24.0}],"player_experience":207555,"relics_obtained":[{"floor":6.0,"key":"Art of War"},{"floor":9.0,"key":"Peace Pipe"},{"floor":12.0,"key":"Old Coin"},{"floor":26.0,"key":"Anchor"}],"event_choices":[{"damage_healed":0.0,"max_hp_gain":0.0,"max_hp_loss":0.0,"gold_gain":0.0,"event_name":"The Woman in Blue","player_choice":"Bought 1 Potion","floor":4.0,"gold_loss":0.0,"damage_taken":0.0},{"damage_healed":0.0,"max_hp_gain":0.0,"max_hp_loss":0.0,"gold_gain":75.0,"event_name":"betterThird:BetterGoop","player_choice":"Gold","floor":11.0,"gold_loss":0.0,"damage_taken":11.0},{"damage_healed":0.0,"max_hp_gain":0.0,"max_hp_loss":0.0,"gold_gain":0.0,"event_name":"Upgrade Shrine","player_choice":"Upgraded","floor":19.0,"gold_loss":0.0,"damage_taken":0.0,"cards_upgraded":["Immolate"]},{"damage_healed":0.0,"max_hp_gain":0.0,"max_hp_loss":0.0,"gold_gain":0.0,"event_name":"Duplicator","player_choice":"Copied","floor":22.0,"gold_loss":0.0,"damage_taken":0.0,"cards_obtained":["Metamorphosis"]},{"damage_healed":0.0,"max_hp_gain":0.0,"max_hp_loss":26.0,"gold_gain":0.0,"event_name":"Vampires","player_choice":"Became a vampire","floor":25.0,"gold_loss":0.0,"damage_taken":0.0,"cards_obtained":["Bite","Bite","Bite","Bite","Bite"]},{"damage_healed":0,"gold_gain":0,"player_choice":"Fight","damage_taken":0,"max_hp_gain":0,"max_hp_loss":0,"event_name":"Colosseum","floor":27,"gold_loss":0}],"is_beta":false,"boss_relics":[{"not_picked":["Velvet Choker","Fusion Hammer"],"picked":"Astrolabe"}],"items_purged_floors":[],"is_endless":false,"potions_floor_spawned":[1,2,8,18,24],"killed_by":"Colosseum Slavers","ascension_level":8}}