{"host":"o7j6aatxjwpw1421","time":1607768288,"event":{"mods":["2.2 Compatiblity","BaseMod","Colored Map","DeckTracker","Highlight Path","Keyboard Shortcuts","Minty Spire (QoL Compilation)","Permanent Neow","Quick Restart","StSLib","SuperFastMode","everything is the same but u backflip on backflip"],"gold_per_floor":[110,129,54,67,85,111,122,137,137,137,148,148,148,169,169,265,265,289,289,62,87,87,87,112,112,112,148,161,86,86,109,109,109,109],"floor_reached":33,"playtime":1877,"items_purged":["Decay"],"score":461,"play_id":"19ae1f89-c1e1-4603-860e-db79b4e8f70e","local_time":"20201212191808","is_ascension_mode":true,"campfire_choices":[{"data":"Phantasmal Killer","floor":10.0,"key":"SMITH"},{"floor":13.0,"key":"REST"},{"data":"Well Laid Plans","floor":15.0,"key":"SMITH"},{"data":"Cloak And Dagger","floor":23.0,"key":"SMITH"},{"floor":25.0,"key":"REST"},{"floor":30.0,"key":"REST"},{"floor":32.0,"key":"REST"}],"circlet_count":0,"master_deck":["AscendersBane","Survivor","Neutralize","Panache","Slice","Flying Knee","Dagger Spray","Dagger Throw","Well Laid Plans+1","Deflect","Phantasmal Killer+1","Endless Agony","Crippling Poison","Malaise","Predator","Night Terror","Unload","Leg Sweep","Backflip","Cloak And Dagger+1","PiercingWail","Catalyst","Dodge and Roll","Accuracy","Backflip","Prepared","PiercingWail+1"],"relics":["Ring of the Snake","Ornamental Fan","PreservedInsect","Golden Idol","Pandora\u0027s Box","Ancient Tea Set","Lantern","Mummified Hand"],"acts_visited":["Exordium","TheCity"],"potions_floor_usage":[],"damage_taken":[{"damage":6.0,"enemies":"Cultist","floor":1.0,"turns":6.0},{"damage":4.0,"enemies":"Jaw Worm","floor":2.0,"turns":7.0},{"damage":0.0,"enemies":"2 Louse","floor":4.0,"turns":2.0},{"damage":0.0,"enemies":"Large Slime","floor":5.0,"turns":5.0},{"damage":17.0,"enemies":"Gremlin Nob","floor":6.0,"turns":4.0},{"damage":1.0,"enemies":"Exordium Wildlife","floor":7.0,"turns":3.0},{"damage":9.0,"enemies":"Exordium Thugs","floor":8.0,"turns":4.0},{"damage":4.0,"enemies":"3 Louse","floor":11.0,"turns":3.0},{"damage":7.0,"enemies":"Large Slime","floor":14.0,"turns":4.0},{"damage":11.0,"enemies":"Hexaghost","floor":16.0,"turns":11.0},{"damage":18.0,"enemies":"2 Thieves","floor":18.0,"turns":4.0},{"damage":10.0,"enemies":"Chosen","floor":21.0,"turns":7.0},{"damage":4.0,"enemies":"3 Cultists","floor":24.0,"turns":4.0},{"damage":27.0,"enemies":"Gremlin Leader","floor":27.0,"turns":7.0},{"damage":0.0,"enemies":"Chosen and Byrds","floor":28.0,"turns":4.0},{"damage":22.0,"enemies":"Snake Plant","floor":31.0,"turns":4.0},{"damage":0,"enemies":"Automaton","floor":33,"turns":1}],"seed_played":"2988944347567844164","potions_obtained":[{"floor":1.0,"key":"Block Potion"},{"floor":5.0,"key":"DuplicationPotion"},{"floor":7.0,"key":"LiquidBronze"},{"floor":8.0,"key":"Block Potion"},{"floor":18.0,"key":"EssenceOfSteel"},{"floor":24.0,"key":"SteroidPotion"},{"floor":27.0,"key":"Weak Potion"},{"floor":31.0,"key":"SkillPotion"}],"is_trial":false,"path_per_floor":["M","M","$","M","M","E","M","M","T","R","M","?","R","M","R","B",null,"M","?","$","M","?","R","M","R","T","E","M","?","R","M","R","B"],"character_chosen":"THE_SILENT","items_purchased":["Accuracy","Ancient Tea Set"],"campfire_rested":4,"item_purchase_floors":[20,20],"current_hp_per_floor":[53,49,49,49,49,32,31,22,22,22,18,18,36,29,29,18,50,32,32,32,22,22,22,18,36,36,9,9,9,27,5,23,23,23],"gold":109,"neow_bonus":"RANDOM_COLORLESS_2","is_daily":false,"chose_seed":false,"campfire_upgraded":3,"win_rate":0.0,"timestamp":1607768288,"path_taken":["M","M","$","M","M","E","M","M","T","R","M","?","R","M","R","BOSS","M","?","$","M","?","R","M","R","T","E","M","?","R","M","R","BOSS"],"items_purchased_type":["Card","Relic"],"build_version":"2020-11-30","purchased_purges":1,"victory":false,"max_hp_per_floor":[66,66,66,66,66,66,66,66,66,66,66,61,61,61,61,61,61,61,61,61,61,61,61,61,61,61,61,61,61,61,61,61,61,61],"card_choices":[{"not_picked":["The Bomb","Secret Technique"],"picked":"Panache","floor":0.0},{"not_picked":["Backflip","PiercingWail"],"picked":"Slice","floor":1.0},{"not_picked":["Dodge and Roll","Infinite Blades"],"picked":"Flying Knee","floor":2.0},{"not_picked":["Underhanded Strike","Slice"],"picked":"Dagger Spray","floor":4.0},{"not_picked":["Acrobatics","Flying Knee"],"picked":"Dagger Throw","floor":5.0},{"not_picked":["Cloak And Dagger","Dagger Throw"],"picked":"Well Laid Plans","floor":6.0},{"not_picked":["Quick Slash","Outmaneuver"],"picked":"Deflect","floor":7.0},{"not_picked":["Dodge and Roll","Finisher"],"picked":"Phantasmal Killer","floor":8.0},{"not_picked":["Terror","Slice"],"picked":"Endless Agony","floor":11.0},{"not_picked":["Heel Hook","Dodge and Roll"],"picked":"Crippling Poison","floor":14.0},{"not_picked":["Wraith Form v2","Doppelganger"],"picked":"Malaise","floor":16.0},{"not_picked":["Quick Slash+1","Acrobatics+1"],"picked":"Dodge and Roll","floor":18.0},{"not_picked":["Dagger Throw","All Out Attack","Riddle With Holes"],"picked":"SKIP","floor":21.0},{"not_picked":["Underhanded Strike+1","Deflect+1"],"picked":"Backflip","floor":24.0},{"not_picked":["Slice","Caltrops"],"picked":"Prepared","floor":27.0},{"not_picked":["Backflip","Quick Slash","Underhanded Strike"],"picked":"SKIP","floor":28.0},{"not_picked":["Backflip+1","Concentrate"],"picked":"PiercingWail+1","floor":31.0}],"player_experience":215586,"relics_obtained":[{"floor":6.0,"key":"Ornamental Fan"},{"floor":9.0,"key":"PreservedInsect"},{"floor":26.0,"key":"Lantern"},{"floor":27.0,"key":"Mummified Hand"}],"event_choices":[{"damage_healed":0.0,"max_hp_gain":0.0,"max_hp_loss":5.0,"gold_gain":0.0,"event_name":"Golden Idol","player_choice":"Lose Max HP","floor":12.0,"gold_loss":0.0,"damage_taken":0.0,"relics_obtained":["Golden Idol"]},{"damage_healed":0.0,"max_hp_gain":0.0,"max_hp_loss":0.0,"gold_gain":0.0,"event_name":"Ghosts","player_choice":"Ignored","floor":19.0,"gold_loss":0.0,"damage_taken":0.0},{"cards_removed":["Dagger Spray"],"damage_healed":0.0,"max_hp_gain":0.0,"max_hp_loss":0.0,"gold_gain":0.0,"event_name":"Back to Basics","player_choice":"Elegance","floor":22.0,"gold_loss":0.0,"damage_taken":0.0},{"cards_removed":["Bane"],"damage_healed":0.0,"max_hp_gain":0.0,"max_hp_loss":0.0,"gold_gain":0.0,"event_name":"Beggar","player_choice":"Gave Gold","floor":29.0,"gold_loss":75.0,"damage_taken":0.0}],"is_beta":false,"boss_relics":[{"not_picked":["Fusion Hammer","SlaversCollar"],"picked":"Pandora\u0027s Box"}],"items_purged_floors":[3],"is_endless":false,"potions_floor_spawned":[1,5,7,8,18,24,27,31],"killed_by":"Automaton","ascension_level":14}}