{"host":"se2kry7a7ac49ar7","time":1607765717,"event":{"mods":["BaseMod","Bestiary","Minty Spire (QoL Compilation)","StSLib"],"gold_per_floor":[114,134,152,162,176,204,204,231,231,231,231],"floor_reached":10,"playtime":477,"items_purged":[],"score":144,"play_id":"57464095-2b7e-4e9f-8026-e6aa1125274e","local_time":"20201212013517","is_ascension_mode":true,"campfire_choices":[{"floor":7,"key":"REST"}],"circlet_count":0,"master_deck":["AscendersBane","Strike_R","Strike_R","Strike_R","Strike_R","Strike_R","Defend_R","Defend_R","Defend_R","Defend_R","Bash","Flame Barrier","Clothesline","Impervious","Clothesline","Shockwave","Perfected Strike","Entrench"],"relics":["Velvet Choker","Omamori","Letter Opener","Frozen Egg 2"],"acts_visited":["Exordium"],"potions_floor_usage":[6,6,10],"damage_taken":[{"damage":9,"enemies":"2 Louse","floor":1,"turns":3},{"damage":4,"enemies":"Small Slimes","floor":2,"turns":4},{"damage":0,"enemies":"Jaw Worm","floor":3,"turns":3},{"damage":9,"enemies":"Blue Slaver","floor":4,"turns":3},{"damage":6,"enemies":"2 Fungi Beasts","floor":5,"turns":4},{"damage":30,"enemies":"Lagavulin","floor":6,"turns":6},{"damage":19,"enemies":"Gremlin Nob","floor":8,"turns":4},{"damage":20,"enemies":"3 Sentries","floor":10,"turns":3}],"seed_played":"4623488580180566423","potions_obtained":[{"floor":1,"key":"GamblersBrew"},{"floor":3,"key":"PowerPotion"},{"floor":6,"key":"Energy Potion"}],"is_trial":false,"path_per_floor":["M","M","M","M","M","E","R","E","T","E"],"character_chosen":"IRONCLAD","items_purchased":[],"campfire_rested":1,"item_purchase_floors":[],"current_hp_per_floor":[59,55,55,46,40,10,32,13,13,0,0],"gold":231,"neow_bonus":"BOSS_RELIC","is_daily":false,"chose_seed":false,"campfire_upgraded":0,"win_rate":0.0,"timestamp":1607765717,"path_taken":["M","M","M","M","M","E","R","E","T","E"],"items_purchased_type":[],"build_version":"2020-11-30","purchased_purges":0,"victory":false,"max_hp_per_floor":[75,75,75,75,75,75,75,75,75,75,75],"card_choices":[{"not_picked":["Sword Boomerang","Perfected Strike"],"picked":"Flame Barrier","floor":1},{"not_picked":["Fire Breathing","Thunderclap"],"picked":"Clothesline","floor":2},{"not_picked":["Thunderclap","Havoc"],"picked":"Impervious","floor":3},{"not_picked":["Flex","Wild Strike"],"picked":"Clothesline","floor":4},{"not_picked":["Perfected Strike","Pommel Strike"],"picked":"Shockwave","floor":5},{"not_picked":["Warcry","Body Slam"],"picked":"Perfected Strike","floor":6},{"not_picked":["Pummel","Metallicize"],"picked":"Entrench","floor":8}],"player_experience":631957,"relics_obtained":[{"floor":6,"key":"Omamori"},{"floor":8,"key":"Letter Opener"},{"floor":9,"key":"Frozen Egg 2"}],"event_choices":[],"is_beta":false,"boss_relics":[],"items_purged_floors":[],"is_endless":false,"potions_floor_spawned":[1,3,6],"killed_by":"3 Sentries","ascension_level":16}}