{"host":"81h68oe4mr04pk3r","time":1607762001,"event":{"mods":["Act Like it!","Aspiration","BaseMod","BetterRewards","Colored Map","Colored Powertips","Conspire","Downfall","Hermit","Hubris","Infinite Spire","Jorbs\u0027s Wanderer Trilogy","Koishi","Lobotomy","LobotomyExtend","Marisa????????","Minty Spire (QoL Compilation)","Quick Restart","Reimu??????","Remilia??????","Replay The Spire","StSLib","The Bug Knight","The Construct","The Cursed","The Disciple","The Servant 0.9.4"],"gold_per_floor":[116,130,32,32,43,43,43,43,69,69,86,86,86,104,104,155,155,155,155,155,167,209,209,220,234,234,267,281,281,281,294,294,393,393,413,433,433,433,433],"floor_reached":38,"playtime":1507,"items_purged":[],"score":384,"play_id":"d01e8290-e824-4287-9da4-346e38a48a6f","local_time":"20201212003321","is_ascension_mode":false,"campfire_choices":[{"data":"PulseMagic","floor":6,"key":"SMITH"},{"data":"MilkyWay","floor":8,"key":"SMITH"},{"data":"EarthLightRay","floor":12,"key":"SMITH"},{"data":"PowerUp","floor":15,"key":"SMITH"},{"data":"FinalSpark","floor":23,"key":"SMITH"},{"floor":29,"key":"REST"},{"floor":32,"key":"REST"}],"circlet_count":0,"master_deck":["Strike_MRS","Strike_MRS","Strike_MRS","Strike_MRS","Defend_MRS","Defend_MRS","Defend_MRS","Defend_MRS","MasterSpark","UpSweep","PulseMagic+1","DoubleSpark","PowerUp","EarthLightRay+1","MilkyWay+1","BlazeAway+1","PowerUp+1","FinalSpark+1","stsjorbsmod:ProdigalMemory","stsjorbsmod:MirroredTechnique","hubris:Fate","DoubleSpark","WitchLeyline","GrandCross+1","IllusionStar","PowerUp","FinalSpark+1","StarBarrage+1","FinalSpark","stsjorbsmod:Blasphemer","stsjorbsmod:Possession","Acceleration+1","SuperPerseids+1"],"relics":["MiniHakkero","aspiration:Nostalgia","stsjorbsmod:BookOfTrialsRelic","LetterFromLob","hubris:Icosahedron","hubris:ToyBattleship","Sozu","hubris:TenFootPole","HollowMod:StagPassRelic","AmplifyWand"],"acts_visited":["Exordium","TheCity","TheBeyond"],"potions_floor_usage":[16,16],"damage_taken":[{"damage":1,"enemies":"Cultist","floor":1,"turns":3},{"damage":5,"enemies":"2 Louse","floor":2,"turns":3},{"damage":5,"enemies":"Small Slimes","floor":5,"turns":3},{"damage":9,"enemies":"3 Louse","floor":11,"turns":4},{"damage":7,"enemies":"Blue Slaver","floor":14,"turns":3},{"damage":36,"enemies":"Hexaghost","floor":16,"turns":5},{"damage":5,"enemies":"Chosen","floor":21,"turns":3},{"damage":29,"enemies":"3 Byrds","floor":24,"turns":4},{"damage":0,"enemies":"3 Cultists","floor":25,"turns":1},{"damage":2,"enemies":"Nightmare","floor":27,"turns":3},{"damage":6,"enemies":"Snecko","floor":28,"turns":3},{"damage":40,"enemies":"Snake Plant","floor":31,"turns":4},{"damage":29,"enemies":"Automaton","floor":33,"turns":5},{"damage":35,"enemies":"3 Shapes","floor":35,"turns":4},{"damage":0,"enemies":"3 Darklings","floor":36,"turns":4},{"damage":38,"enemies":"infinitespire:Three Voidlings","floor":37,"turns":5},{"damage":14,"enemies":"Jaw Worm Horde","floor":38,"turns":1}],"seed_played":"-9082799952823346214","potions_obtained":[{"floor":11,"key":"SkillPotion"},{"floor":16,"key":"SteroidPotion"}],"is_trial":false,"path_per_floor":["M","M","$","?","M","R","?","R","T","?","M","R","?","M","R","B",null,"M","?","AVR","M","?","R","M","M","T","NM","M","R","?","M","R","B",null,"M","M","?","M"],"character_chosen":"MARISA","items_purchased":["PowerUp","Energy Potion"],"campfire_rested":2,"item_purchase_floors":[3,3],"current_hp_per_floor":[74,69,69,69,64,64,64,64,64,72,67,67,67,66,66,36,75,75,75,75,73,73,73,44,44,44,48,48,69,69,29,50,21,73,38,44,6,0,0],"gold":433,"neow_bonus":"NOSTALGIA","is_daily":false,"chose_seed":false,"campfire_upgraded":5,"win_rate":0.0,"timestamp":1607762001,"path_taken":["M","M","$","?","M","R","?","R","T","?","M","R","?","?","R","BOSS","M","?","AVR","M","?","R","M","M","T","NM","?","R","?","?","R","BOSS","M","M","?","M"],"items_purchased_type":["Card","Potion"],"build_version":"2020-11-30","purchased_purges":0,"victory":false,"max_hp_per_floor":[75,75,75,75,75,75,75,75,75,75,75,75,75,75,75,75,75,75,75,75,73,73,73,73,73,73,73,73,73,73,73,73,73,73,71,71,69,69,69],"card_choices":[{"not_picked":["GravityBeat","StarlightTyphoon"],"picked":"PulseMagic","floor":1},{"not_picked":["MilkyWay","LuminesStrike"],"picked":"DoubleSpark","floor":2},{"not_picked":["OneTimeOff","DC"],"picked":"EarthLightRay","floor":5},{"not_picked":["OortCloud","DragonMeteor"],"picked":"BlazeAway","floor":11},{"not_picked":["StarlightTyphoon","AlicesGift"],"picked":"PowerUp","floor":14},{"not_picked":["StarDustReverie","BigCrunch"],"picked":"FinalSpark","floor":16},{"not_picked":["6A","GrandCross"],"picked":"DoubleSpark","floor":21},{"not_picked":["UnstableBomb+1","OpenUniverse"],"picked":"WitchLeyline","floor":22},{"not_picked":["GalacticHalo","ChargingUp+1"],"picked":"GrandCross+1","floor":24},{"not_picked":["AlicesGift","EnergyRecoil"],"picked":"IllusionStar","floor":25},{"not_picked":["WitchOfGreed","OneTimeOff+1","IllusionStar"],"picked":"SKIP","floor":27},{"not_picked":["SporeBomb","LuminesStrike"],"picked":"PowerUp","floor":28},{"not_picked":["MachineGunSpark","MagicAbsorber"],"picked":"StarBarrage+1","floor":31},{"not_picked":["EscapeVelocity","BlazingStar"],"picked":"FinalSpark","floor":33},{"not_picked":["IllusionStar+1","AsteroidBelt+1"],"picked":"Acceleration+1","floor":35},{"not_picked":["SprinkleStarSeal+1","GravityBeat"],"picked":"SuperPerseids+1","floor":36}],"player_experience":93457,"relics_obtained":[{"floor":1,"key":"LetterFromLob"},{"floor":9,"key":"hubris:ToyBattleship"},{"floor":26,"key":"HollowMod:StagPassRelic"},{"floor":27,"key":"AmplifyWand"}],"event_choices":[{"damage_healed":0,"gold_gain":0,"player_choice":"Forge","damage_taken":0,"max_hp_gain":0,"max_hp_loss":0,"event_name":"Accursed Blacksmith","floor":13,"gold_loss":0,"cards_upgraded":["BlazeAway"]},{"damage_healed":0,"gold_gain":0,"player_choice":"Copied","damage_taken":0,"max_hp_gain":0,"max_hp_loss":0,"event_name":"Duplicator","floor":30,"gold_loss":0,"cards_obtained":["FinalSpark"]}],"is_beta":false,"boss_relics":[{"not_picked":["Velvet Choker","Kintsugi"],"picked":"Sozu"},{"not_picked":["hubris:VirtuousBlindfold","aspiration:PoetsPen_weak","hubris:GrandSneckoEye"]}],"items_purged_floors":[],"is_endless":true,"potions_floor_spawned":[11,16,21,24,28],"killed_by":"Jaw Worm Horde","ascension_level":0}}