{"host":"b3ffc6bdvud3tp8m","time":1607807372,"event":{"mods":["AchievementEnabler","BaseMod","Colored Map","Colored Powertips","Highlight Path","Minty Spire (QoL Compilation)","Rare Cards Sparkle","SuperFastMode","slay the spire mod where everything is the same but ironclad has a cowboy hat"],"gold_per_floor":[109,109,125,50,62,62,95,95,95,95,114,144,164,187,187,289,339,352,379,289,289,289],"floor_reached":21,"playtime":1835,"items_purged":["Strike_R"],"score":215,"play_id":"7a244e85-df87-411b-91bd-2da11267746d","local_time":"20201212210932","is_ascension_mode":true,"campfire_choices":[{"data":"Bash","floor":6,"key":"SMITH"},{"data":"Uppercut","floor":8,"key":"SMITH"},{"data":"Body Slam","floor":10,"key":"SMITH"},{"data":"Flame Barrier","floor":15,"key":"SMITH"}],"circlet_count":0,"master_deck":["Strike_R","Strike_R","Defend_R","Defend_R","Defend_R","Defend_R","Bash+1","Body Slam+1","Hemokinesis","Uppercut+1","Headbutt","Fire Breathing+1","Flame Barrier+1","Pommel Strike+1","Double Tap","Warcry","Entrench","Shrug It Off"],"relics":["Burning Blood","Paper Frog","Eternal Feather","Prayer Wheel","MealTicket","Tiny House","Red Mask"],"acts_visited":["Exordium","TheCity"],"potions_floor_usage":[7,19,19,19],"damage_taken":[{"damage":10,"enemies":"Small Slimes","floor":1,"turns":4},{"damage":3,"enemies":"Cultist","floor":3,"turns":3},{"damage":4,"enemies":"2 Louse","floor":5,"turns":2},{"damage":12,"enemies":"Gremlin Nob","floor":7,"turns":3},{"damage":3,"enemies":"Looter","floor":11,"turns":2},{"damage":29,"enemies":"3 Sentries","floor":12,"turns":7},{"damage":7,"enemies":"Gremlin Gang","floor":13,"turns":7},{"damage":29,"enemies":"The Guardian","floor":16,"turns":9},{"damage":33,"enemies":"2 Thieves","floor":18,"turns":5},{"damage":46,"enemies":"Masked Bandits","floor":19,"turns":6},{"damage":29,"enemies":"Spheric Guardian","floor":21,"turns":6}],"seed_played":"1433975161277846000","potions_obtained":[{"floor":5,"key":"SteroidPotion"},{"floor":7,"key":"LiquidBronze"},{"floor":16,"key":"HeartOfIron"},{"floor":17,"key":"LiquidBronze"}],"is_trial":false,"path_per_floor":["M","?","M","$","M","R","E","R","T","R","M","E","M","T","R","B",null,"M","?","?","M"],"character_chosen":"IRONCLAD","items_purchased":[],"campfire_rested":0,"item_purchase_floors":[],"current_hp_per_floor":[84,84,87,87,88,88,82,82,82,88,88,65,64,64,73,50,93,66,26,26,0,0],"gold":289,"neow_bonus":"TEN_PERCENT_HP_BONUS","is_daily":false,"chose_seed":false,"campfire_upgraded":4,"win_rate":0.0,"timestamp":1607807372,"path_taken":["M","?","M","$","M","R","E","R","T","R","M","E","?","?","R","BOSS","M","?","?","?"],"items_purchased_type":[],"build_version":"2020-11-30","purchased_purges":1,"victory":false,"max_hp_per_floor":[88,88,88,88,88,88,88,88,88,88,88,88,88,88,88,88,93,93,93,93,93,93],"card_choices":[{"not_picked":["Shockwave","Sword Boomerang"],"picked":"Body Slam","floor":1},{"not_picked":["Inflame","Clash","Hemokinesis"],"picked":"SKIP","floor":3},{"not_picked":["Sword Boomerang","Sentinel","Wild Strike"],"picked":"SKIP","floor":5},{"not_picked":["Rage","Feel No Pain"],"picked":"Uppercut","floor":7},{"not_picked":["Perfected Strike","Warcry"],"picked":"Headbutt","floor":11},{"not_picked":["Immolate","Dark Embrace"],"picked":"Fire Breathing","floor":12},{"not_picked":["Fiend Fire","Headbutt"],"picked":"Flame Barrier","floor":13},{"not_picked":["Thunderclap","Iron Wave"],"picked":"Pommel Strike","floor":13},{"not_picked":["Bludgeon","Corruption"],"picked":"Double Tap","floor":16},{"not_picked":["Sword Boomerang","Anger"],"picked":"Warcry","floor":17},{"not_picked":["Pummel+1","True Grit+1"],"picked":"Entrench","floor":18},{"not_picked":["Sword Boomerang","Evolve","Heavy Blade"],"picked":"SKIP","floor":18},{"not_picked":["Rampage","Wild Strike+1"],"picked":"Shrug It Off","floor":19}],"player_experience":108892,"relics_obtained":[{"floor":7,"key":"Paper Frog"},{"floor":9,"key":"Eternal Feather"},{"floor":12,"key":"Prayer Wheel"},{"floor":14,"key":"MealTicket"},{"floor":19,"key":"Red Mask"}],"event_choices":[{"damage_healed":0,"gold_gain":0,"cards_transformed":["Strike_R"],"player_choice":"Transformed","damage_taken":0,"max_hp_gain":0,"max_hp_loss":0,"event_name":"Transmorgrifier","floor":2,"gold_loss":0,"cards_obtained":["Hemokinesis"]},{"damage_healed":0,"gold_gain":0,"player_choice":"Fought Bandits","damage_taken":0,"max_hp_gain":0,"max_hp_loss":0,"event_name":"Masked Bandits","floor":19,"gold_loss":0},{"cards_removed":["Strike_R"],"damage_healed":0,"gold_gain":0,"player_choice":"Upgrade and Remove","damage_taken":0,"max_hp_gain":0,"max_hp_loss":0,"event_name":"Designer","floor":20,"gold_loss":90,"cards_upgraded":["Fire Breathing"]}],"is_beta":false,"boss_relics":[{"not_picked":["SacredBark","Sozu"],"picked":"Tiny House"}],"items_purged_floors":[4],"is_endless":false,"potions_floor_spawned":[5,7,16],"killed_by":"Spheric Guardian","ascension_level":3}}