{"host":"6o1vh5lr98s0jjq7","time":1607752621,"event":{"mods":["2.2 Compatiblity","Act Like it!","Aspiration","BaseMod","Better Altar","Better Match","Better Note","Better Third Choice","Conspire","Downfall","Gensokyo","Hallownest","Infinite Spire","Marisa????????","Minty Spire (QoL Compilation)","Replay The Spire","StSLib","The Alterego","WarShipGirlsR/????R mod"],"gold_per_floor":[115,131,131,55,72,103,115,143,143,143,163,182,182,210,210,210,210],"floor_reached":16,"playtime":1098,"items_purged":[],"score":146,"play_id":"3441a010-6617-4531-98e0-02cf351ebe95","local_time":"20201211235701","is_ascension_mode":true,"campfire_choices":[{"floor":10,"key":"RECALL"},{"floor":15,"key":"REST"}],"circlet_count":0,"master_deck":["Strike_MRS","Strike_MRS","Strike_MRS","Strike_MRS","Defend_MRS","Defend_MRS","Defend_MRS","Defend_MRS","MasterSpark","UpSweep","DC","NonDirectionalLaser","DoubleSpark","FairyDestructionRay","MagicAbsorber","NonDirectionalLaser","LuminesStrike","MagicAbsorber","FairyDestructionRay","6A","AsteroidBelt","MysteriousBeam","GrandCross","TreasureHunter","OneTimeOff"],"relics":["MiniHakkero","Anchor","Pantograph","Replay:Multitool","Garlic","infinitespire:Eraser"],"acts_visited":["Exordium"],"potions_floor_usage":[11,14],"damage_taken":[{"damage":0,"enemies":"Jaw Worm","floor":1,"turns":3},{"damage":1,"enemies":"Cultist","floor":2,"turns":3},{"damage":0,"enemies":"2 Louse","floor":5,"turns":1},{"damage":5,"enemies":"Replay:BlueRogue","floor":6,"turns":4},{"damage":4,"enemies":"Red Slaver","floor":7,"turns":2},{"damage":12,"enemies":"3 Sentries","floor":8,"turns":3},{"damage":0,"enemies":"Looter","floor":11,"turns":1},{"damage":13,"enemies":"Gremlin Gang","floor":12,"turns":3},{"damage":19,"enemies":"Lagavulin","floor":14,"turns":6},{"damage":72,"enemies":"The Guardian","floor":16,"turns":12}],"seed_played":"5632600659506099320","potions_obtained":[{"floor":2,"key":"LifebloodPotion"},{"floor":8,"key":"Fire Potion"},{"floor":11,"key":"SpeedPotion"},{"floor":12,"key":"Elixir"}],"is_trial":false,"path_per_floor":["M","M","?","$","M","E","M","E","T","R","M","M","?","E","R","B"],"character_chosen":"MARISA","items_purchased":["MagicAbsorber"],"campfire_rested":1,"item_purchase_floors":[4],"current_hp_per_floor":[75,74,74,74,74,69,65,53,53,53,53,40,40,21,43,0,0],"gold":210,"neow_bonus":"RANDOM_COMMON_RELIC","is_daily":false,"chose_seed":false,"campfire_upgraded":0,"win_rate":0.0,"timestamp":1607752621,"path_taken":["M","M","?","$","M","E","M","E","T","R","M","M","?","E","R","BOSS"],"items_purchased_type":["Card"],"build_version":"2020-11-30","purchased_purges":0,"victory":false,"max_hp_per_floor":[75,75,75,75,75,75,75,75,75,75,75,75,75,75,75,75,75],"card_choices":[{"not_picked":["DarkMatter","DoubleSpark"],"picked":"DC","floor":1},{"not_picked":["IllusionStar","GalacticHalo"],"picked":"NonDirectionalLaser","floor":2},{"not_picked":["DC","GasGiant"],"picked":"FairyDestructionRay","floor":5},{"not_picked":["MeteoricShower","EscapeVelocity"],"picked":"6A","floor":6},{"not_picked":["EarthLightRay","GalacticHalo"],"picked":"AsteroidBelt","floor":7},{"not_picked":["ShootingEcho","IllusionStar"],"picked":"MysteriousBeam","floor":8},{"not_picked":["NonDirectionalLaser","SporeBomb"],"picked":"GrandCross","floor":11},{"not_picked":["OneTimeOff","FairyDestructionRay"],"picked":"TreasureHunter","floor":12},{"not_picked":["WitchOfGreed","MilkyWay"],"picked":"OneTimeOff","floor":14}],"player_experience":190827,"relics_obtained":[{"floor":6,"key":"Pantograph"},{"floor":8,"key":"Replay:Multitool"},{"floor":14,"key":"infinitespire:Eraser"}],"event_choices":[{"damage_healed":0,"gold_gain":0,"player_choice":"Gave Potion","damage_taken":0,"relics_obtained":["Garlic"],"max_hp_gain":0,"max_hp_loss":0,"event_name":"WeMeetAgain","floor":13,"gold_loss":0}],"is_beta":false,"boss_relics":[],"items_purged_floors":[],"is_endless":false,"potions_floor_spawned":[2,8,11,12],"killed_by":"The Guardian","ascension_level":4}}