{"host":"icfpfg8l7slpscsh","time":1607814489,"event":{"mods":["AchievementEnabler","BaseMod","Colored Map","Colored Powertips","Highlight Path","Minty Spire (QoL Compilation)","Permanent Neow","Quick Restart","StSLib"],"gold_per_floor":[114,84,102,117,135,135,167,180,203,203,203,34,34,45,45,45,45],"floor_reached":16,"playtime":575,"items_purged":[],"score":204,"play_id":"a6d1cb0e-0358-4ae1-a1d0-8271f46f5989","local_time":"20201212180809","is_ascension_mode":true,"campfire_choices":[{"floor":6,"key":"REST"},{"floor":11,"key":"REST"},{"data":"Survivor","floor":13,"key":"SMITH"},{"floor":15,"key":"REST"}],"circlet_count":0,"master_deck":["AscendersBane","Strike_G","Strike_G","Strike_G","Strike_G","Strike_G","Defend_G","Defend_G","Defend_G","Defend_G","Defend_G","Survivor+1","Neutralize+1","Flying Knee","Flying Knee","Escape Plan","PiercingWail","Escape Plan","Dagger Throw","Dagger Spray"],"relics":["Ring of the Snake","Omamori","Bag of Marbles","Vajra","Nunchaku"],"acts_visited":["Exordium"],"potions_floor_usage":[7,16],"damage_taken":[{"damage":4,"enemies":"Small Slimes","floor":1,"turns":4},{"damage":3,"enemies":"Cultist","floor":3,"turns":4},{"damage":7,"enemies":"2 Louse","floor":4,"turns":3},{"damage":11,"enemies":"Blue Slaver","floor":5,"turns":5},{"damage":59,"enemies":"3 Sentries","floor":7,"turns":13},{"damage":6,"enemies":"Lots of Slimes","floor":8,"turns":5},{"damage":7,"enemies":"Red Slaver","floor":14,"turns":4},{"damage":54,"enemies":"Slime Boss","floor":16,"turns":8}],"seed_played":"5553439460319328056","potions_obtained":[{"floor":2,"key":"FairyPotion"},{"floor":2,"key":"Energy Potion"},{"floor":5,"key":"SkillPotion"},{"floor":14,"key":"DuplicationPotion"}],"is_trial":false,"path_per_floor":["M","?","M","M","M","R","E","M","T","?","R","$","R","M","R","B"],"character_chosen":"THE_SILENT","items_purchased":["Nunchaku"],"campfire_rested":3,"item_purchase_floors":[12],"current_hp_per_floor":[55,55,52,45,34,53,19,13,13,13,32,32,32,25,44,0,0],"gold":45,"neow_bonus":"RANDOM_COMMON_RELIC","is_daily":false,"chose_seed":false,"campfire_upgraded":1,"win_rate":0.0,"timestamp":1607814489,"path_taken":["M","?","M","M","?","R","E","M","T","?","R","$","R","M","R","BOSS"],"items_purchased_type":["Relic"],"build_version":"2020-11-30","purchased_purges":0,"victory":false,"max_hp_per_floor":[66,66,66,66,66,66,66,66,66,66,66,66,66,66,66,66,66],"card_choices":[{"not_picked":["Slice","Dodge and Roll"],"picked":"Flying Knee","floor":1},{"not_picked":["Slice","Flechettes"],"picked":"Flying Knee","floor":3},{"not_picked":["Finisher","Bouncing Flask"],"picked":"Escape Plan","floor":4},{"not_picked":["Sucker Punch","Accuracy"],"picked":"PiercingWail","floor":5},{"not_picked":["Underhanded Strike","Tactician"],"picked":"Escape Plan","floor":7},{"not_picked":["Accuracy","Blade Dance"],"picked":"Dagger Throw","floor":8},{"not_picked":["PiercingWail","Backflip"],"picked":"Dagger Spray","floor":14}],"player_experience":1410887,"relics_obtained":[{"floor":7,"key":"Bag of Marbles"},{"floor":9,"key":"Vajra"}],"event_choices":[{"damage_healed":0,"gold_gain":0,"player_choice":"Bought 2 Potions","damage_taken":0,"max_hp_gain":0,"max_hp_loss":0,"event_name":"The Woman in Blue","floor":2,"gold_loss":0},{"damage_healed":0,"gold_gain":0,"player_choice":"Grow","damage_taken":0,"max_hp_gain":0,"max_hp_loss":0,"event_name":"Living Wall","floor":10,"gold_loss":0,"cards_upgraded":["Neutralize"]}],"is_beta":false,"boss_relics":[],"items_purged_floors":[],"is_endless":false,"potions_floor_spawned":[3,5,14],"killed_by":"Slime Boss","ascension_level":20}}