{"host":"7l2t4psy44vpcd9q","time":1607771534,"event":{"mods":["AchievementEnabler","BaseMod","DeckTracker","Minty Spire (QoL Compilation)","SuperFastMode"],"gold_per_floor":[19,19,19,19,42,42,78,93,116,116,130,173,194,6,6,102,102,122,83,108,128,18,18,18,18,42,42,66,66,66,66],"floor_reached":30,"playtime":1444,"items_purged":["Strike_B"],"score":507,"play_id":"26020079-0a03-49f8-a5ae-945a3cbecf48","local_time":"20201212201214","is_ascension_mode":true,"campfire_choices":[{"data":"Buffer","floor":6,"key":"SMITH"},{"floor":10,"key":"REST"},{"data":"Beam Cell","floor":15,"key":"SMITH"},{"floor":23,"key":"REST"},{"data":"Chaos","floor":25,"key":"SMITH"},{"floor":29,"key":"REST"}],"circlet_count":0,"master_deck":["AscendersBane","Strike_B","Strike_B","Defend_B","Defend_B","Defend_B","Zap","Dualcast","Buffer+1","Lockon","Chill","Beam Cell+1","Rebound","Cold Snap","Cold Snap","Double Energy","Chaos+1","Capacitor","Coolheaded+1","Rainbow+1","Barrage","Self Repair+1"],"relics":["Cracked Core","Golden Idol","Nunchaku","PreservedInsect","CaptainsWheel","Inserter","Art of War"],"acts_visited":["Exordium","TheCity"],"potions_floor_usage":[7,16,21,24,28],"damage_taken":[{"damage":1,"enemies":"Cultist","floor":1,"turns":3},{"damage":2,"enemies":"2 Louse","floor":5,"turns":3},{"damage":27,"enemies":"3 Sentries","floor":7,"turns":11},{"damage":0,"enemies":"Jaw Worm","floor":8,"turns":3},{"damage":7,"enemies":"Red Slaver","floor":11,"turns":3},{"damage":0,"enemies":"Lagavulin","floor":12,"turns":6},{"damage":11,"enemies":"Large Slime","floor":13,"turns":5},{"damage":28,"enemies":"The Guardian","floor":16,"turns":15},{"damage":9,"enemies":"Spheric Guardian","floor":18,"turns":6},{"damage":8,"enemies":"2 Thieves","floor":19,"turns":5},{"damage":17,"enemies":"Chosen and Byrds","floor":20,"turns":9},{"damage":17,"enemies":"Snake Plant","floor":21,"turns":6},{"damage":0,"enemies":"3 Cultists","floor":24,"turns":2},{"damage":27,"enemies":"Cultist and Chosen","floor":28,"turns":9},{"damage":51,"enemies":"Slavers","floor":30,"turns":4}],"seed_played":"-7363127760713552241","potions_obtained":[{"floor":5,"key":"SkillPotion"},{"floor":7,"key":"LiquidMemories"},{"floor":11,"key":"SmokeBomb"},{"floor":12,"key":"PotionOfCapacity"},{"floor":16,"key":"BlessingOfTheForge"},{"floor":18,"key":"LiquidBronze"},{"floor":21,"key":"EssenceOfSteel"}],"is_trial":false,"path_per_floor":["M","$","?","?","M","R","E","M","T","R","M","E","M","$","R","B",null,"M","M","M","M","?","R","M","R","T","?","M","R","E"],"character_chosen":"DEFECT","items_purchased":["Capacitor","Coolheaded"],"campfire_rested":3,"item_purchase_floors":[14,14],"current_hp_per_floor":[63,63,63,63,61,61,34,34,34,53,46,46,35,35,35,7,50,41,33,26,19,19,38,38,38,38,38,21,40,0,0],"gold":66,"neow_bonus":"THREE_RARE_CARDS","is_daily":false,"chose_seed":false,"campfire_upgraded":3,"win_rate":0.0,"timestamp":1607771534,"path_taken":["M","$","?","?","M","R","E","M","T","R","M","E","M","$","R","BOSS","M","?","M","M","?","R","?","R","T","?","M","R","E"],"items_purchased_type":["Card","Card"],"build_version":"2020-11-30","purchased_purges":1,"victory":false,"max_hp_per_floor":[71,71,64,64,64,64,64,64,64,64,64,64,64,64,64,64,64,64,64,64,64,64,64,64,64,64,64,64,64,64,64],"card_choices":[{"not_picked":["Multi-Cast","Echo Form"],"picked":"Buffer","floor":0},{"not_picked":["Sweeping Beam","Coolheaded"],"picked":"Lockon","floor":1},{"not_picked":["Leap","Gash"],"picked":"Beam Cell","floor":5},{"not_picked":["Hologram","All For One"],"picked":"Rebound","floor":7},{"not_picked":["Barrage","Gash"],"picked":"Cold Snap","floor":8},{"not_picked":["Stack","Gash"],"picked":"Cold Snap","floor":11},{"not_picked":["Stack","Cold Snap"],"picked":"Double Energy","floor":12},{"not_picked":["Steam","Barrage"],"picked":"Chaos","floor":13},{"not_picked":["Seek","Thunder Strike"],"picked":"Rainbow","floor":16},{"not_picked":["Steam","Melter"],"picked":"Barrage","floor":18},{"not_picked":["Conserve Battery","Reprogram"],"picked":"Self Repair+1","floor":19},{"not_picked":["Sweeping Beam","Steam+1","Cold Snap"],"picked":"SKIP","floor":20},{"not_picked":["Leap","Steam","Cold Snap"],"picked":"SKIP","floor":21},{"not_picked":["Double Energy","Barrage","Rip and Tear+1"],"picked":"SKIP","floor":28}],"player_experience":1085281,"relics_obtained":[{"floor":7,"key":"Nunchaku"},{"floor":9,"key":"PreservedInsect"},{"floor":12,"key":"CaptainsWheel"},{"floor":26,"key":"Art of War"}],"event_choices":[{"damage_healed":0,"gold_gain":0,"player_choice":"Lose Max HP","damage_taken":0,"relics_obtained":["Golden Idol"],"max_hp_gain":0,"max_hp_loss":7,"event_name":"Golden Idol","floor":3,"gold_loss":0},{"damage_healed":0,"gold_gain":0,"cards_transformed":["Strike_B"],"player_choice":"Transformed","damage_taken":0,"max_hp_gain":0,"max_hp_loss":0,"event_name":"Transmorgrifier","floor":4,"gold_loss":0,"cards_obtained":["Chill"]},{"cards_removed":["Defend_B"],"damage_healed":0,"gold_gain":0,"player_choice":"Upgrade and Remove","damage_taken":0,"max_hp_gain":0,"max_hp_loss":0,"event_name":"Designer","floor":22,"gold_loss":110,"cards_upgraded":["Rainbow"]},{"damage_healed":0,"gold_gain":0,"player_choice":"Upgraded","damage_taken":0,"max_hp_gain":0,"max_hp_loss":0,"event_name":"Upgrade Shrine","floor":27,"gold_loss":0,"cards_upgraded":["Coolheaded"]}],"is_beta":false,"boss_relics":[{"not_picked":["Astrolabe","Black Star"],"picked":"Inserter"}],"items_purged_floors":[14],"is_endless":false,"potions_floor_spawned":[5,7,11,12,16,18,21],"killed_by":"Slavers","ascension_level":18}}