{"host":"9vk21r6l9dtkpvh9","time":1607784057,"event":{"mods":["2.2 Compatiblity","AchievementEnabler","Act Like it!","Astrologer","Bard","Bartender","BaseMod","Better Altar","Better Match","Better Note","Better Sensory Stone","Better Skull","Better Third Choice","CapriCore","CatGirl Mod","Colored Map","Colored Powertips","Conspire","DeckTracker","Downfall","Energized Spire","Fiend Mod","Gensokyo","GifTheSpireLib","Hermit","Hubris","Infinite Spire","Jorbs\u0027s Wanderer Trilogy","Koishi","Luminous","Mad Scientist","Marisa????????","Mimic Mod","Minty Spire (QoL Compilation)","Potionbrewer","Rare Cards Sparkle","Relic Stats","Replay The Spire","SOS???????","Shade Mod","Somnambulant","Spicy Shops","StSLib","SuperFastMode","Td1madao Mod","The Animator","The Construct","The Forsaken","The Gatherer","The Hierophant","The Immortal","The Jungle","The Mystic","The Necromancer","The Runesmith","The Senshi","The Servant 0.9.4","The Trickster","The Valiant","The Wild Card","TheBandit","TheSwordswoman","TheWitcher","WarShipGirlsR/????R mod","vexMod","???Mod??????Boss"],"gold_per_floor":[117,136,59,79,79,125,125,161,161,161,205,205,235,267,267,388,388,420,453,475,475,11,11,35,35,61,100,145,145,181,181,246,365,365,400,400,400,429,472,472,237,237,262,262,284,310,310,310,310,310,310],"floor_reached":50,"playtime":4289,"items_purged":["rmod:strick","rmod:strick+1"],"score":572,"play_id":"dfc64d7f-2c3b-4f5e-8a0e-fe0c18d9ac11","local_time":"20201212094057","is_ascension_mode":false,"campfire_choices":[{"data":"rmod:highspeedmaneuver","floor":7,"key":"SMITH"},{"data":"rmod:basicallowance","floor":10,"key":"SMITH"},{"data":"rmod:steelsupply","floor":12,"key":"SMITH"},{"floor":15,"key":"REST"},{"floor":23,"key":"REST"},{"floor":40,"key":"RECALL"},{"data":"rmod:chargemoney","floor":42,"key":"SMITH"},{"floor":44,"key":"REST"},{"data":"infinitespire:NeuralNetwork","floor":47,"key":"SMITH"},{"floor":49,"key":"REST"}],"circlet_count":0,"master_deck":["rmod:strick+1","rmod:strick+1","rmod:defend+1","rmod:defend+1","rmod:defend+1","rmod:defend+1","rmod:basicallowance+1","rmod:maingunfire","rmod:fletcherpendant","rmod:victimresponsibility","rmod:intelligenceanalysis","rmod:highspeedmaneuver+1","rmod:salvage+1","rmod:fletcherpendant","rmod:steelsupply+1","rmod:steelsupply","rmod:fletcherpendant+1","rmod:saltedfish+1","rmod:firesupport","rmod:fletcherpendant","rmod:smokecover","rmod:expeditionaryescort+1","Shockwave Tdmadao+1","The Bomb","rmod:fletcherpendant","rmod:victimresponsibility+1","infinitespire:NeuralNetwork+1","rmod:wolves","rmod:windflower","rmod:fletcherpendant","rmod:mineteam","infinitespire:SevenWalls","rmod:fuelsupply+1","rmod:chargemoney+1","rmod:fletcher","rmod:fletcherpendant","rmod:steelsupply+1"],"relics":["Anchor","Replay:Bandana","Oddly Smooth Stone","Odd Mushroom","Lizard Tail","vexMod:MysteryBossChallenge","Replay:Fungal Core","Membership Card","Guide Book","infinitespire:Joker Card","vexMod:Cooldron","Replay:Baseball","Lantern","rmod:mogul","infinitespire:WardingShard","Medical Kit","Whetstone","Strawberry","potionbrewer:ToyAutogyro","Juzu Bracelet"],"acts_visited":["Exordium","TheCity","TheBeyond"],"potions_floor_usage":[16,19,24,35,35,35,35],"damage_taken":[{"damage":0,"enemies":"Jaw Worm","floor":1,"turns":4},{"damage":1,"enemies":"Small Slimes","floor":2,"turns":3},{"damage":0,"enemies":"2 Louse","floor":4,"turns":3},{"damage":30,"enemies":"3 Sentries","floor":6,"turns":10},{"damage":4,"enemies":"Exordium Thugs","floor":8,"turns":5},{"damage":6,"enemies":"The Mushroom Lair","floor":11,"turns":4},{"damage":0,"enemies":"Red Slaver","floor":13,"turns":3},{"damage":3,"enemies":"Lagavulin","floor":14,"turns":8},{"damage":16,"enemies":"Slime Boss","floor":16,"turns":20},{"damage":13,"enemies":"Shell Parasite","floor":18,"turns":8},{"damage":40,"enemies":"3 Byrds","floor":19,"turns":9},{"damage":9,"enemies":"conspire:HollyBat","floor":20,"turns":9},{"damage":1,"enemies":"Sentry and Sphere","floor":24,"turns":6},{"damage":0,"enemies":"3 Cultists","floor":27,"turns":6},{"damage":0,"enemies":"Book of Stabbing","floor":28,"turns":6},{"damage":0,"enemies":"conspire:HollyBat","floor":30,"turns":6},{"damage":17,"enemies":"conspire:MysteriousRune","floor":33,"turns":11},{"damage":9,"enemies":"3 Shapes","floor":35,"turns":4},{"damage":0,"enemies":"3 Darklings","floor":38,"turns":8},{"damage":21,"enemies":"Jaw Worm Horde","floor":39,"turns":5},{"damage":8,"enemies":"Maw","floor":45,"turns":6},{"damage":8,"enemies":"4 Shapes","floor":46,"turns":6},{"damage":0,"enemies":"Time Eater","floor":50,"turns":1}],"seed_played":"4032226885494796680","potions_obtained":[{"floor":1,"key":"Energy Potion"},{"floor":6,"key":"Weak Potion"},{"floor":11,"key":"potionbrewer:DiscountPotion"},{"floor":18,"key":"Adrenaline Potion"},{"floor":20,"key":"CultistPotion"},{"floor":28,"key":"EntropicBrew"},{"floor":30,"key":"EntropicBrew"},{"floor":33,"key":"EntropicBrew"},{"floor":38,"key":"EntropicBrew"},{"floor":39,"key":"EntropicBrew"},{"floor":45,"key":"EntropicBrew"}],"is_trial":false,"path_per_floor":["M","M","$","M","?","E","R","M","T","R","?","R","M","E","R","B",null,"M","M","M","?","$","R","M","AVR","T","M","E","?","M","?","R_BF","B",null,"M","?","?","M","M","R","$","R","T","R","M","M","R","T","R","B"],"character_chosen":"PRAEFECT","items_purchased":["Anchor","Membership Card","Guide Book","infinitespire:Joker Card","The Bomb","Medical Kit","Whetstone","Strawberry"],"campfire_rested":4,"item_purchase_floors":[3,22,22,22,22,41,41,41],"current_hp_per_floor":[82,81,81,81,78,48,48,44,44,44,38,38,38,35,59,43,82,69,29,20,20,20,44,43,43,43,43,43,43,43,43,43,26,82,73,53,53,53,32,32,39,39,39,65,57,49,49,49,75,75,75],"gold":310,"neow_bonus":"TEN_PERCENT_HP_BONUS","is_daily":false,"chose_seed":false,"campfire_upgraded":5,"win_rate":0.0,"timestamp":1607784057,"path_taken":["M","M","$","M","?","E","R","M","T","R","?","R","M","E","R","BOSS","M","M","M","?","?","R","M","AVR","T","M","E","?","M","?","R_BF","BOSS","M","?","?","?","M","R","$","R","T","R","M","M","R","?","R","BOSS"],"items_purchased_type":["Relic","Relic","Relic","Relic","Card","Relic","Relic","Relic"],"build_version":"2020-11-30","purchased_purges":2,"victory":false,"max_hp_per_floor":[82,82,82,82,82,82,82,82,82,82,82,82,82,82,82,82,82,82,82,82,82,82,82,82,82,82,82,82,82,82,82,82,82,82,82,82,82,82,82,82,89,89,89,89,89,89,89,89,89,89,89],"relic_stats":{"Lizard Tail":0,"counters":[23,150],"Juzu Bracelet":0,"Whetstone":["rmod:salvage","rmod:fletcherpendant"],"Medical Kit":[7],"obtain_stats":[{"Lantern":28,"Replay:Fungal Core":17,"rmod:mogul":34,"Guide Book":22,"Oddly Smooth Stone":6,"vexMod:MysteryBossChallenge":17,"infinitespire:Joker Card":22,"Juzu Bracelet":48,"Whetstone":41,"Odd Mushroom":11,"potionbrewer:ToyAutogyro":43,"Medical Kit":41,"Anchor":3,"Replay:Bandana":5,"Lizard Tail":14,"vexMod:Cooldron":25,"Replay:Baseball":26,"infinitespire:WardingShard":37,"Strawberry":41,"rmod:firstchargereward":0,"Membership Card":22},{"Lantern":15,"Replay:Fungal Core":9,"rmod:mogul":17,"Guide Book":12,"Oddly Smooth Stone":4,"vexMod:MysteryBossChallenge":9,"infinitespire:Joker Card":12,"Juzu Bracelet":22,"Whetstone":20,"Odd Mushroom":6,"potionbrewer:ToyAutogyro":20,"Medical Kit":20,"Anchor":2,"Replay:Bandana":3,"Lizard Tail":8,"vexMod:Cooldron":13,"Replay:Baseball":13,"infinitespire:WardingShard":18,"Strawberry":20,"rmod:firstchargereward":0,"Membership Card":12},{"Lantern":104,"Replay:Fungal Core":60,"rmod:mogul":121,"Guide Book":86,"Oddly Smooth Stone":20,"vexMod:MysteryBossChallenge":60,"infinitespire:Joker Card":86,"Juzu Bracelet":150,"Whetstone":138,"Odd Mushroom":29,"potionbrewer:ToyAutogyro":138,"Medical Kit":138,"Anchor":7,"Replay:Bandana":10,"Lizard Tail":40,"vexMod:Cooldron":92,"Replay:Baseball":92,"infinitespire:WardingShard":125,"Strawberry":138,"rmod:firstchargereward":0,"Membership Card":86}]},"card_choices":[{"not_picked":["rmod:circuitoustactics","rmod:tearstotiara"],"picked":"rmod:fletcherpendant","floor":1},{"not_picked":["rmod:robin","rmod:wife"],"picked":"rmod:victimresponsibility","floor":2},{"not_picked":["rmod:salvage","rmod:timeschanged"],"picked":"rmod:intelligenceanalysis","floor":4},{"not_picked":["rmod:generalist","rmod:goodsister"],"picked":"rmod:highspeedmaneuver","floor":6},{"not_picked":["rmod:steelsupply","rmod:ammunitionsupply"],"picked":"rmod:salvage","floor":8},{"not_picked":["rmod:firesupport","rmod:tearstotiara"],"picked":"rmod:steelsupply","floor":11},{"not_picked":["rmod:luckystar","rmod:aggressivemary"],"picked":"rmod:steelsupply","floor":13},{"not_picked":["rmod:slowdown","rmod:salvage","rmod:goodsister"],"picked":"SKIP","floor":14},{"not_picked":["rmod:ridicule","rmod:supriseattacks"],"picked":"rmod:saltedfish","floor":16},{"not_picked":["rmod:circuitoustactics+1","rmod:garrisonisland"],"picked":"rmod:firesupport","floor":18},{"not_picked":["rmod:tearstotiara","rmod:supportescort"],"picked":"rmod:smokecover","floor":19},{"not_picked":["rmod:supportescort","rmod:diamondstrike"],"picked":"rmod:expeditionaryescort","floor":20},{"not_picked":["rmod:aluminumsupply","rmod:tearstotiara"],"picked":"rmod:victimresponsibility+1","floor":24},{"not_picked":["rmod:tearstotiara","rmod:ammunitionsupply","rmod:victimresponsibility"],"picked":"SKIP","floor":27},{"not_picked":["rmod:slowdown+1","rmod:expedition"],"picked":"rmod:wolves","floor":28},{"not_picked":["rmod:victimresponsibility+1","rmod:punchline+1","rmod:intelligenceanalysis"],"picked":"SKIP","floor":30},{"not_picked":["rmod:desperatesituation","rmod:stealaluminum"],"picked":"rmod:windflower","floor":33},{"not_picked":["rmod:supportescort","rmod:rockthrower"],"picked":"rmod:mineteam","floor":35},{"not_picked":["ReplayTheSpireMod:Haul","hubris:InfiniteBlow"],"picked":"infinitespire:SevenWalls","floor":36},{"not_picked":["rmod:aviationdawn+1","rmod:victimresponsibility+1"],"picked":"rmod:fuelsupply+1","floor":38},{"not_picked":["rmod:fletcherpendant","rmod:rockthrower"],"picked":"rmod:chargemoney","floor":39},{"not_picked":["rmod:advancebysurprise+1","rmod:tearstotiara"],"picked":"rmod:fletcher","floor":45},{"not_picked":["rmod:fletcherpendant","rmod:intelligenceanalysis+1"],"picked":"rmod:steelsupply+1","floor":46}],"player_experience":570028,"relics_obtained":[{"floor":6,"key":"Oddly Smooth Stone"},{"floor":11,"key":"Odd Mushroom"},{"floor":14,"key":"Lizard Tail"},{"floor":26,"key":"Replay:Baseball"},{"floor":28,"key":"Lantern"},{"floor":43,"key":"potionbrewer:ToyAutogyro"},{"floor":48,"key":"Juzu Bracelet"}],"event_choices":[{"damage_healed":0,"gold_gain":0,"player_choice":"Relic ","damage_taken":3,"max_hp_gain":0,"max_hp_loss":0,"event_name":"betterThird:BetterScrap","floor":5,"gold_loss":0,"cards_obtained":["Carnage"]},{"damage_healed":0,"gold_gain":0,"player_choice":"Fought Mushrooms","damage_taken":0,"max_hp_gain":0,"max_hp_loss":0,"event_name":"Mushrooms","floor":11,"gold_loss":0},{"cards_removed":["rmod:intelligenceanalysis"],"damage_healed":0,"gold_gain":0,"player_choice":"Take \u0026 Give","damage_taken":0,"max_hp_gain":0,"max_hp_loss":0,"event_name":"betterNote:BetterNote","floor":21,"gold_loss":0,"cards_obtained":["Shockwave Tdmadao"]},{"damage_healed":0,"gold_gain":0,"player_choice":"Simplicity","damage_taken":0,"max_hp_gain":0,"max_hp_loss":7,"event_name":"betterThird:BetterWriting","floor":29,"gold_loss":0},{"damage_healed":0,"gold_gain":0,"player_choice":"Gave Potion","damage_taken":0,"relics_obtained":["infinitespire:WardingShard"],"max_hp_gain":0,"max_hp_loss":0,"event_name":"WeMeetAgain","floor":37,"gold_loss":0}],"is_beta":false,"boss_relics":[{"not_picked":["hubris:HollowSoul","hubris:Backtick"],"picked":"vexMod:MysteryBossChallenge"},{"not_picked":["potionbrewer:BhaskarasWheel","Fiend:Scarf"],"picked":"rmod:mogul"}],"items_purged_floors":[22,41],"is_endless":false,"potions_floor_spawned":[1,6,11,14,18,20,28,30,33,38,39,45],"killed_by":"Time Eater","ascension_level":0}}