{"host":"Ilker","time":1607794817,"event":{"mods":["BaseMod","Bestiary","Block Reminder","Colored Map","DeckTracker","Highlight Path","Minty Spire (QoL Compilation)","Quick Restart","Relic Sorter","Relic Stats"],"gold_per_floor":[119,131,149,162,174,174,203,203,226,226,238,238,272,284,284,358,358,378,393,393,413,173,173,205,217,291,291,304,94,127,142,142,215,215,231,241,257,269,26,26,56,56,56,70,70,86,112,112,112],"floor_reached":48,"playtime":4150,"items_purged":[],"score":1171,"play_id":"36a94862-b973-4a9e-a86f-c15725ccdf00","local_time":"20201212204017","is_ascension_mode":true,"campfire_choices":[{"data":"True Grit","floor":6.0,"key":"SMITH"},{"floor":8.0,"key":"REST"},{"data":"Feel No Pain","floor":10.0,"key":"SMITH"},{"data":"True Grit","floor":15.0,"key":"SMITH"},{"data":"Immolate","floor":23.0,"key":"SMITH"},{"data":"Feel No Pain","floor":27.0,"key":"SMITH"},{"floor":32.0,"key":"REST"},{"floor":40.0,"key":"REST"},{"data":"Limit Break","floor":45.0,"key":"SMITH"}],"circlet_count":0,"master_deck":["AscendersBane","Strike_R","Strike_R","Defend_R","Defend_R","Defend_R","Defend_R","Bash","Clothesline","True Grit+1","Feel No Pain+1","Spot Weakness","Carnage","True Grit+1","Parasite","Brutality+1","Wild Strike","Immolate+1","Headbutt+1","Rampage+1","Intimidate+1","Burning Pact+1","Pommel Strike","Blood for Blood","Feel No Pain+1","Second Wind","Rupture+1","Shockwave","Battle Trance","Sever Soul","Barricade","Spot Weakness+1","Heavy Blade+1","Feel No Pain","Limit Break+1","Battle Trance","Metallicize","Juggernaut"],"relics":["Velvet Choker","Letter Opener","MealTicket","Bag of Preparation","Astrolabe","OrangePellets","Vajra","Anchor","Oddly Smooth Stone","Runic Pyramid","ClockworkSouvenir","Nunchaku","Eternal Feather","Bronze Scales"],"acts_visited":["Exordium","TheCity","TheBeyond"],"potions_floor_usage":[47],"damage_taken":[{"damage":0.0,"enemies":"Small Slimes","floor":1.0,"turns":3.0},{"damage":7.0,"enemies":"Jaw Worm","floor":2.0,"turns":3.0},{"damage":0.0,"enemies":"Cultist","floor":3.0,"turns":2.0},{"damage":4.0,"enemies":"2 Fungi Beasts","floor":4.0,"turns":4.0},{"damage":8.0,"enemies":"Red Slaver","floor":5.0,"turns":3.0},{"damage":33.0,"enemies":"Lagavulin","floor":7.0,"turns":7.0},{"damage":11.0,"enemies":"Looter","floor":11.0,"turns":2.0},{"damage":12.0,"enemies":"Gremlin Nob","floor":13.0,"turns":4.0},{"damage":4.0,"enemies":"2 Fungi Beasts","floor":14.0,"turns":4.0},{"damage":21.0,"enemies":"Slime Boss","floor":16.0,"turns":13.0},{"damage":2.0,"enemies":"3 Byrds","floor":18.0,"turns":3.0},{"damage":10.0,"enemies":"2 Thieves","floor":19.0,"turns":4.0},{"damage":11.0,"enemies":"3 Cultists","floor":21.0,"turns":4.0},{"damage":20.0,"enemies":"Gremlin Leader","floor":24.0,"turns":6.0},{"damage":4.0,"enemies":"Cultist and Chosen","floor":25.0,"turns":5.0},{"damage":7.0,"enemies":"Centurion and Healer","floor":28.0,"turns":5.0},{"damage":4.0,"enemies":"Book of Stabbing","floor":30.0,"turns":4.0},{"damage":8.0,"enemies":"3 Cultists","floor":31.0,"turns":5.0},{"damage":56.0,"enemies":"Collector","floor":33.0,"turns":8.0},{"damage":12.0,"enemies":"3 Darklings","floor":35.0,"turns":4.0},{"damage":4.0,"enemies":"3 Shapes","floor":36.0,"turns":5.0},{"damage":6.0,"enemies":"3 Darklings","floor":37.0,"turns":5.0},{"damage":21.0,"enemies":"Jaw Worm Horde","floor":38.0,"turns":6.0},{"damage":41.0,"enemies":"Nemesis","floor":41.0,"turns":7.0},{"damage":4.0,"enemies":"Sphere and 2 Shapes","floor":44.0,"turns":4.0},{"damage":23.0,"enemies":"3 Darklings","floor":46.0,"turns":6.0},{"damage":6,"enemies":"Giant Head","floor":47,"turns":7},{"damage":19,"enemies":"Spire Growth","floor":48,"turns":2}],"seed_played":"394748624771962048","potions_obtained":[{"floor":3.0,"key":"LiquidMemories"},{"floor":4.0,"key":"Fire Potion"},{"floor":13.0,"key":"Fruit Juice"},{"floor":14.0,"key":"ColorlessPotion"},{"floor":19.0,"key":"Fruit Juice"},{"floor":24.0,"key":"SkillPotion"},{"floor":25.0,"key":"ColorlessPotion"},{"floor":31.0,"key":"SteroidPotion"},{"floor":33.0,"key":"EssenceOfSteel"},{"floor":35.0,"key":"Block Potion"},{"floor":44.0,"key":"LiquidBronze"},{"floor":46.0,"key":"ElixirPotion"}],"is_trial":false,"path_per_floor":["M","M","M","M","M","R","E","R","T","R","M","?","E","M","R","B",null,"M","M","?","M","$","R","E","M","T","R","M","$","E","M","R","B",null,"M","M","M","M","$","R","E","?","T","M","R","M","E","M"],"character_chosen":"IRONCLAD","items_purchased":["OrangePellets","Feel No Pain","Anchor","Shockwave","ClockworkSouvenir","Feel No Pain"],"campfire_rested":3,"item_purchase_floors":[22,22,29,29,39,39],"current_hp_per_floor":[68,61,61,57,49,49,16,38,38,38,27,45,33,29,29,8,58,56,51,51,40,55,55,35,36,36,36,29,44,40,32,57,1,64,52,48,42,21,36,61,20,20,20,16,37,14,8,0,0],"gold":112,"neow_bonus":"BOSS_RELIC","is_daily":false,"chose_seed":false,"campfire_upgraded":6,"win_rate":0.0,"timestamp":1607794817,"path_taken":["M","M","M","M","M","R","E","R","T","R","M","?","E","M","R","BOSS","M","M","?","M","?","R","E","M","T","R","M","$","E","M","R","BOSS","M","M","M","M","$","R","E","?","T","M","R","?","E","M"],"items_purchased_type":["Relic","Card","Relic","Card","Relic","Card"],"build_version":"2020-12-07","purchased_purges":0,"victory":false,"max_hp_per_floor":[75,75,75,75,75,75,75,75,75,75,75,75,75,75,75,75,75,75,80,80,80,80,80,80,85,85,85,85,85,85,85,85,85,85,85,85,85,85,85,85,85,85,85,85,85,85,85,85,85],"relic_stats":{"OrangePellets":[4],"Nunchaku":[1],"counters":[28,135],"Astrolabe":["Headbutt","Rampage","Intimidate"],"Bronze Scales":[0],"MealTicket":45,"Eternal Feather":21,"Bag of Preparation":[40],"Letter Opener":[114],"obtain_stats":[{"Astrolabe":17,"Velvet Choker":0,"Vajra":24,"Oddly Smooth Stone":30,"Eternal Feather":43,"Bag of Preparation":13,"Letter Opener":7,"Burning Blood":0,"ClockworkSouvenir":39,"OrangePellets":22,"Anchor":29,"Nunchaku":41,"Bronze Scales":47,"MealTicket":9,"Runic Pyramid":34},{"Astrolabe":10,"Velvet Choker":0,"Vajra":14,"Oddly Smooth Stone":17,"Eternal Feather":24,"Bag of Preparation":8,"Letter Opener":6,"Burning Blood":0,"ClockworkSouvenir":23,"OrangePellets":13,"Anchor":16,"Nunchaku":24,"Bronze Scales":27,"MealTicket":6,"Runic Pyramid":19},{"Astrolabe":45,"Velvet Choker":0,"Vajra":62,"Oddly Smooth Stone":76,"Eternal Feather":116,"Bag of Preparation":28,"Letter Opener":22,"Burning Blood":0,"ClockworkSouvenir":109,"OrangePellets":56,"Anchor":72,"Nunchaku":116,"Bronze Scales":133,"MealTicket":22,"Runic Pyramid":89}]},"card_choices":[{"not_picked":["Havoc","Reckless Charge","Anger"],"picked":"SKIP","floor":1.0},{"not_picked":["Blood for Blood","Evolve"],"picked":"Clothesline","floor":2.0},{"not_picked":["Armaments","Flex"],"picked":"True Grit","floor":3.0},{"not_picked":["Anger","Pommel Strike"],"picked":"Feel No Pain","floor":4.0},{"not_picked":["Shrug It Off","Armaments"],"picked":"Spot Weakness","floor":5.0},{"not_picked":["Intimidate","Thunderclap"],"picked":"Carnage","floor":7.0},{"not_picked":["Flex","Thunderclap"],"picked":"True Grit","floor":11.0},{"not_picked":["Battle Trance","Clothesline"],"picked":"Brutality","floor":13.0},{"not_picked":["Carnage","Havoc"],"picked":"Wild Strike","floor":14.0},{"not_picked":["Corruption","Fiend Fire"],"picked":"Immolate","floor":16.0},{"not_picked":["Sword Boomerang","Headbutt"],"picked":"Burning Pact+1","floor":18.0},{"not_picked":["Rampage","Twin Strike"],"picked":"Pommel Strike","floor":19.0},{"not_picked":["Flex+1","Body Slam"],"picked":"Blood for Blood","floor":21.0},{"not_picked":["Entrench","Intimidate"],"picked":"Second Wind","floor":24.0},{"not_picked":["True Grit","Ghostly Armor","Metallicize"],"picked":"SKIP","floor":25.0},{"not_picked":["Armaments","Dropkick"],"picked":"Rupture+1","floor":28.0},{"not_picked":["Evolve","Uppercut"],"picked":"Battle Trance","floor":30.0},{"not_picked":["Heavy Blade","True Grit"],"picked":"Sever Soul","floor":31.0},{"not_picked":["Impervious","Exhume"],"picked":"Barricade","floor":33.0},{"not_picked":["Carnage+1","Perfected Strike+1","Flex"],"picked":"SKIP","floor":35.0},{"not_picked":["Anger","Wild Strike"],"picked":"Spot Weakness+1","floor":36.0},{"not_picked":["Reckless Charge+1","Searing Blow+1"],"picked":"Heavy Blade+1","floor":37.0},{"not_picked":["Twin Strike","Iron Wave","Havoc"],"picked":"SKIP","floor":38.0},{"not_picked":["Pommel Strike+1","Twin Strike+1"],"picked":"Limit Break","floor":41.0},{"not_picked":["Headbutt","Clash"],"picked":"Metallicize","floor":44.0},{"not_picked":["Anger+1","Reckless Charge"],"picked":"Juggernaut","floor":46.0},{"not_picked":["Thunderclap","Clothesline+1","Perfected Strike"],"picked":"SKIP","floor":47}],"player_experience":1627885,"relics_obtained":[{"floor":7.0,"key":"Letter Opener"},{"floor":9.0,"key":"MealTicket"},{"floor":13.0,"key":"Bag of Preparation"},{"floor":24.0,"key":"Vajra"},{"floor":30.0,"key":"Oddly Smooth Stone"},{"floor":41.0,"key":"Nunchaku"},{"floor":43.0,"key":"Eternal Feather"},{"floor":47,"key":"Bronze Scales"}],"event_choices":[{"damage_healed":18.0,"max_hp_gain":0.0,"max_hp_loss":0.0,"gold_gain":0.0,"event_name":"Mushrooms","player_choice":"Healed and dodged fight","floor":12.0,"gold_loss":0.0,"damage_taken":0.0,"cards_obtained":["Parasite"]},{"damage_healed":0.0,"max_hp_gain":0.0,"max_hp_loss":0.0,"gold_gain":0.0,"event_name":"Upgrade Shrine","player_choice":"Upgraded","floor":20.0,"gold_loss":0.0,"damage_taken":0.0,"cards_upgraded":["Brutality"]},{"damage_healed":0.0,"max_hp_gain":0.0,"max_hp_loss":0.0,"gold_gain":0.0,"event_name":"Duplicator","player_choice":"Copied","floor":42.0,"gold_loss":0.0,"damage_taken":0.0,"cards_obtained":["Battle Trance"]}],"is_beta":true,"boss_relics":[{"not_picked":["Empty Cage","Tiny House"],"picked":"Astrolabe"},{"not_picked":["Cursed Key","Calling Bell"],"picked":"Runic Pyramid"}],"items_purged_floors":[],"is_endless":false,"potions_floor_spawned":[3,4,5,13,14,19,24,25,31,33,35,44,46],"killed_by":"Spire Growth","ascension_level":20}}