{"host":"f1miojwxaupu79sp","time":1607736738,"event":{"mods":["BaseMod","Better Vampires","Minty Spire (QoL Compilation)","Shop Mod","StSLib"],"gold_per_floor":[117,42,42,54,73,100,100,134,134,134,134,134,163,182,182,279,279,296,316,316,335,335,335,345,374,374,374,54,54,70,103,103,199,199,214,264,317,328,328,357,357,43,43,43,60,60,71,23,23,23],"floor_reached":51,"playtime":4392,"items_purged":["Strike_G","Strike_G"],"score":715,"play_id":"3b2c7528-dddc-45a0-b8a8-cb0f44239499","local_time":"20201211203218","is_ascension_mode":true,"campfire_choices":[{"data":"Calculated Gamble","floor":7,"key":"SMITH"},{"data":"Deadly Poison","floor":10,"key":"SMITH"},{"floor":12,"key":"REST"},{"floor":15,"key":"REST"},{"data":"Crippling Poison","floor":23,"key":"SMITH"},{"data":"Leg Sweep","floor":27,"key":"SMITH"},{"floor":29,"key":"REST"},{"floor":32,"key":"REST"},{"floor":41,"key":"REST"},{"data":"Footwork","floor":44,"key":"SMITH"},{"data":"Dodge and Roll","floor":49,"key":"SMITH"}],"circlet_count":0,"master_deck":["Defend_G","Defend_G","Defend_G","Defend_G","Defend_G","Survivor","Neutralize+1","Deadly Poison","Leg Sweep+1","Deadly Poison","Calculated Gamble+1","Deadly Poison+1","Deflect","Unload","Noxious Fumes+1","Crippling Poison+1","Deflect","Backflip","Footwork+1","Tools of the Trade","Escape Plan","Blur+1","Dodge and Roll+1"],"relics":["Ring of the Serpent","Potion Belt","Darkstone Periapt","Nunchaku","Lantern","Singing Bowl","Letter Opener","Snake Skull","Ginger","Empty Cage","Ice Cream","Omamori","Sundial","Bottled Lightning","Lizard Tail"],"acts_visited":["Exordium","TheCity","TheBeyond"],"potions_floor_usage":[16,24,31,33,50,50],"damage_taken":[{"damage":6,"enemies":"2 Louse","floor":1,"turns":3},{"damage":1,"enemies":"Small Slimes","floor":4,"turns":3},{"damage":0,"enemies":"Jaw Worm","floor":5,"turns":4},{"damage":21,"enemies":"3 Sentries","floor":6,"turns":14},{"damage":23,"enemies":"Lagavulin","floor":8,"turns":7},{"damage":15,"enemies":"3 Sentries","floor":13,"turns":9},{"damage":0,"enemies":"Gremlin Gang","floor":14,"turns":6},{"damage":30,"enemies":"Slime Boss","floor":16,"turns":15},{"damage":5,"enemies":"3 Byrds","floor":18,"turns":6},{"damage":3,"enemies":"Chosen","floor":19,"turns":5},{"damage":7,"enemies":"Shelled Parasite and Fungi","floor":21,"turns":5},{"damage":15,"enemies":"Snake Plant","floor":24,"turns":4},{"damage":11,"enemies":"Book of Stabbing","floor":25,"turns":6},{"damage":6,"enemies":"Cultist and Chosen","floor":30,"turns":6},{"damage":16,"enemies":"Gremlin Leader","floor":31,"turns":5},{"damage":37,"enemies":"Collector","floor":33,"turns":9},{"damage":9,"enemies":"3 Darklings","floor":35,"turns":5},{"damage":1,"enemies":"Mind Bloom Boss Battle","floor":36,"turns":6},{"damage":8,"enemies":"3 Shapes","floor":38,"turns":4},{"damage":40,"enemies":"Reptomancer","floor":40,"turns":7},{"damage":5,"enemies":"Writhing Mass","floor":45,"turns":6},{"damage":2,"enemies":"Transient","floor":47,"turns":5},{"damage":19,"enemies":"Time Eater","floor":50,"turns":15}],"seed_played":"-6089403547479515331","potions_obtained":[{"floor":1,"key":"Swift Potion"},{"floor":8,"key":"CunningPotion"},{"floor":21,"key":"Explosive Potion"},{"floor":25,"key":"Explosive Potion"},{"floor":33,"key":"DuplicationPotion"},{"floor":40,"key":"SmokeBomb"},{"floor":45,"key":"Strength Potion"}],"is_trial":false,"path_per_floor":["M","$","?","M","M","E","R","E","T","R","?","R","E","M","R","B",null,"M","M","?","M","?","R","M","E","T","R","$","R","M","E","R","B",null,"M","?","T","M","?","E","R","$","T","R","M","$","M","$","R","B",null],"character_chosen":"THE_SILENT","items_purchased":["Snake Skull","Footwork","Bottled Lightning","Energy Potion","Dodge and Roll"],"campfire_rested":5,"item_purchase_floors":[28,28,42,42,48],"current_hp_per_floor":[64,64,64,63,63,42,42,19,19,19,12,33,18,18,39,9,70,65,62,62,55,55,55,40,31,31,31,31,52,48,34,56,19,76,69,68,68,62,62,22,44,44,44,44,41,41,41,41,41,22],"gold":23,"neow_bonus":"UPGRADE_CARD","is_daily":false,"chose_seed":false,"campfire_upgraded":6,"win_rate":0.0,"timestamp":1607736738,"path_taken":["M","$","?","M","M","E","R","E","T","R","?","R","E","M","R","BOSS","M","M","?","?","?","R","M","E","T","R","?","R","M","E","R","BOSS","M","?","?","M","?","E","R","$","T","R","M","?","M","$","R","BOSS"],"items_purchased_type":["Relic","Card","Relic","Potion","Card"],"build_version":"2020-11-30","purchased_purges":2,"victory":true,"max_hp_per_floor":[70,70,70,70,70,70,70,70,70,70,70,70,70,70,70,70,70,70,70,70,70,70,70,70,72,72,72,72,72,74,76,76,76,76,78,78,78,80,76,76,76,76,76,76,78,78,80,80,80,80],"card_choices":[{"not_picked":["Escape Plan","Dagger Spray"],"picked":"Deadly Poison","floor":1},{"not_picked":["Sucker Punch","Backflip"],"picked":"Leg Sweep","floor":4},{"not_picked":["Flechettes","Predator"],"picked":"Deadly Poison","floor":5},{"not_picked":["Well Laid Plans","Slice"],"picked":"Calculated Gamble","floor":6},{"not_picked":["Outmaneuver","Blade Dance"],"picked":"Deadly Poison","floor":8},{"not_picked":["Endless Agony","Quick Slash"],"picked":"Deflect","floor":13},{"not_picked":["Quick Slash","PiercingWail","Flying Knee"],"picked":"SKIP","floor":14},{"not_picked":["Wraith Form v2","Grand Finale"],"picked":"Unload","floor":16},{"not_picked":["PiercingWail","Deadly Poison"],"picked":"Noxious Fumes","floor":18},{"not_picked":["Riddle With Holes","Slice"],"picked":"Crippling Poison","floor":19},{"not_picked":["Poisoned Stab","Cloak And Dagger","Outmaneuver"],"picked":"SKIP","floor":21},{"not_picked":["Dagger Throw","Deflect"],"picked":"Backflip","floor":24},{"not_picked":["Flying Knee+1","Dagger Spray+1","Setup"],"picked":"Singing Bowl","floor":25},{"not_picked":["Slice","Flying Knee","Night Terror"],"picked":"Singing Bowl","floor":30},{"not_picked":["Bouncing Flask","Dagger Spray+1","Riddle With Holes"],"picked":"Singing Bowl","floor":31},{"not_picked":["Unload","Wraith Form v2"],"picked":"Tools of the Trade","floor":33},{"not_picked":["Cloak And Dagger","Dagger Spray+1","Dagger Throw"],"picked":"Singing Bowl","floor":35},{"not_picked":["Dodge and Roll","PiercingWail"],"picked":"Escape Plan","floor":36},{"not_picked":["Bane","Cloak And Dagger","Acrobatics"],"picked":"Singing Bowl","floor":38},{"not_picked":["Deflect","Backflip"],"picked":"Blur+1","floor":40},{"not_picked":["Night Terror","Acrobatics","Blade Dance+1"],"picked":"Singing Bowl","floor":45},{"not_picked":["Well Laid Plans","Blade Dance+1","Poisoned Stab"],"picked":"Singing Bowl","floor":47}],"player_experience":378664,"relics_obtained":[{"floor":6,"key":"Potion Belt"},{"floor":8,"key":"Darkstone Periapt"},{"floor":9,"key":"Nunchaku"},{"floor":13,"key":"Lantern"},{"floor":25,"key":"Singing Bowl"},{"floor":26,"key":"Letter Opener"},{"floor":31,"key":"Ginger"},{"floor":36,"key":"Ice Cream"},{"floor":37,"key":"Omamori"},{"floor":40,"key":"Sundial"},{"floor":43,"key":"Lizard Tail"}],"event_choices":[{"damage_healed":0,"gold_gain":0,"player_choice":"Ignored","damage_taken":0,"max_hp_gain":0,"max_hp_loss":0,"event_name":"Liars Game","floor":3,"gold_loss":0},{"cards_removed":["Strike_G"],"damage_healed":0,"gold_gain":0,"player_choice":"Card Removal","damage_taken":7,"max_hp_gain":0,"max_hp_loss":0,"event_name":"Golden Wing","floor":11,"gold_loss":0},{"damage_healed":0,"gold_gain":0,"player_choice":"Forge","damage_taken":0,"max_hp_gain":0,"max_hp_loss":0,"event_name":"Accursed Blacksmith","floor":20,"gold_loss":0,"cards_upgraded":["Noxious Fumes"]},{"damage_healed":0,"gold_gain":0,"player_choice":"Read","damage_taken":0,"max_hp_gain":0,"max_hp_loss":0,"event_name":"The Library","floor":22,"gold_loss":0,"cards_obtained":["Deflect"]},{"damage_healed":0,"gold_gain":0,"player_choice":"Fight","damage_taken":0,"max_hp_gain":0,"max_hp_loss":0,"event_name":"MindBloom","floor":36,"gold_loss":0},{"damage_healed":0,"gold_gain":0,"player_choice":"Max HP","damage_taken":0,"max_hp_gain":0,"max_hp_loss":4,"event_name":"Winding Halls","floor":39,"gold_loss":0}],"is_beta":false,"boss_relics":[{"not_picked":["Snecko Eye","Runic Dome"],"picked":"Ring of the Serpent"},{"not_picked":["Cursed Key","SacredBark"],"picked":"Empty Cage"}],"items_purged_floors":[2,28],"is_endless":false,"potions_floor_spawned":[1,8,21,25,33,40,45],"ascension_level":1}}