{"host":"rcanb95qz4o6v6pp","time":1607812023,"event":{"mods":["AchievementEnabler","BaseMod","Better Third Choice","BetterRewards","Colored Map","Downfall","Googly Eyes","Hermit","Infinite Spire","Minty Spire (QoL Compilation)","Replay The Spire","Spicy Shops","StSLib","The Blue Laboratory"],"gold_per_floor":[110,128,144,144,157,157,186,186,186,216,227,243,243,277,277,372,372,384,659,677,498,515,541,551,551,551,567,567,567,580,598,598,701,701,761,761,761,761,823,907,982,137,163,163,192,192,253,307,307,321],"floor_reached":51,"playtime":16140,"items_purged":["Regret","Slimebound:Icky","Strike_R"],"score":993,"play_id":"ff76427e-4e28-41e9-aa7b-4326fa08d878","local_time":"20201212172703","daily_mods":["downfall:Jewelcrafting"],"is_ascension_mode":false,"campfire_choices":[{"floor":15,"key":"REST"},{"floor":32,"key":"REST"},{"floor":44,"key":"REST"},{"floor":49,"key":"REST"}],"circlet_count":0,"master_deck":["Strike_R","Strike_R","Strike_R","Strike_R","Defend_R","Defend_R","Defend_R","Defend_R","Guardian:ExploitGems","Guardian:ExploitGems","Twin Strike","Inflame","Guardian:FloatingOrbs","Guardian:VentSteam","Shrug It Off","ReplayReversal","Guardian:Gem_Orange","Guardian:Gem_Red","Guardian:Gem_Purple","Flame Barrier","Guardian:Gem_Purple","Guardian:Gem_Fragmented","Flex+1","Guardian:Gem_Synthetic","Guardian:Gem_Blue","Guardian:Gem_Green","Sword Boomerang+1","Guardian:Gem_Fragmented","Guardian:EvasiveProtocol","Flame Barrier","Sword Boomerang+1","CommonCold","Blood for Blood+1"],"relics":["Burning Blood","Guardian:PickAxe","ReplayTheSpireMod:Ring of Exchange","Ring of Searing","Replay:WaspNest","Matryoshka","Bottled Lightning","Iron Hammer","Fusion Hammer","Anchor","WarpedTongs","HornCleat","Bottled Tornado","infinitespire:BottledMercury","Question Card","infinitespire:EvilPickle","Philosopher\u0027s Stone","Spirit Poop","Peace Pipe","Turnip","Chameleon Ring","ReplayTheSpireMod:Lightbulb","infinitespire:Midas Blood","Cursed Key","Regal Pillow","Dream Catcher"],"acts_visited":["Exordium","TheCity","TheBeyond"],"potions_floor_usage":[7,10,11,14,24,40,50,50,50],"damage_taken":[{"damage":11,"enemies":"Jaw Worm","floor":1,"turns":4},{"damage":0,"enemies":"Small Slimes","floor":2,"turns":3},{"damage":12,"enemies":"2 Louse","floor":3,"turns":3},{"damage":20,"enemies":"Red Slaver","floor":5,"turns":4},{"damage":8,"enemies":"3 Sentries","floor":7,"turns":6},{"damage":21,"enemies":"Lagavulin","floor":10,"turns":5},{"damage":7,"enemies":"Gremlin Gang","floor":11,"turns":4},{"damage":10,"enemies":"Blue Slaver","floor":12,"turns":3},{"damage":17,"enemies":"3 Sentries","floor":14,"turns":6},{"damage":19,"enemies":"The Guardian","floor":16,"turns":6},{"damage":10,"enemies":"Chosen","floor":18,"turns":3},{"damage":16,"enemies":"Spheric Guardian","floor":20,"turns":3},{"damage":9,"enemies":"Snake Plant","floor":22,"turns":3},{"damage":29,"enemies":"Book of Stabbing","floor":23,"turns":4},{"damage":0,"enemies":"Chosen and Byrds","floor":24,"turns":4},{"damage":8,"enemies":"Sentry and Sphere","floor":27,"turns":3},{"damage":6,"enemies":"3 Cultists","floor":30,"turns":4},{"damage":5,"enemies":"Snake Plant","floor":31,"turns":2},{"damage":36,"enemies":"Pondfish","floor":33,"turns":6},{"damage":14,"enemies":"Orb Walker","floor":35,"turns":3},{"damage":26,"enemies":"3 Darklings","floor":39,"turns":5},{"damage":24,"enemies":"R_Hoarder","floor":40,"turns":9},{"damage":25,"enemies":"Jaw Worm Horde","floor":41,"turns":4},{"damage":2,"enemies":"Transient","floor":45,"turns":5},{"damage":49,"enemies":"Time Eater","floor":50,"turns":8}],"seed_played":"4545890956215356598","potions_obtained":[{"floor":2,"key":"blueLaboratory:IronCompound"},{"floor":5,"key":"Block Potion"},{"floor":10,"key":"Reflective Coating"},{"floor":11,"key":"Explosive Potion"},{"floor":12,"key":"DistilledChaos"},{"floor":20,"key":"blueLaboratory:LouseDecoction"},{"floor":40,"key":"blueLaboratory:NullPotion"}],"is_trial":true,"path_per_floor":["M","M","M","?","M","R","E","?","T","E","M","M","R","E","R","B",null,"M","?","M","$","M","E","M","?","T","M","T","R","M","M","R","B",null,"M","?","?","?","M","E","M","$","T","R","M","AVR","?","T","R","B",null],"character_chosen":"IRONCLAD","items_purchased":["BlessingOfTheForge","Turnip","Chameleon Ring","Guardian:EvasiveProtocol","Adrenaline Potion"],"campfire_rested":4,"item_purchase_floors":[21,42,42,42,42],"current_hp_per_floor":[75,80,74,74,60,60,58,80,80,65,64,60,60,49,73,60,80,76,76,66,66,63,40,46,46,46,44,44,44,44,45,69,39,80,72,72,72,72,52,42,23,23,23,47,51,51,19,19,58,15],"gold":321,"neow_bonus":"","is_daily":false,"chose_seed":false,"campfire_upgraded":0,"win_rate":0.0,"timestamp":1607812023,"path_taken":["M","M","M","?","M","R","E","?","T","E","M","M","R","E","R","BOSS","M","?","?","$","M","E","?","?","T","?","?","R","?","M","R","BOSS","M","?","?","?","?","E","M","?","T","R","?","AVR","?","?","R","BOSS"],"items_purchased_type":["Potion","Relic","Relic","Card","Potion"],"build_version":"2020-11-30","purchased_purges":3,"victory":true,"max_hp_per_floor":[80,80,80,80,80,80,80,80,80,80,80,80,80,80,80,80,80,80,80,80,80,80,80,80,80,80,80,80,80,80,80,80,80,80,80,80,80,80,80,80,80,80,80,80,80,80,80,80,80,80],"card_choices":[{"not_picked":["Bloodletting","Headbutt"],"picked":"Twin Strike","floor":1},{"not_picked":["Guardian:PrimingBeam","Perfected Strike"],"picked":"Inflame","floor":2},{"not_picked":["Perfected Strike","ReplayTheSpireMod:Muscle Training"],"picked":"Guardian:FloatingOrbs","floor":3},{"not_picked":["Guardian:Recover","Clothesline"],"picked":"Guardian:Gem_Blue","floor":5},{"not_picked":["Guardian:StasisStrike","Uppercut","Replay:Many Hands"],"picked":"SKIP","floor":7},{"not_picked":["Juggernaut","Guardian:Gem_Fragmented"],"picked":"Guardian:Gem_White","floor":10},{"not_picked":["Replay:Undeath\u0027s Touch","Rupture"],"picked":"Guardian:VentSteam","floor":11},{"not_picked":["Guardian:Recover","Clash"],"picked":"Shrug It Off","floor":12},{"not_picked":["Clothesline","Entrench"],"picked":"ReplayReversal","floor":14},{"not_picked":["Impervious","Limit Break"],"picked":"Guardian:Gem_Orange","floor":16},{"not_picked":["Guardian:ShieldCharger","Armaments","ReplayTheSpireMod:Limb From Limb"],"picked":"SKIP","floor":18},{"not_picked":["ReplayTheSpireMod:Strike From Hell+1","Guardian:ShieldCharger","Guardian:Recover+1"],"picked":"SKIP","floor":20},{"not_picked":["Guardian:VentSteam+1","Perfected Strike"],"picked":"Guardian:Gem_Red","floor":22},{"not_picked":["Guardian:PrimingBeam","Anger"],"picked":"Guardian:Gem_Purple","floor":23},{"not_picked":["Guardian:FierceBash","Guardian:TemporalShield"],"picked":"Flame Barrier","floor":24},{"not_picked":["Guardian:ShieldCharger","Run Through","ReplayTheSpireMod:Strike From Hell"],"picked":"SKIP","floor":27},{"not_picked":["infinitespire:OneForAll+1","Guardian:Planning","Sentinel","Disarm"],"picked":"SKIP","floor":30},{"not_picked":["Guardian:SpikerProtocol","Life Link","Guardian:Orbwalk"],"picked":"Flex+1","floor":31},{"not_picked":["Impervious","Fiend Fire","Juggernaut"],"picked":"Guardian:Gem_Synthetic","floor":33},{"not_picked":["Guardian:Suspension+1","Run Through+1","Guardian:Recover"],"picked":"Guardian:Gem_Blue","floor":35},{"not_picked":["Clash","Guardian:GatlingBeam","Guardian:TemporalShield+1"],"picked":"Guardian:Gem_Green","floor":39},{"not_picked":["Guardian:TimeSifter","Life Link","Guardian:TemporalShield"],"picked":"Sword Boomerang+1","floor":40},{"not_picked":["Entrench","Clothesline+1","Dark Embrace+1"],"picked":"Guardian:Gem_Fragmented","floor":41},{"not_picked":["Warcry+1","Guardian:Recover+1","Havoc+1"],"picked":"Flame Barrier","floor":45},{"not_picked":["Intimidate","Guardian:TemporalShield+1","Guardian:WeakpointTargeting"],"picked":"Sword Boomerang+1","floor":47},{"not_picked":["Body Slam+1","Perfected Strike+1","Guardian:TemporalStrike+1"],"picked":"Blood for Blood+1","floor":49}],"player_experience":1617246,"relics_obtained":[{"floor":4,"key":"ReplayTheSpireMod:Ring of Exchange"},{"floor":4,"key":"Ring of Searing"},{"floor":7,"key":"Replay:WaspNest"},{"floor":9,"key":"Matryoshka"},{"floor":10,"key":"Bottled Lightning"},{"floor":14,"key":"Iron Hammer"},{"floor":23,"key":"Anchor"},{"floor":26,"key":"HornCleat"},{"floor":26,"key":"Bottled Tornado"},{"floor":28,"key":"infinitespire:BottledMercury"},{"floor":28,"key":"Question Card"},{"floor":40,"key":"Peace Pipe"},{"floor":43,"key":"ReplayTheSpireMod:Lightbulb"},{"floor":47,"key":"Regal Pillow"},{"floor":48,"key":"Dream Catcher"}],"event_choices":[{"damage_healed":26,"gold_gain":0,"player_choice":"Banana","damage_taken":0,"max_hp_gain":0,"max_hp_loss":0,"event_name":"Big Fish","floor":8,"gold_loss":0},{"damage_healed":0,"gold_gain":275,"player_choice":"Desecrate","damage_taken":0,"max_hp_gain":0,"max_hp_loss":0,"event_name":"Golden Shrine","floor":19,"gold_loss":0,"cards_obtained":["Regret"]},{"damage_healed":0,"gold_gain":0,"player_choice":"Rummage","damage_taken":0,"relics_obtained":["WarpedTongs"],"max_hp_gain":0,"max_hp_loss":0,"event_name":"Accursed Blacksmith","floor":25,"gold_loss":0,"cards_obtained":["Pain"]},{"cards_removed":["Bash"],"damage_healed":0,"gold_gain":0,"player_choice":"Removed Attack","damage_taken":0,"max_hp_gain":0,"max_hp_loss":0,"event_name":"Falling","floor":36,"gold_loss":0},{"damage_healed":0,"gold_gain":0,"player_choice":"Ignored","damage_taken":0,"max_hp_gain":0,"max_hp_loss":0,"event_name":"Tomb of Lord Red Mask","floor":37,"gold_loss":0},{"cards_removed":["Pain"],"damage_healed":0,"gold_gain":0,"player_choice":"Offered Curse","damage_taken":0,"relics_obtained":["Spirit Poop"],"max_hp_gain":0,"max_hp_loss":0,"event_name":"Bonfire Elementals","floor":38,"gold_loss":0}],"is_beta":false,"boss_relics":[{"not_picked":["DollysMirror","SlaversCollar"],"picked":"Fusion Hammer"},{"not_picked":["Frozen Eye","Busted Crown"],"picked":"Philosopher\u0027s Stone"}],"items_purged_floors":[21,42,42],"is_endless":false,"potions_floor_spawned":[2,5,10,11,12,20,22,23,40,45],"ascension_level":0}}