{"host":"rpu0b34yn88n8zeb","time":1607732216,"event":{"mods":["BaseMod","CapriCore","Colored Powertips","Defuse TimeMaze Blight","Marisa£¨ìFÓê¡¡Ä§ÀíÉ³£©","Minty Spire (QoL Compilation)","Quick Restart","Reimu£¨²©ÀöÁéÃÎ£©","Shop Mod","Spicy Shops","StSLib","The Immortal","The Servant 0.9.4","Youmu£¨»êÆÇÑýÃÎ£©","¡¾¶«·½¶þ´Î´´×÷¡¿°ËÔÆ×Ïmod"],"gold_per_floor":[130,130,150,150,325,354,354,364,437,437,470,482,509,523,523,619,619,635,138,138,182,79,122,142,184,207,244,343,343,19,19,19,131,131,168,11,11,367,367,367],"floor_reached":39,"playtime":2906,"items_purged":["Doubt"],"score":602,"play_id":"a21ada31-2183-4a5c-b33d-7f8dc3cd78e5","local_time":"20201211171656","is_ascension_mode":true,"campfire_choices":[{"floor":7,"key":"REST"},{"floor":15,"key":"REST"},{"data":"Nest_LightFlightworm_purple","floor":29,"key":"SMITH"},{"data":"Human_Monster_Realm_purple","floor":32,"key":"SMITH"}],"circlet_count":0,"master_deck":["AT_purpleEX","AT_purpleEX","AT_purpleEX","AT_purpleEX+1","Defend_purpleEX","Defend_purpleEX","Defend_purpleEX","Defend_purpleEX","Observe_purple_1","Observe_purple_2","Human_Monster_Realm_purple+1","AdvanceAttack_purple+1","Worldmountain_purple","PurpleNeedle_purple","Line_surface_state_purple","Anti_communist_purple+1","Nest_LightFlightworm_purple+1","Mirror_FormAndEmptin_purple+1","Boundary_of_Extermination_purpleEX","Theboundaryofcreation_purpleEX+1","AdvanceAttack_purple+1","RuleDissolution_purple+1","Parasite","Fantasy_PerpetualMotionMachine_purple","Yakumo_Ran_purple+1","MonsterNeedle_purple+1","Mirror_FourBoundary_purple+1","MeetDecomposer_purple+1","Boundary_LightAndDark_purple+1","DimensionStaggered_purple+1","Fancifulhole_purple+1","OmniscientAndOmnipotent_Monster_purple+1","Shallow_ocean_purpleEX+1","DarkRealmRedLine_purple+1"],"relics":["Boundary_crack","Memoryfragments_purpleEX","Art of War","Toxic Egg 2","Pantograph","Potion Belt","InkBottle","Seventeenyearold_girl_Forever","Torii","CeramicFish","Red Mask","Antimatter_spacedebris","Strawberry","Letter Opener","Vajra","Bag of Preparation","Molten Egg 2","Prayer Wheel","RedLine:ReiMu","Membership Card","Old Coin"],"acts_visited":["Exordium","TheCity","TheBeyond"],"potions_floor_usage":[6,11,21,24,38,39],"damage_taken":[{"damage":1,"enemies":"Jaw Worm","floor":1,"turns":5},{"damage":2,"enemies":"Small Slimes","floor":3,"turns":4},{"damage":28,"enemies":"Lagavulin","floor":6,"turns":7},{"damage":0,"enemies":"2 Louse","floor":8,"turns":3},{"damage":12,"enemies":"3 Sentries","floor":11,"turns":11},{"damage":0,"enemies":"2 Fungi Beasts","floor":12,"turns":2},{"damage":8,"enemies":"Lagavulin","floor":13,"turns":5},{"damage":0,"enemies":"Looter","floor":14,"turns":2},{"damage":21,"enemies":"Hexaghost","floor":16,"turns":12},{"damage":10,"enemies":"Spheric Guardian","floor":18,"turns":3},{"damage":2,"enemies":"Masked Bandits","floor":21,"turns":5},{"damage":22,"enemies":"Slavers","floor":23,"turns":8},{"damage":3,"enemies":"2 Thieves","floor":24,"turns":5},{"damage":0,"enemies":"Book of Stabbing","floor":25,"turns":8},{"damage":0,"enemies":"Gremlin Leader","floor":27,"turns":6},{"damage":25,"enemies":"Automaton","floor":33,"turns":10},{"damage":7,"enemies":"3 Shapes","floor":35,"turns":5},{"damage":0,"enemies":"2 Orb Walkers","floor":38,"turns":3},{"damage":152,"enemies":"2 Orb Walkers","floor":39,"turns":19}],"seed_played":"8049268256761142714","potions_obtained":[{"floor":3,"key":"Block Potion"},{"floor":8,"key":"EssenceOfSteel"},{"floor":12,"key":"Explosive Potion"},{"floor":13,"key":"ColorlessPotion"},{"floor":23,"key":"SneckoOil"},{"floor":24,"key":"SpeedPotion"},{"floor":25,"key":"MagicPotion:ReiMu"},{"floor":27,"key":"Explosive Potion"},{"floor":31,"key":"FairyPotion"}],"is_trial":false,"path_per_floor":["M","?","M","?","?","E","R","M","T","T","E","M","E","M","R","B",null,"M","$","?","?","$","E","M","E","T","E","?","R","$","?","R","B",null,"M","$","$","?","?"],"character_chosen":"Youkari","items_purchased":["RuleDissolution_purple+1","Torii","CeramicFish","Fantasy_PerpetualMotionMachine_purple","Antimatter_spacedebris","MonsterNeedle_purple+1","Molten Egg 2","Prayer Wheel","Membership Card"],"campfire_rested":2,"item_purchase_floors":[19,19,19,19,22,22,30,30,36],"current_hp_per_floor":[70,49,48,34,34,8,29,30,30,30,21,22,16,16,37,46,70,61,61,61,66,66,62,66,73,73,80,80,80,80,80,80,73,93,90,90,90,95,28,28],"gold":367,"neow_bonus":"ONE_RANDOM_RARE_CARD","is_daily":false,"chose_seed":false,"campfire_upgraded":2,"win_rate":0.0,"timestamp":1607732216,"path_taken":["M","?","M","?","?","E","R","M","T","?","E","M","E","M","R","BOSS","M","$","?","?","?","E","?","E","T","E","?","R","$","?","R","BOSS","M","?","$","?","?"],"items_purchased_type":["Card","Relic","Relic","Card","Relic","Card","Relic","Relic","Relic"],"build_version":"2020-11-30","purchased_purges":1,"victory":false,"max_hp_per_floor":[70,70,70,70,70,70,70,70,70,70,70,70,70,70,70,70,70,70,70,70,72,72,85,87,89,89,91,91,91,91,91,91,93,93,93,93,93,95,95,95],"card_choices":[{"not_picked":["SharpContractionReality_purple","DimensionStaggered_purple"],"picked":"AdvanceAttack_purple","floor":1},{"not_picked":["SharpContractionReality_purple","StateDuplicate_purple"],"picked":"Worldmountain_purple","floor":3},{"not_picked":["Nest_LightFlightworm_purple","PositiveMatter_Antimatter_Universe_purple"],"picked":"PurpleNeedle_purple","floor":6},{"not_picked":["WatchEyeChange_purple","Bait_Toxicbait_purple"],"picked":"Line_surface_state_purple","floor":8},{"not_picked":["SharpContractionReality_purple","Umbrella_purple"],"picked":"Anti_communist_purple+1","floor":11},{"not_picked":["Shallow_ocean_purpleEX","OmniscientAndOmnipotent_Monster_purple"],"picked":"Nest_LightFlightworm_purple","floor":12},{"not_picked":["FragmentationRealm_purple","Realm_recovery_purpleEX+1"],"picked":"Mirror_FormAndEmptin_purple+1","floor":13},{"not_picked":["OmniscientAndOmnipotent_Monster_purple","MonsterNeedle_purple+1"],"picked":"Boundary_of_Extermination_purpleEX","floor":14},{"not_picked":["MagicEyes_LaplaceDemon_purple+1","Human_Monster_Realm_purple+1"],"picked":"Theboundaryofcreation_purpleEX+1","floor":16},{"not_picked":["WeekHit_purple","SharpContractionReality_purple+1"],"picked":"AdvanceAttack_purple+1","floor":18},{"not_picked":["AdvanceAttack_purple","StateErode_purple"],"picked":"Yakumo_Ran_purple+1","floor":21},{"not_picked":["WatchEyeChange_purple","ButterflyHabitatTemple_purple+1"],"picked":"Mirror_FourBoundary_purple+1","floor":23},{"not_picked":["Nest_LightFlightworm_purple+1","Umbrella_purple"],"picked":"MeetDecomposer_purple+1","floor":24},{"not_picked":["ExistenceContinue_purple","CommonSense_AntiCommonSense_purple"],"picked":"Boundary_LightAndDark_purple+1","floor":25},{"not_picked":["Umbrella_purple","Realm_recovery_purpleEX+1"],"picked":"DimensionStaggered_purple+1","floor":27},{"not_picked":["Boundary_LifeAndDeath_purple+1","Computing_the_future_purpleEX"],"picked":"Fancifulhole_purple+1","floor":33},{"not_picked":["Mirror_WaveAndshot_purple+1","Yakumo_Ran_purple+1"],"picked":"OmniscientAndOmnipotent_Monster_purple+1","floor":35},{"not_picked":["SharpContractionReality_purple+1","AdvanceAttack_purple+1"],"picked":"Shallow_ocean_purpleEX+1","floor":35},{"not_picked":["Fantasy_PerpetualMotionMachine_purple+1","RuptureOfTimeAndSpace_purple+1"],"picked":"DarkRealmRedLine_purple+1","floor":38}],"player_experience":517065,"relics_obtained":[{"floor":6,"key":"Art of War"},{"floor":9,"key":"Toxic Egg 2"},{"floor":10,"key":"Pantograph"},{"floor":11,"key":"Potion Belt"},{"floor":13,"key":"InkBottle"},{"floor":21,"key":"Red Mask"},{"floor":23,"key":"Strawberry"},{"floor":25,"key":"Letter Opener"},{"floor":26,"key":"Vajra"},{"floor":27,"key":"Bag of Preparation"},{"floor":38,"key":"Old Coin"}],"event_choices":[{"damage_healed":0,"gold_gain":0,"player_choice":"Entered Light","damage_taken":14,"max_hp_gain":0,"max_hp_loss":0,"event_name":"Shining Light","floor":4,"gold_loss":0,"cards_upgraded":["AdvanceAttack_purple","AT_purpleEX"]},{"damage_healed":0,"gold_gain":175,"player_choice":"AGREE","damage_taken":0,"max_hp_gain":0,"max_hp_loss":0,"event_name":"Liars Game","floor":5,"gold_loss":0,"cards_obtained":["Doubt"]},{"damage_healed":0,"gold_gain":0,"player_choice":"Ignored","damage_taken":0,"max_hp_gain":0,"max_hp_loss":0,"event_name":"Ghosts","floor":20,"gold_loss":0},{"damage_healed":0,"gold_gain":0,"player_choice":"Fought Bandits","damage_taken":0,"max_hp_gain":0,"max_hp_loss":0,"event_name":"Masked Bandits","floor":21,"gold_loss":0},{"damage_healed":0,"gold_gain":99,"player_choice":"Stole From Cult","damage_taken":0,"max_hp_gain":0,"max_hp_loss":0,"event_name":"Nest","floor":28,"gold_loss":0},{"damage_healed":0,"gold_gain":0,"player_choice":"Got Potions","damage_taken":0,"max_hp_gain":0,"max_hp_loss":0,"event_name":"Lab","floor":31,"gold_loss":0},{"damage_healed":0,"gold_gain":0,"player_choice":"Fight","damage_taken":0,"max_hp_gain":0,"max_hp_loss":0,"event_name":"Mysterious Sphere","floor":38,"gold_loss":0}],"is_beta":false,"boss_relics":[{"not_picked":["Runic Dome","Coffee Dripper"],"picked":"Seventeenyearold_girl_Forever"},{"not_picked":["Velvet Choker","Runic Pyramid"],"picked":"RedLine:ReiMu"}],"items_purged_floors":[19],"is_endless":false,"potions_floor_spawned":[3,8,12,13,23,24,25,27],"killed_by":"2 Orb Walkers","ascension_level":1}}