{"host":"pt1z5qzak3tiw32n","time":1607789450,"event":{"mods":["BaseMod","Block Reminder","Minty Spire (QoL Compilation)","StSLib","everything is the same but u backflip on backflip"],"gold_per_floor":[110,110,128,38,49,76,76,101,153,172,183,183,183,183,183,276,276,196,3,3,3,20,20,53,53,53,83,83,23,23,73,73,146,146,163,163,163,175,32,32,32,32,32,48,68,68,96,96,96],"floor_reached":48,"playtime":2963,"items_purged":["Strike_G","Strike_G"],"score":1096,"play_id":"880d1543-44fa-4274-b3f9-76cde9a6689a","local_time":"20201212111050","is_ascension_mode":true,"campfire_choices":[{"data":"Bouncing Flask","floor":7.0,"key":"SMITH"},{"data":"Footwork","floor":13.0,"key":"SMITH"},{"data":"Footwork","floor":15.0,"key":"SMITH"},{"data":"Apotheosis","floor":23.0,"key":"SMITH"},{"data":"Crippling Poison","floor":25.0,"key":"SMITH"},{"floor":28.0,"key":"REST"},{"data":"Burst","floor":30.0,"key":"SMITH"},{"data":"Corpse Explosion","floor":32.0,"key":"SMITH"},{"data":"Noxious Fumes","floor":40.0,"key":"SMITH"},{"data":"Panacea","floor":42.0,"key":"SMITH"},{"data":"Blade Dance","floor":46.0,"key":"SMITH"}],"circlet_count":0,"master_deck":["AscendersBane","Strike_G","Strike_G","Strike_G","Defend_G","Defend_G","Defend_G","Defend_G","Defend_G","Survivor","Neutralize","Bouncing Flask+1","Footwork+1","Poisoned Stab","Footwork+1","Dagger Spray","Distraction","Burst+1","Terror","Backflip","PiercingWail","Injury","Corpse Explosion+1","CurseOfTheBell","Endless Agony","Apotheosis+1","Crippling Poison+1","Leg Sweep+1","Blade Dance+1","Panacea+1","Master of Strategy","Noxious Fumes+1","Normality","Normality","Prepared+1","Backstab","Infinite Blades"],"relics":["Ring of the Snake","NeowsBlessing","Ninja Scroll","MealTicket","Dream Catcher","Bloody Idol","Calling Bell","Toy Ornithopter","Shuriken","Ginger","StrikeDummy","The Courier","Letter Opener","Cursed Key","The Specimen","Paper Crane","Bag of Preparation"],"acts_visited":["Exordium","TheCity","TheBeyond"],"potions_floor_usage":[47,48],"damage_taken":[{"damage":0.0,"enemies":"Small Slimes","floor":1.0,"turns":1.0},{"damage":0.0,"enemies":"Cultist","floor":3.0,"turns":1.0},{"damage":0.0,"enemies":"Jaw Worm","floor":5.0,"turns":1.0},{"damage":31.0,"enemies":"3 Sentries","floor":6.0,"turns":10.0},{"damage":21.0,"enemies":"Lagavulin","floor":8.0,"turns":6.0},{"damage":0.0,"enemies":"Looter","floor":10.0,"turns":1.0},{"damage":0.0,"enemies":"Exordium Wildlife","floor":11.0,"turns":3.0},{"damage":20.0,"enemies":"Hexaghost","floor":16.0,"turns":9.0},{"damage":0.0,"enemies":"2 Thieves","floor":18.0,"turns":4.0},{"damage":35.0,"enemies":"3 Byrds","floor":22.0,"turns":4.0},{"damage":21.0,"enemies":"Book of Stabbing","floor":24.0,"turns":6.0},{"damage":17.0,"enemies":"Gremlin Leader","floor":27.0,"turns":6.0},{"damage":58.0,"enemies":"Collector","floor":33.0,"turns":9.0},{"damage":1.0,"enemies":"Orb Walker","floor":35.0,"turns":4.0},{"damage":0.0,"enemies":"3 Shapes","floor":38.0,"turns":3.0},{"damage":0.0,"enemies":"Sphere and 2 Shapes","floor":44.0,"turns":3.0},{"damage":20.0,"enemies":"Spire Growth","floor":45.0,"turns":6.0},{"damage":40,"enemies":"Reptomancer","floor":47,"turns":6},{"damage":50,"enemies":"Transient","floor":48,"turns":2}],"seed_played":"-8583468678176365105","potions_obtained":[{"floor":3.0,"key":"Poison Potion"},{"floor":8.0,"key":"DistilledChaos"},{"floor":16.0,"key":"SneckoOil"},{"floor":22.0,"key":"Ancient Potion"},{"floor":24.0,"key":"LiquidBronze"},{"floor":27.0,"key":"CunningPotion"},{"floor":38.0,"key":"DistilledChaos"},{"floor":44.0,"key":"Explosive Potion"},{"floor":45.0,"key":"PowerPotion"}],"is_trial":false,"path_per_floor":["M","?","M","$","M","E","R","E","T","M","M","?","R","?","R","B",null,"M","$","?","?","M","R","E","R","T","E","R","$","R","?","R","B",null,"M","?","?","M","$","R","T","R","T","M","M","R","E","M"],"character_chosen":"THE_SILENT","items_purchased":["Footwork","Dagger Spray","Apotheosis","Noxious Fumes"],"campfire_rested":1,"item_purchase_floors":[4,4,19,39],"current_hp_per_floor":[59,59,59,59,59,28,28,7,7,7,7,29,29,29,29,9,52,52,66,66,66,41,41,25,25,25,18,37,52,52,57,57,9,52,56,51,51,56,66,66,66,66,66,66,51,51,21,0,0],"gold":96,"neow_bonus":"THREE_ENEMY_KILL","is_daily":false,"chose_seed":false,"campfire_upgraded":10,"win_rate":0.0,"timestamp":1607789450,"path_taken":["M","?","M","$","?","E","R","E","T","M","M","?","R","?","R","BOSS","M","$","?","?","M","R","E","R","T","E","R","$","R","?","R","BOSS","M","?","?","M","?","R","?","R","T","M","?","R","E","M"],"items_purchased_type":["Card","Card","Card","Card"],"build_version":"2020-11-30","purchased_purges":2,"victory":false,"max_hp_per_floor":[66,66,66,66,66,66,66,66,66,66,66,66,66,66,66,66,66,66,66,66,66,66,66,66,66,66,66,66,66,66,66,66,66,66,66,66,66,66,66,66,66,66,66,66,66,66,66,66,66],"card_choices":[{"not_picked":["Bane","Finisher"],"picked":"Bouncing Flask","floor":1.0},{"not_picked":["Blade Dance","Deadly Poison"],"picked":"Poisoned Stab","floor":3.0},{"not_picked":["Cloak And Dagger","Setup"],"picked":"Distraction","floor":5.0},{"not_picked":["Setup","Acrobatics"],"picked":"Burst","floor":6.0},{"not_picked":["Bane","Sucker Punch"],"picked":"Terror","floor":8.0},{"not_picked":["Underhanded Strike","Blade Dance"],"picked":"Backflip","floor":10.0},{"not_picked":["Flying Knee","Dagger Throw"],"picked":"PiercingWail","floor":11.0},{"not_picked":["Burst","Night Terror"],"picked":"Corpse Explosion","floor":16.0},{"not_picked":["Dagger Spray","Prepared"],"picked":"Endless Agony","floor":18.0},{"not_picked":["Sucker Punch","Bane","Distraction"],"picked":"SKIP","floor":22.0},{"not_picked":["Flechettes","Quick Slash+1"],"picked":"Crippling Poison","floor":24.0},{"not_picked":["PiercingWail","Backflip"],"picked":"Leg Sweep+1","floor":27.0},{"not_picked":["Deflect","Dagger Throw"],"picked":"Blade Dance","floor":35.0},{"not_picked":["Mind Blast","The Bomb"],"picked":"Panacea","floor":36.0},{"not_picked":["Finesse","Dramatic Entrance"],"picked":"Master of Strategy","floor":36.0},{"not_picked":["Dagger Spray","Choke+1","Finisher"],"picked":"SKIP","floor":38.0},{"not_picked":["All Out Attack","Leg Sweep"],"picked":"Prepared+1","floor":44.0},{"not_picked":["Distraction","All Out Attack"],"picked":"Backstab","floor":45.0},{"not_picked":["Dagger Spray","Prepared"],"picked":"Infinite Blades","floor":47}],"player_experience":614561,"relics_obtained":[{"floor":6.0,"key":"Ninja Scroll"},{"floor":8.0,"key":"MealTicket"},{"floor":9.0,"key":"Dream Catcher"},{"floor":17.0,"key":"Toy Ornithopter"},{"floor":17.0,"key":"Shuriken"},{"floor":17.0,"key":"Ginger"},{"floor":24.0,"key":"StrikeDummy"},{"floor":26.0,"key":"The Courier"},{"floor":27.0,"key":"Letter Opener"},{"floor":41.0,"key":"The Specimen"},{"floor":43.0,"key":"Paper Crane"},{"floor":47,"key":"Bag of Preparation"}],"event_choices":[{"damage_healed":0.0,"max_hp_gain":0.0,"max_hp_loss":0.0,"gold_gain":0.0,"event_name":"Match and Keep!","player_choice":"1 cards matched","floor":2.0,"gold_loss":0.0,"damage_taken":0.0,"cards_obtained":["Footwork"]},{"damage_healed":22.0,"max_hp_gain":0.0,"max_hp_loss":0.0,"gold_gain":0.0,"event_name":"Big Fish","player_choice":"Banana","floor":12.0,"gold_loss":0.0,"damage_taken":0.0},{"damage_healed":0.0,"max_hp_gain":0.0,"max_hp_loss":0.0,"gold_gain":0.0,"event_name":"Golden Idol","player_choice":"Take Wound","floor":14.0,"gold_loss":0.0,"damage_taken":0.0,"relics_obtained":["Golden Idol"],"cards_obtained":["Injury"]},{"damage_healed":0.0,"max_hp_gain":0.0,"max_hp_loss":0.0,"gold_gain":0.0,"event_name":"Forgotten Altar","player_choice":"Gave Idol","floor":20.0,"relics_lost":["Golden Idol"],"gold_loss":0.0,"damage_taken":0.0,"relics_obtained":["Bloody Idol"]},{"damage_healed":0.0,"max_hp_gain":0.0,"max_hp_loss":0.0,"gold_gain":0.0,"event_name":"Vampires","player_choice":"Ignored","floor":21.0,"gold_loss":0.0,"damage_taken":0.0},{"damage_healed":0.0,"max_hp_gain":0.0,"max_hp_loss":0.0,"gold_gain":50.0,"event_name":"Nest","player_choice":"Stole From Cult","floor":31.0,"gold_loss":0.0,"damage_taken":0.0},{"damage_healed":0.0,"max_hp_gain":0.0,"max_hp_loss":0.0,"gold_gain":0.0,"event_name":"SensoryStone","player_choice":"Memory 2","floor":36.0,"gold_loss":0.0,"damage_taken":5.0},{"damage_healed":0.0,"max_hp_gain":0.0,"max_hp_loss":0.0,"gold_gain":0.0,"event_name":"Tomb of Lord Red Mask","player_choice":"Ignored","floor":37.0,"gold_loss":0.0,"damage_taken":0.0}],"is_beta":false,"boss_relics":[{"not_picked":["SlaversCollar","Pandora\u0027s Box"],"picked":"Calling Bell"},{"not_picked":["Busted Crown","Snecko Eye"],"picked":"Cursed Key"}],"items_purged_floors":[29,39],"is_endless":false,"potions_floor_spawned":[3,8,16,22,24,27,38,44,45],"killed_by":"Transient","ascension_level":17}}