{"host":"ric0yy7h8stlg6kz","time":1607768265,"event":{"mods":["2.2 Compatiblity","BaseMod","Hermit","Highlight Path","Luminous","Minty Spire (QoL Compilation)","StSLib","TheWitcher"],"gold_per_floor":[109,109,132,132,132,132,176,176,176,189,222,222,251,289,289,289,289],"floor_reached":16,"playtime":1027,"items_purged":[],"score":127,"play_id":"f7493da1-2045-4ef9-8ddc-2e30cbdc3e7a","local_time":"20201212181745","is_ascension_mode":false,"campfire_choices":[{"floor":6,"key":"RECALL"},{"data":"hermit:Covet","floor":8,"key":"SMITH"},{"data":"hermit:DeadOrAlive","floor":12,"key":"SMITH"},{"data":"hermit:TakeAim","floor":15,"key":"SMITH"}],"circlet_count":0,"master_deck":["hermit:Strike_Hermit","hermit:Strike_Hermit+1","hermit:Strike_Hermit","hermit:Strike_Hermit","hermit:Defend_Hermit","hermit:Defend_Hermit+1","hermit:Defend_Hermit","hermit:Defend_Hermit","hermit:Snapshot","hermit:Covet+1","hermit:SprayPray","Injury","hermit:Vantage","hermit:TrackingShot","hermit:DeadOrAlive+1","hermit:Midnight","hermit:HeroicBravado","hermit:TakeAim+1"],"relics":["hermit:Momento","NeowsBlessing","Golden Idol","CultistMask","Singing Bowl","Mummified Hand"],"acts_visited":["Exordium"],"potions_floor_usage":[16,16],"damage_taken":[{"damage":0,"enemies":"Small Slimes","floor":1,"turns":1},{"damage":0,"enemies":"2 Louse","floor":3,"turns":1},{"damage":0,"enemies":"Gremlin Nob","floor":7,"turns":1},{"damage":1,"enemies":"Cultist","floor":10,"turns":4},{"damage":5,"enemies":"Large Slime","floor":11,"turns":6},{"damage":0,"enemies":"Looter","floor":13,"turns":1},{"damage":8,"enemies":"Exordium Thugs","floor":14,"turns":5},{"damage":46,"enemies":"Hexaghost","floor":16,"turns":15}],"seed_played":"-3026298210649934173","potions_obtained":[{"floor":3,"key":"hermit:Tonic"},{"floor":14,"key":"Dexterity Potion"}],"is_trial":false,"path_per_floor":["M","?","M","?","?","R","E","R","T","M","M","R","M","M","R","B"],"character_chosen":"HERMIT","items_purchased":[],"campfire_rested":0,"item_purchase_floors":[],"current_hp_per_floor":[75,75,75,60,60,60,60,60,60,59,54,54,54,46,46,0,0],"gold":289,"neow_bonus":"THREE_ENEMY_KILL","is_daily":false,"chose_seed":false,"campfire_upgraded":3,"win_rate":0.0,"timestamp":1607768265,"path_taken":["M","?","M","?","?","R","E","R","T","M","?","R","M","M","R","BOSS"],"items_purchased_type":[],"build_version":"2020-11-30","purchased_purges":0,"victory":false,"max_hp_per_floor":[75,75,75,75,75,75,75,75,75,75,75,75,75,75,75,75,75],"card_choices":[{"not_picked":["hermit:Cheat","hermit:Manifest"],"picked":"hermit:SprayPray","floor":1},{"not_picked":["hermit:Glare","hermit:CursedWeapon"],"picked":"hermit:Vantage","floor":3},{"not_picked":["hermit:CalledShot","hermit:HighCaliber"],"picked":"hermit:TrackingShot","floor":7},{"not_picked":["hermit:CalledShot","hermit:GoldenBullet"],"picked":"hermit:DeadOrAlive","floor":10},{"not_picked":["hermit:Coalescence","hermit:LoneWolf"],"picked":"hermit:Midnight","floor":11},{"not_picked":["hermit:CalledShot","hermit:HighCaliber"],"picked":"hermit:HeroicBravado","floor":13},{"not_picked":["hermit:Feint","hermit:Ricochet"],"picked":"hermit:TakeAim","floor":14}],"player_experience":7996,"relics_obtained":[{"floor":7,"key":"Singing Bowl"},{"floor":9,"key":"Mummified Hand"}],"event_choices":[{"damage_healed":0,"gold_gain":0,"player_choice":"Take Wound","damage_taken":0,"relics_obtained":["Golden Idol"],"max_hp_gain":0,"max_hp_loss":0,"event_name":"Golden Idol","floor":2,"gold_loss":0,"cards_obtained":["Injury"]},{"damage_healed":0,"gold_gain":0,"player_choice":"Entered Light","damage_taken":15,"max_hp_gain":0,"max_hp_loss":0,"event_name":"Shining Light","floor":4,"gold_loss":0,"cards_upgraded":["hermit:Strike_Hermit","hermit:Defend_Hermit"]},{"damage_healed":0,"gold_gain":0,"player_choice":"Trade","damage_taken":0,"relics_obtained":["CultistMask"],"max_hp_gain":0,"max_hp_loss":0,"event_name":"FaceTrader","floor":5,"gold_loss":0}],"is_beta":false,"boss_relics":[],"items_purged_floors":[],"is_endless":false,"potions_floor_spawned":[3,14],"killed_by":"Hexaghost","ascension_level":0}}