{"host":"sav7uxregyirlf69","time":1607737000,"event":{"mods":["AchievementEnabler","BaseMod","Colored Map","DeckTracker","Hermit","Keyboard Shortcuts","Minty Spire (QoL Compilation)","READ ME - Guardian Mod","StSLib","SuperFastMode"],"gold_per_floor":[144,144,189,234,259,349,349,394,444,444,219,219,264,309,309,609,609,654,669,119,218,243,288,333,423,448,448,448],"floor_reached":27,"playtime":604,"items_purged":["Eruption","Strike_R"],"score":260,"play_id":"290d4410-47d1-4055-bfd9-fa37df7d1bbd","local_time":"20201212103640","daily_mods":["Chimera","Uncertain Future","Midas"],"is_ascension_mode":false,"campfire_choices":[{"floor":7,"key":"REST"},{"floor":10,"key":"REST"},{"floor":15,"key":"REST"}],"circlet_count":0,"master_deck":["Bash","Survivor","Zap","Strike_G+1","Strike_B+1","Defend_R","Defend_G","Defend_P","Carnage","Dropkick","Dual Wield","Armaments","Clothesline","Intimidate","Barricade","Armaments+1","Warcry+1","Dropkick","Shrug It Off"],"relics":["Burning Blood","Tiny Chest","Dream Catcher","Strawberry","Oddly Smooth Stone","Blood Vial","Black Star","Vajra","Sling","Bag of Preparation","Smiling Mask","Bag of Marbles","Whetstone"],"acts_visited":["Exordium","TheCity"],"potions_floor_usage":[16,18,20,23,25,25,25,27],"damage_taken":[{"damage":0.0,"enemies":"Jaw Worm","floor":1.0,"turns":3.0},{"damage":2.0,"enemies":"Small Slimes","floor":3.0,"turns":3.0},{"damage":1,"enemies":"Cultist","floor":4,"turns":3},{"damage":33,"enemies":"3 Sentries","floor":6,"turns":9},{"damage":0,"enemies":"Large Slime","floor":8,"turns":4},{"damage":9,"enemies":"Red Slaver","floor":13,"turns":3},{"damage":6,"enemies":"Exordium Wildlife","floor":14,"turns":4},{"damage":43,"enemies":"The Guardian","floor":16,"turns":12},{"damage":28,"enemies":"Spheric Guardian","floor":18,"turns":5},{"damage":34,"enemies":"2 Thieves","floor":19,"turns":4},{"damage":27,"enemies":"Snake Plant","floor":23,"turns":7},{"damage":23,"enemies":"Snecko","floor":24,"turns":5},{"damage":26,"enemies":"Book of Stabbing","floor":25,"turns":7},{"damage":12,"enemies":"Centurion and Healer","floor":27,"turns":3}],"seed_played":"-2740983366772686195","potions_obtained":[{"floor":1.0,"key":"SteroidPotion"},{"floor":3.0,"key":"Strength Potion"},{"floor":12,"key":"SpeedPotion"},{"floor":12,"key":"DuplicationPotion"},{"floor":16,"key":"BloodPotion"},{"floor":18,"key":"Block Potion"},{"floor":23,"key":"LiquidMemories"},{"floor":25,"key":"Weak Potion"}],"is_trial":false,"path_per_floor":["M","?","M","M","T","E","R","M","T","R","$","?","M","M","R","B",null,"M","M","$","?","T","M","M","E","T","M"],"character_chosen":"IRONCLAD","items_purchased":["Blood Vial","Vajra","Fruit Juice","Dexterity Potion","Sling"],"campfire_rested":3,"item_purchase_floors":[11,20,20,20,20],"current_hp_per_floor":[80,62,66,71,71,51,77,83,83,87,87,87,84,86,87,50,87,82,56,61,61,61,42,27,9,9,0,0],"gold":448,"neow_bonus":"","is_daily":true,"chose_seed":false,"campfire_upgraded":0,"win_rate":0.0,"timestamp":1607737000,"path_taken":["M","?","M","M","?","E","R","M","T","R","$","?","M","M","R","BOSS","M","M","$","?","?","M","M","E","T","M"],"items_purchased_type":["Relic","Relic","Potion","Potion","Relic"],"build_version":"2020-11-30","purchased_purges":2,"victory":false,"max_hp_per_floor":[80,80,80,80,80,87,87,87,87,87,87,87,87,87,87,87,87,87,87,92,92,92,92,92,92,92,92,92],"card_choices":[{"not_picked":["Rampage","Anger"],"picked":"Carnage","floor":1.0},{"not_picked":["Whirlwind","Rupture","Flex"],"picked":"SKIP","floor":3.0},{"not_picked":["Flex","Anger","Heavy Blade"],"picked":"SKIP","floor":4},{"not_picked":["Heavy Blade","Clothesline"],"picked":"Dropkick","floor":6},{"not_picked":["Dark Embrace","Shockwave"],"picked":"Dual Wield","floor":7},{"not_picked":["Anger","Twin Strike"],"picked":"Armaments","floor":8},{"not_picked":["Corruption","Body Slam","Armaments"],"picked":"SKIP","floor":13},{"not_picked":["Twin Strike","Hemokinesis"],"picked":"Clothesline","floor":14},{"not_picked":["Cleave","Clothesline"],"picked":"Intimidate","floor":15},{"not_picked":["Reaper","Exhume"],"picked":"Barricade","floor":16},{"not_picked":["Dual Wield","Perfected Strike+1"],"picked":"Armaments+1","floor":18},{"not_picked":["Entrench","Wild Strike"],"picked":"Warcry+1","floor":19},{"not_picked":["Disarm","Armaments"],"picked":"Dropkick","floor":23},{"not_picked":["Anger","Cleave"],"picked":"Shrug It Off","floor":24},{"not_picked":["Pummel+1","Sever Soul","Dropkick+1"],"picked":"SKIP","floor":25}],"player_experience":922154,"relics_obtained":[{"floor":5,"key":"Dream Catcher"},{"floor":6,"key":"Strawberry"},{"floor":9,"key":"Oddly Smooth Stone"},{"floor":22,"key":"Bag of Preparation"},{"floor":25,"key":"Smiling Mask"},{"floor":25,"key":"Bag of Marbles"},{"floor":26,"key":"Whetstone"}],"event_choices":[{"damage_healed":0.0,"max_hp_gain":0.0,"max_hp_loss":0.0,"gold_gain":0.0,"event_name":"Scrap Ooze","player_choice":"Success","floor":2.0,"gold_loss":0.0,"damage_taken":18.0,"relics_obtained":["Tiny Chest"]},{"damage_healed":0,"gold_gain":0,"player_choice":"Got Potions","damage_taken":0,"max_hp_gain":0,"max_hp_loss":0,"event_name":"Lab","floor":12,"gold_loss":0},{"damage_healed":0,"gold_gain":99,"player_choice":"Stole From Cult","damage_taken":0,"max_hp_gain":0,"max_hp_loss":0,"event_name":"Nest","floor":21,"gold_loss":0}],"is_beta":false,"boss_relics":[{"not_picked":["SacredBark","SlaversCollar"],"picked":"Black Star"}],"items_purged_floors":[11,20],"is_endless":false,"potions_floor_spawned":[1,3,16,18,23,25],"killed_by":"Centurion and Healer","ascension_level":0}}