{"host":"2yqfi47fogfu1ic4","time":1607770037,"event":{"mods":["AchievementEnabler","BaseMod","Colored Map","Colored Powertips","Highlight Path","Minty Spire (QoL Compilation)","Permanent Neow","Relic Stats","StSLib"],"gold_per_floor":[115,115,85,103,118,118,134,145,171,186,111,111,136,151,151,222,222,237,248,148,165,40,40,51,51,51,84,102,102,102,115,115,188,188,207,207,217,59,84,84,103,138,220,239,74,91,91,119,119,119,119,119],"floor_reached":51,"playtime":5256,"items_purged":["Strike_G","Strike_G","Strike_G"],"score":1412,"play_id":"59d60ff2-3425-4cdb-aa35-fadcaec03fd1","local_time":"20201212114717","is_ascension_mode":true,"campfire_choices":[{"data":"Dagger Spray","floor":6.0,"key":"SMITH"},{"data":"Malaise","floor":12.0,"key":"SMITH"},{"data":"Noxious Fumes","floor":15.0,"key":"SMITH"},{"data":"Footwork","floor":23.0,"key":"SMITH"},{"data":"Well Laid Plans","floor":25.0,"key":"SMITH"},{"data":"Catalyst","floor":29.0,"key":"SMITH"},{"floor":32.0,"key":"REST"},{"data":"Night Terror","floor":40.0,"key":"SMITH"},{"data":"Wraith Form v2","floor":47,"key":"SMITH"},{"floor":49,"key":"RECALL"}],"circlet_count":0,"master_deck":["AscendersBane","Strike_G","Strike_G","Defend_G","Defend_G","Defend_G","Defend_G","Defend_G","Survivor","Neutralize","Dagger Spray+1","Masterful Stab","Dagger Throw","Quick Slash","Noxious Fumes+1","Malaise+1","Footwork+1","Well Laid Plans+1","Malaise+1","Outmaneuver","PiercingWail","Sucker Punch+1","Catalyst+1","Bouncing Flask+1","PiercingWail","Night Terror+1","Wraith Form v2+1","Deadly Poison+1","Backflip+1","Outmaneuver+1"],"relics":["Ring of the Snake","Strawberry","Dream Catcher","Nunchaku","Cursed Key","Anchor","Black Star","Lantern","Prayer Wheel","Omamori","InkBottle","Toolbox","Oddly Smooth Stone","Bottled Lightning"],"acts_visited":["Exordium","TheCity","TheBeyond"],"potions_floor_usage":[46,48],"damage_taken":[{"damage":10.0,"enemies":"2 Louse","floor":1.0,"turns":4.0},{"damage":4.0,"enemies":"Jaw Worm","floor":4.0,"turns":7.0},{"damage":0.0,"enemies":"Cultist","floor":5.0,"turns":3.0},{"damage":0.0,"enemies":"Red Slaver","floor":7.0,"turns":2.0},{"damage":3.0,"enemies":"Lots of Slimes","floor":8.0,"turns":4.0},{"damage":1.0,"enemies":"Blue Slaver","floor":10.0,"turns":3.0},{"damage":16.0,"enemies":"3 Sentries","floor":13.0,"turns":5.0},{"damage":7.0,"enemies":"Exordium Wildlife","floor":14.0,"turns":4.0},{"damage":15.0,"enemies":"The Guardian","floor":16.0,"turns":13.0},{"damage":0.0,"enemies":"Chosen","floor":18.0,"turns":6.0},{"damage":0.0,"enemies":"3 Byrds","floor":19.0,"turns":5.0},{"damage":0.0,"enemies":"Snake Plant","floor":21.0,"turns":7.0},{"damage":10.0,"enemies":"Cultist and Chosen","floor":24.0,"turns":8.0},{"damage":8.0,"enemies":"Book of Stabbing","floor":27.0,"turns":8.0},{"damage":13.0,"enemies":"Centurion and Healer","floor":28.0,"turns":6.0},{"damage":0.0,"enemies":"Snecko","floor":31.0,"turns":5.0},{"damage":19.0,"enemies":"Automaton","floor":33.0,"turns":11.0},{"damage":0.0,"enemies":"Orb Walker","floor":35.0,"turns":4.0},{"damage":11.0,"enemies":"3 Darklings","floor":37.0,"turns":8.0},{"damage":0.0,"enemies":"Mind Bloom Boss Battle","floor":39.0,"turns":8.0},{"damage":8.0,"enemies":"Spire Growth","floor":41.0,"turns":4.0},{"damage":14.0,"enemies":"Giant Head","floor":42.0,"turns":7.0},{"damage":0.0,"enemies":"Transient","floor":44.0,"turns":3.0},{"damage":6,"enemies":"Maw","floor":46,"turns":5},{"damage":13,"enemies":"Reptomancer","floor":48,"turns":3},{"damage":4,"enemies":"Time Eater","floor":50,"turns":5},{"damage":9,"enemies":"Awakened One","floor":51,"turns":4}],"seed_played":"9035680395835594532","potions_obtained":[{"floor":3.0,"key":"Regen Potion"},{"floor":3.0,"key":"Energy Potion"},{"floor":5.0,"key":"Fire Potion"},{"floor":14.0,"key":"EssenceOfSteel"},{"floor":16.0,"key":"Dexterity Potion"},{"floor":19.0,"key":"BlessingOfTheForge"},{"floor":27.0,"key":"Poison Potion"},{"floor":35.0,"key":"SpeedPotion"},{"floor":41.0,"key":"Ancient Potion"},{"floor":42.0,"key":"ColorlessPotion"},{"floor":44.0,"key":"Fire Potion"},{"floor":46,"key":"Energy Potion"}],"is_trial":false,"path_per_floor":["M","?","?","M","M","R","M","M","T","M","$","R","E","M","R","B",null,"M","M","$","M","$","R","M","R","T","E","M","R","?","M","R","B",null,"M","?","M","$","?","R","M","E","T","M","$","M","R","E","R","B","B"],"character_chosen":"THE_SILENT","items_purchased":["Lantern","Toolbox"],"campfire_rested":1,"item_purchase_floors":[38,45],"current_hp_per_floor":[56,56,56,52,52,52,52,49,49,48,48,48,32,37,37,22,60,60,60,60,60,60,60,50,50,50,42,29,29,29,29,50,31,63,63,63,52,52,52,52,44,30,30,30,30,24,24,11,11,7,0,0],"gold":119,"neow_bonus":"RANDOM_COMMON_RELIC","is_daily":false,"chose_seed":false,"campfire_upgraded":8,"win_rate":0.0,"timestamp":1607770037,"path_taken":["M","?","?","M","M","R","?","M","T","M","$","R","E","M","R","BOSS","M","M","$","M","$","R","M","R","T","E","M","R","?","?","R","BOSS","M","?","M","$","?","R","M","E","T","M","$","M","R","E","R","BOSS","BOSS"],"items_purchased_type":["Relic","Relic"],"build_version":"2020-11-30","purchased_purges":3,"victory":false,"max_hp_per_floor":[73,73,73,73,73,73,73,73,73,73,73,73,73,73,73,73,73,73,73,73,73,73,73,73,73,73,73,73,73,73,73,73,73,73,73,73,73,73,73,73,73,73,73,73,73,73,73,73,73,73,73,73],"relic_stats":{"Dream Catcher":1,"Nunchaku":[21],"counters":[27,152],"Prayer Wheel":3,"Black Star":2,"Cursed Key":1,"obtain_stats":[{"Lantern":38,"Oddly Smooth Stone":48,"Omamori":42,"Cursed Key":17,"Dream Catcher":9,"Nunchaku":13,"Anchor":27,"Strawberry":0,"Toolbox":45,"Prayer Wheel":39,"Black Star":34,"Bottled Lightning":48,"InkBottle":42,"Ring of the Snake":0},{"Lantern":19,"Oddly Smooth Stone":25,"Omamori":22,"Cursed Key":9,"Dream Catcher":5,"Nunchaku":7,"Anchor":14,"Strawberry":0,"Toolbox":23,"Prayer Wheel":20,"Black Star":17,"Bottled Lightning":25,"InkBottle":22,"Ring of the Snake":0},{"Lantern":113,"Oddly Smooth Stone":143,"Omamori":132,"Cursed Key":45,"Dream Catcher":20,"Nunchaku":28,"Anchor":79,"Strawberry":0,"Toolbox":135,"Prayer Wheel":121,"Black Star":101,"Bottled Lightning":143,"InkBottle":132,"Ring of the Snake":0}],"InkBottle":[9],"Ring of the Snake":[54]},"card_choices":[{"not_picked":["Prepared","Bane"],"picked":"Dagger Spray","floor":1.0},{"not_picked":["Underhanded Strike","Sucker Punch"],"picked":"Masterful Stab","floor":4.0},{"not_picked":["Concentrate","Quick Slash"],"picked":"Dagger Throw","floor":5.0},{"not_picked":["Outmaneuver","Heel Hook"],"picked":"Quick Slash","floor":7.0},{"not_picked":["Cloak And Dagger","Tactician"],"picked":"Noxious Fumes","floor":8.0},{"not_picked":["Backflip","Underhanded Strike"],"picked":"Malaise","floor":10.0},{"not_picked":["Doppelganger","Poisoned Stab"],"picked":"Footwork","floor":13.0},{"not_picked":["Acrobatics","Deflect"],"picked":"Well Laid Plans","floor":14.0},{"not_picked":["Tools of the Trade","A Thousand Cuts"],"picked":"Malaise","floor":16.0},{"not_picked":["Flying Knee","Concentrate"],"picked":"Outmaneuver","floor":18.0},{"not_picked":["Dash","Concentrate"],"picked":"PiercingWail","floor":19.0},{"not_picked":["Crippling Poison","Eviscerate","Quick Slash"],"picked":"SKIP","floor":21.0},{"not_picked":["Blade Dance","Slice"],"picked":"Sucker Punch+1","floor":24.0},{"not_picked":["Bane","Flechettes"],"picked":"Catalyst","floor":27.0},{"not_picked":["Predator","Underhanded Strike","Slice"],"picked":"SKIP","floor":28.0},{"not_picked":["Bane","Tactician"],"picked":"Bouncing Flask+1","floor":31.0},{"not_picked":["Dagger Spray","Finisher"],"picked":"PiercingWail","floor":32.0},{"not_picked":["Tools of the Trade","Envenom"],"picked":"Night Terror","floor":33.0},{"not_picked":["Quick Slash+1","Blade Dance","Concentrate"],"picked":"SKIP","floor":35.0},{"not_picked":["Sucker Punch","Underhanded Strike+1"],"picked":"Wraith Form v2","floor":37.0},{"not_picked":["Outmaneuver","PiercingWail+1"],"picked":"Deadly Poison+1","floor":39.0},{"not_picked":["Quick Slash","Flying Knee","Sucker Punch+1"],"picked":"SKIP","floor":41.0},{"not_picked":["Outmaneuver+1","Dagger Spray","Predator"],"picked":"SKIP","floor":41.0},{"not_picked":["Well Laid Plans","Flechettes","Noxious Fumes+1"],"picked":"SKIP","floor":42.0},{"not_picked":["Deadly Poison+1","Underhanded Strike+1"],"picked":"Backflip+1","floor":44.0},{"not_picked":["Underhanded Strike","Footwork","Skewer"],"picked":"SKIP","floor":44.0},{"not_picked":["Deadly Poison","Poisoned Stab"],"picked":"Outmaneuver+1","floor":46},{"not_picked":["Flying Knee+1","Tactician","Bane"],"picked":"SKIP","floor":46},{"not_picked":["Heel Hook","Unload","Bouncing Flask"],"picked":"SKIP","floor":48}],"player_experience":1731372,"relics_obtained":[{"floor":9.0,"key":"Dream Catcher"},{"floor":13.0,"key":"Nunchaku"},{"floor":27.0,"key":"Anchor"},{"floor":39.0,"key":"Prayer Wheel"},{"floor":42.0,"key":"Omamori"},{"floor":42.0,"key":"InkBottle"},{"floor":48,"key":"Oddly Smooth Stone"},{"floor":48,"key":"Bottled Lightning"}],"event_choices":[{"damage_healed":0.0,"max_hp_gain":0.0,"max_hp_loss":0.0,"gold_gain":0.0,"event_name":"Shining Light","player_choice":"Ignored","floor":2.0,"gold_loss":0.0,"damage_taken":0.0},{"damage_healed":0.0,"max_hp_gain":0.0,"max_hp_loss":0.0,"gold_gain":0.0,"event_name":"The Woman in Blue","player_choice":"Bought 2 Potions","floor":3.0,"gold_loss":0.0,"damage_taken":0.0},{"damage_healed":0.0,"max_hp_gain":0.0,"max_hp_loss":0.0,"gold_gain":0.0,"event_name":"Upgrade Shrine","player_choice":"Upgraded","floor":30.0,"gold_loss":0.0,"damage_taken":0.0,"cards_upgraded":["Malaise"]},{"damage_healed":0.0,"max_hp_gain":0.0,"max_hp_loss":0.0,"gold_gain":0.0,"event_name":"Tomb of Lord Red Mask","player_choice":"Ignored","floor":36.0,"gold_loss":0.0,"damage_taken":0.0},{"damage_healed":0.0,"max_hp_gain":0.0,"max_hp_loss":0.0,"gold_gain":0.0,"event_name":"MindBloom","player_choice":"Fight","floor":39.0,"gold_loss":0.0,"damage_taken":0.0}],"is_beta":false,"boss_relics":[{"not_picked":["Ectoplasm","SlaversCollar"],"picked":"Cursed Key"},{"not_picked":["Snecko Eye","Tiny House"],"picked":"Black Star"}],"items_purged_floors":[11,20,22],"is_endless":false,"potions_floor_spawned":[5,7,13,14,16,18,19,27,28,31,35,41,42,44,46],"killed_by":"Awakened One","ascension_level":20}}