{"host":"2n2g1vowfllvjtvi","time":1607792007,"event":{"mods":["AchievementEnabler","BaseMod","Custom Start","GifTheSpireLib","Keyboard Shortcuts","Minty Spire (QoL Compilation)","Quick Restart","Rare Cards Sparkle","StSLib","SuperFastMode"],"gold_per_floor":[116,6,16,16,16,50,50,60,112,124,156,202,226,273,285,399,411,435,447,475,487,305,305,319,337,337,132,148,148,148,167,167,268,268,282,297,297,147,147,147,173,173,255,255,4,15,15,15,15,15,15,15,15,15,15],"floor_reached":54,"playtime":1282,"items_purged":["Strike_G","Strike_G","Strike_G","Sucker Punch","Masterful Stab+1"],"score":1214,"play_id":"643d4133-8e1a-4257-8f47-3192561fee49","local_time":"20201213015327","is_ascension_mode":true,"campfire_choices":[{"data":"Crippling Poison","floor":7.0,"key":"SMITH"},{"data":"Cloak And Dagger","floor":10.0,"key":"SMITH"},{"data":"Crippling Poison","floor":15.0,"key":"SMITH"},{"data":"Prepared","floor":23.0,"key":"SMITH"},{"floor":32.0,"key":"REST"},{"floor":40.0,"key":"RECALL"},{"floor":42.0,"key":"REST"},{"floor":44.0,"key":"REST"},{"data":"Reflex","floor":47.0,"key":"SMITH"},{"data":"Dark Shackles","floor":49.0,"key":"SMITH"},{"floor":52,"key":"REST"}],"circlet_count":0,"master_deck":["AscendersBane","Survivor+1","Neutralize+1","Crippling Poison+1","Crippling Poison+1","Leg Sweep+1","Masterful Stab+1","Cloak And Dagger+1","Grand Finale+1","Dagger Throw+1","Prepared+1","Acrobatics+1","Tactician+1","Reflex+1","Tactician+1","All Out Attack+1","Eviscerate+1","Catalyst+1","Die Die Die+1","Finesse+1","Blur+1","Reflex+1","Dark Shackles+1"],"relics":["Ring of the Snake","NeowsBlessing","Omamori","MawBank","PreservedInsect","Calipers","Runic Pyramid","White Beast Statue","Pandora\u0027s Box","Mark of the Bloom","Ginger"],"acts_visited":["Exordium","TheCity","TheBeyond","TheEnding"],"potions_floor_usage":[50],"damage_taken":[{"damage":0.0,"enemies":"Small Slimes","floor":1.0,"turns":1.0},{"damage":0.0,"enemies":"2 Louse","floor":3.0,"turns":1.0},{"damage":0.0,"enemies":"Gremlin Nob","floor":6.0,"turns":1.0},{"damage":0.0,"enemies":"Cultist","floor":8.0,"turns":4.0},{"damage":0.0,"enemies":"Looter","floor":11.0,"turns":4.0},{"damage":0.0,"enemies":"3 Sentries","floor":12.0,"turns":10.0},{"damage":12.0,"enemies":"Exordium Wildlife","floor":13.0,"turns":5.0},{"damage":8.0,"enemies":"Gremlin Nob","floor":14.0,"turns":3.0},{"damage":25.0,"enemies":"Slime Boss","floor":16.0,"turns":7.0},{"damage":0.0,"enemies":"Shell Parasite","floor":18.0,"turns":6.0},{"damage":0.0,"enemies":"Spheric Guardian","floor":20.0,"turns":3.0},{"damage":18.0,"enemies":"Snake Plant","floor":24.0,"turns":5.0},{"damage":16.0,"enemies":"Snecko","floor":25.0,"turns":5.0},{"damage":3.0,"enemies":"Chosen and Byrds","floor":28.0,"turns":3.0},{"damage":1.0,"enemies":"3 Cultists","floor":31.0,"turns":3.0},{"damage":27.0,"enemies":"Collector","floor":33.0,"turns":8.0},{"damage":2.0,"enemies":"Orb Walker","floor":35.0,"turns":2.0},{"damage":0.0,"enemies":"3 Shapes","floor":36.0,"turns":4.0},{"damage":0.0,"enemies":"Reptomancer","floor":41.0,"turns":3.0},{"damage":0.0,"enemies":"3 Darklings","floor":46.0,"turns":2.0},{"damage":0,"enemies":"Time Eater","floor":50,"turns":7},{"damage":0,"enemies":"Shield and Spear","floor":54,"turns":1}],"seed_played":"-8434405800166405718","potions_obtained":[{"floor":1.0,"key":"Ancient Potion"},{"floor":6.0,"key":"LiquidMemories"},{"floor":11.0,"key":"CunningPotion"},{"floor":12.0,"key":"Regen Potion"},{"floor":13.0,"key":"DuplicationPotion"},{"floor":16.0,"key":"Weak Potion"},{"floor":24.0,"key":"EssenceOfSteel"},{"floor":28.0,"key":"ColorlessPotion"},{"floor":31.0,"key":"PowerPotion"},{"floor":33.0,"key":"BlessingOfTheForge"},{"floor":35.0,"key":"SneckoOil"},{"floor":41.0,"key":"LiquidBronze"},{"floor":46.0,"key":"EssenceOfSteel"}],"is_trial":false,"path_per_floor":["M","$","M","?","?","E","R","M","T","R","M","E","M","E","R","B",null,"M","?","M","?","$","R","M","M","T","$","M","$","?","M","R","B",null,"M","M","?","$","?","R","E","R","T","R","$","M","R","?","R","B",null,"R","$","E"],"character_chosen":"THE_SILENT","items_purchased":["Crippling Poison","Prepared","Acrobatics","Tactician","Reflex"],"campfire_rested":4,"item_purchase_floors":[2,22,22,27,45],"current_hp_per_floor":[63,63,63,63,63,63,63,63,63,63,63,63,51,43,43,33,61,61,61,61,61,61,61,43,27,27,27,24,24,24,23,44,17,57,55,55,45,45,45,45,45,45,45,45,45,45,45,45,45,45,45,45,45,45,45],"gold":15,"neow_bonus":"THREE_ENEMY_KILL","is_daily":false,"chose_seed":false,"campfire_upgraded":6,"win_rate":0.0,"timestamp":1607792007,"path_taken":["M","$","M","?","?","E","R","M","T","R","?","E","M","E","R","BOSS","M","?","M","?","$","R","M","M","T","?","M","$","?","M","R","BOSS","M","M","?","$","?","R","E","R","T","R","$","M","R","?","R","BOSS","R","$","E"],"items_purchased_type":["Card","Card","Card","Card","Card"],"build_version":"2020-11-30","purchased_purges":5,"victory":false,"max_hp_per_floor":[70,70,70,70,70,70,70,70,70,70,70,70,70,70,70,70,70,70,70,70,70,70,70,70,70,70,70,70,70,70,70,70,70,70,70,70,70,70,70,70,70,70,70,70,70,70,70,70,70,70,70,70,70,70,70],"card_choices":[{"not_picked":["Outmaneuver","Acrobatics"],"picked":"Crippling Poison","floor":1.0},{"not_picked":["Escape Plan","Deflect"],"picked":"Leg Sweep","floor":3.0},{"not_picked":["Reflex","Storm of Steel"],"picked":"Masterful Stab","floor":6.0},{"not_picked":["Concentrate","Deflect"],"picked":"Cloak And Dagger","floor":8.0},{"not_picked":["Flying Knee","Terror","Outmaneuver"],"picked":"SKIP","floor":11.0},{"not_picked":["Deflect","Outmaneuver"],"picked":"Grand Finale","floor":12.0},{"not_picked":["PiercingWail","Caltrops"],"picked":"Dagger Throw","floor":13.0},{"not_picked":["Leg Sweep","Grand Finale","Dodge and Roll"],"picked":"SKIP","floor":14.0},{"not_picked":["Caltrops","Poisoned Stab","Cloak And Dagger"],"picked":"SKIP","floor":18.0},{"not_picked":["Deflect","Deadly Poison","Outmaneuver"],"picked":"SKIP","floor":20.0},{"not_picked":["Dagger Throw","Flying Knee","Cloak And Dagger"],"picked":"SKIP","floor":24.0},{"not_picked":["All Out Attack","Bouncing Flask","Footwork"],"picked":"SKIP","floor":25.0},{"not_picked":["Envenom","Poisoned Stab","Dodge and Roll"],"picked":"SKIP","floor":28.0},{"not_picked":["Blade Dance+1","Cloak And Dagger"],"picked":"Tactician+1","floor":31.0},{"not_picked":["Terror","Dagger Spray","Poisoned Stab"],"picked":"SKIP","floor":35.0},{"not_picked":["Dagger Spray+1","Blade Dance","Riddle With Holes"],"picked":"SKIP","floor":36.0},{"not_picked":["Forethought","Magnetism"],"picked":"Finesse","floor":37.0},{"not_picked":["Deadly Poison","Dodge and Roll"],"picked":"Blur+1","floor":41.0},{"not_picked":["Flechettes","Heel Hook+1","Dagger Spray+1"],"picked":"SKIP","floor":46.0}],"player_experience":446774,"relics_obtained":[{"floor":6.0,"key":"Omamori"},{"floor":9.0,"key":"MawBank"},{"floor":12.0,"key":"PreservedInsect"},{"floor":14.0,"key":"Calipers"},{"floor":26.0,"key":"White Beast Statue"},{"floor":41.0,"key":"Ginger"}],"event_choices":[{"cards_removed":["Strike_G"],"damage_healed":0.0,"max_hp_gain":0.0,"max_hp_loss":0.0,"gold_gain":0.0,"event_name":"Living Wall","player_choice":"Forget","floor":4.0,"gold_loss":0.0,"damage_taken":0.0},{"damage_healed":0.0,"max_hp_gain":0.0,"max_hp_loss":0.0,"gold_gain":0.0,"event_name":"Match and Keep!","player_choice":"0 cards matched","floor":5.0,"gold_loss":0.0,"damage_taken":0.0,"cards_obtained":[]},{"damage_healed":0.0,"max_hp_gain":0.0,"max_hp_loss":0.0,"gold_gain":0.0,"event_name":"Ghosts","player_choice":"Ignored","floor":19.0,"gold_loss":0.0,"damage_taken":0.0},{"damage_healed":0.0,"max_hp_gain":0.0,"max_hp_loss":0.0,"gold_gain":0.0,"event_name":"Vampires","player_choice":"Ignored","floor":21.0,"gold_loss":0.0,"damage_taken":0.0},{"damage_healed":0.0,"max_hp_gain":0.0,"max_hp_loss":0.0,"gold_gain":0.0,"event_name":"The Library","player_choice":"Read","floor":30.0,"gold_loss":0.0,"damage_taken":0.0,"cards_obtained":["Reflex"]},{"damage_healed":0.0,"max_hp_gain":0.0,"max_hp_loss":0.0,"gold_gain":0.0,"event_name":"SensoryStone","player_choice":"Memory 3","floor":37.0,"gold_loss":0.0,"damage_taken":10.0},{"damage_healed":0.0,"max_hp_gain":0.0,"max_hp_loss":0.0,"gold_gain":0.0,"event_name":"MindBloom","player_choice":"Upgrade","floor":39.0,"gold_loss":0.0,"damage_taken":0.0,"cards_upgraded":["Survivor","Neutralize","Leg Sweep","Masterful Stab","Grand Finale","Dagger Throw","Acrobatics","Tactician","Reflex","Masterful Stab","All Out Attack","Eviscerate","Catalyst","Die Die Die","Finesse"],"relics_obtained":["Mark of the Bloom"]},{"damage_healed":0.0,"max_hp_gain":0.0,"max_hp_loss":0.0,"gold_gain":0.0,"event_name":"Match and Keep!","player_choice":"1 cards matched","floor":48.0,"gold_loss":0.0,"damage_taken":0.0,"cards_obtained":["Dark Shackles"]}],"is_beta":false,"boss_relics":[{"not_picked":["SlaversCollar","SacredBark"],"picked":"Runic Pyramid"},{"not_picked":["Velvet Choker","Sozu"],"picked":"Pandora\u0027s Box"}],"items_purged_floors":[2,22,27,38,45],"is_endless":false,"potions_floor_spawned":[1,6,11,12,13,16,24,28,31,33,35,36,41,46],"killed_by":"Shield and Spear","ascension_level":11}}