{"host":"foq4mrde4mssg7vt","time":1607806500,"event":{"mods":["AchievementEnabler","BaseMod","Colored Map","Colored Powertips","Highlight Path","Minty Spire (QoL Compilation)","Relic Stats","everything is the same but u backflip on backflip"],"gold_per_floor":[118,129,139,51,51,77,77,109,109,109,135,152,163,163,163,266,266,304,49,49,49,61,61,116,116,116,142,169,222,270,289,289,391,391,410,495,495,545,545,579,579,579,605,668,668,710,710,772,772,802,802,802,153,178,178],"floor_reached":56,"playtime":2867,"items_purged":["ForeignInfluence","CrushJoints"],"score":1989,"play_id":"bccc11f9-e5b9-4de8-8dc9-c296edea62ca","local_time":"20201213045500","is_ascension_mode":true,"campfire_choices":[{"floor":7.0,"key":"REST"},{"floor":10.0,"key":"REST"},{"data":"CutThroughFate","floor":15.0,"key":"SMITH"},{"floor":23.0,"key":"REST"},{"data":"Vault","floor":25.0,"key":"SMITH"},{"floor":32.0,"key":"REST"},{"floor":42,"key":"REST"},{"floor":49,"key":"RECALL"},{"data":"TalkToTheHand","floor":52,"key":"SMITH"}],"circlet_count":0,"master_deck":["AscendersBane","Eruption+1","Vigilance+1","WindmillStrike+1","CrushJoints+1","SandsOfTime","FearNoEvil+1","Protect","Halt","CutThroughFate+1","EmptyBody+1","Adaptation+1","Vault+1","LessonLearned","Establishment","Wish+1","CarveReality+1","InnerPeace+1","Tantrum+1","RitualDagger","TalkToTheHand+1","DeusExMachina+1","ThirdEye","DevaForm","MentalFortress","Wallop","Perseverance+1","WaveOfTheHand+1"],"relics":["PureWater","Pear","InkBottle","Bottled Flame","TeardropLocket","Whetstone","Pantograph","Pandora\u0027s Box","Vajra","Damaru","Darkstone Periapt","MealTicket","Blood Vial","Snecko Eye","CaptainsWheel","Ginger","Bag of Marbles","TungstenRod","Bottled Lightning","Molten Egg 2","Ornamental Fan","Nunchaku","PrismaticShard","Bag of Preparation"],"acts_visited":["Exordium","TheCity","TheBeyond","TheEnding"],"potions_floor_usage":[40,44],"damage_taken":[{"damage":2.0,"enemies":"Jaw Worm","floor":1.0,"turns":6.0},{"damage":0.0,"enemies":"Cultist","floor":2.0,"turns":3.0},{"damage":0.0,"enemies":"Small Slimes","floor":3.0,"turns":3.0},{"damage":67.0,"enemies":"Gremlin Nob","floor":6.0,"turns":6.0},{"damage":7.0,"enemies":"Lagavulin","floor":8.0,"turns":6.0},{"damage":8.0,"enemies":"3 Sentries","floor":11.0,"turns":8.0},{"damage":0.0,"enemies":"Gremlin Gang","floor":12.0,"turns":4.0},{"damage":5.0,"enemies":"Exordium Wildlife","floor":13.0,"turns":2.0},{"damage":15.0,"enemies":"Hexaghost","floor":16.0,"turns":8.0},{"damage":4.0,"enemies":"Spheric Guardian","floor":18.0,"turns":3.0},{"damage":37.0,"enemies":"2 Thieves","floor":22.0,"turns":2.0},{"damage":0.0,"enemies":"Gremlin Leader","floor":24.0,"turns":3.0},{"damage":25.0,"enemies":"Book of Stabbing","floor":27.0,"turns":3.0},{"damage":7.0,"enemies":"Slavers","floor":29.0,"turns":4.0},{"damage":3.0,"enemies":"Snake Plant","floor":30.0,"turns":4.0},{"damage":9.0,"enemies":"Shelled Parasite and Fungi","floor":31.0,"turns":4.0},{"damage":11.0,"enemies":"Automaton","floor":33.0,"turns":5.0},{"damage":16,"enemies":"Orb Walker","floor":35,"turns":2},{"damage":50,"enemies":"2 Orb Walkers","floor":36,"turns":4},{"damage":3,"enemies":"3 Darklings","floor":38,"turns":7},{"damage":0,"enemies":"Reptomancer","floor":40,"turns":3},{"damage":9,"enemies":"Giant Head","floor":44,"turns":7},{"damage":0,"enemies":"Jaw Worm Horde","floor":46,"turns":4},{"damage":36,"enemies":"Nemesis","floor":48,"turns":9},{"damage":41,"enemies":"Awakened One","floor":50,"turns":11},{"damage":1,"enemies":"Shield and Spear","floor":54,"turns":6},{"damage":34,"enemies":"The Heart","floor":55,"turns":11}],"seed_played":"-1594230568272953559","potions_obtained":[{"floor":1.0,"key":"BlessingOfTheForge"},{"floor":11.0,"key":"Explosive Potion"},{"floor":12.0,"key":"BottledMiracle"},{"floor":18.0,"key":"ColorlessPotion"},{"floor":22.0,"key":"BottledMiracle"},{"floor":30.0,"key":"Weak Potion"},{"floor":40,"key":"Fruit Juice"},{"floor":44,"key":"FairyPotion"}],"is_trial":false,"path_per_floor":["M","M","M","$","?","E","R","E","T","R","E","M","M","?","R","B",null,"M","$","?","?","M","R","E","R","T","E","T","E","M","M","R","B",null,"M","?","?","M","?","E","?","R","T","E","?","M","T","E","R","B",null,"R","$","E","B",null],"character_chosen":"WATCHER","items_purchased":["FearNoEvil","Protect","Vajra","FlurryOfBlows","Ornamental Fan","Nunchaku","PrismaticShard"],"campfire_rested":5,"item_purchase_floors":[4,4,19,19,53,53,53],"current_hp_per_floor":[70,70,70,70,73,6,32,25,25,51,43,43,38,38,38,48,79,75,75,69,69,32,58,58,58,58,33,33,26,25,18,44,60,82,68,20,20,19,19,21,21,47,47,45,82,82,82,46,46,32,70,70,82,81,48],"gold":178,"neow_bonus":"TEN_PERCENT_HP_BONUS","is_daily":false,"chose_seed":false,"campfire_upgraded":3,"win_rate":0.0,"timestamp":1607806500,"path_taken":["M","M","M","$","?","E","R","E","T","R","E","M","M","?","R","BOSS","M","$","?","?","?","R","E","R","T","E","?","E","M","M","R","BOSS","M","?","?","M","?","E","?","R","T","E","?","?","?","E","R","BOSS","R","$","E","BOSS"],"items_purchased_type":["Card","Card","Relic","Card","Relic","Relic","Relic"],"build_version":"2020-11-30","purchased_purges":2,"victory":true,"max_hp_per_floor":[79,79,79,79,89,89,89,89,89,89,89,89,89,89,89,89,89,89,89,89,89,89,89,89,89,89,89,89,89,89,89,89,89,89,89,89,89,89,89,89,89,89,89,94,82,82,82,82,82,82,82,82,82,82,82],"relic_stats":{"Darkstone Periapt":0,"counters":[27,138],"Bag of Preparation":[0],"Whetstone":["Strike_P","FearNoEvil"],"Ginger":[5],"Blood Vial":19,"Nunchaku":[3],"Ornamental Fan":[24],"Pantograph":75,"Snecko Eye":[102,113,119,116],"Pandora\u0027s Box":["LessonLearned","ForeignInfluence","Collect","Establishment","Wish","CarveReality","CrushJoints","InnerPeace"],"MealTicket":12,"obtain_stats":[{"Darkstone Periapt":27,"Pear":5,"Vajra":19,"Damaru":24,"Bag of Preparation":54,"TeardropLocket":9,"Whetstone":11,"Ginger":40,"PrismaticShard":53,"Blood Vial":29,"Bottled Flame":8,"CaptainsWheel":36,"Nunchaku":53,"Ornamental Fan":53,"Pantograph":14,"Snecko Eye":34,"Pandora\u0027s Box":17,"MealTicket":28,"Molten Egg 2":48,"Bag of Marbles":43,"Bottled Lightning":47,"PureWater":0,"InkBottle":6,"TungstenRod":44},{"Darkstone Periapt":13,"Pear":3,"Vajra":10,"Damaru":12,"Bag of Preparation":26,"TeardropLocket":5,"Whetstone":6,"Ginger":21,"PrismaticShard":25,"Blood Vial":14,"Bottled Flame":5,"CaptainsWheel":19,"Nunchaku":25,"Ornamental Fan":25,"Pantograph":8,"Snecko Eye":17,"Pandora\u0027s Box":9,"MealTicket":13,"Molten Egg 2":24,"Bag of Marbles":21,"Bottled Lightning":23,"PureWater":0,"InkBottle":4,"TungstenRod":22},{"Darkstone Periapt":57,"Pear":12,"Vajra":49,"Damaru":54,"Bag of Preparation":127,"TeardropLocket":24,"Whetstone":32,"Ginger":90,"PrismaticShard":121,"Blood Vial":61,"Bottled Flame":24,"CaptainsWheel":80,"Nunchaku":121,"Ornamental Fan":121,"Pantograph":38,"Snecko Eye":74,"Pandora\u0027s Box":46,"MealTicket":57,"Molten Egg 2":110,"Bag of Marbles":90,"Bottled Lightning":101,"PureWater":0,"InkBottle":18,"TungstenRod":97}],"InkBottle":[49],"TungstenRod":32},"card_choices":[{"not_picked":["Weave","Study"],"picked":"WindmillStrike","floor":1.0},{"not_picked":["JustLucky","Halt"],"picked":"CrushJoints","floor":2.0},{"not_picked":["Wish","Prostrate"],"picked":"SandsOfTime","floor":3.0},{"not_picked":["Crescendo","SashWhip"],"picked":"Halt","floor":6.0},{"not_picked":["CarveReality","BowlingBash"],"picked":"CutThroughFate","floor":8.0},{"not_picked":["ClearTheMind","Nirvana","CrushJoints"],"picked":"SKIP","floor":11.0},{"not_picked":["FlyingSleeves","FollowUp"],"picked":"EmptyBody","floor":12.0},{"not_picked":["PathToVictory","Consecrate"],"picked":"Adaptation","floor":13.0},{"not_picked":["Devotion","Ragnarok"],"picked":"Vault","floor":16.0},{"not_picked":["BowlingBash","PathToVictory"],"picked":"Tantrum","floor":18.0},{"not_picked":["Evaluate","CutThroughFate+1","ForeignInfluence"],"picked":"SKIP","floor":22.0},{"not_picked":["Sanctity","Weave","FlyingSleeves"],"picked":"SKIP","floor":24.0},{"not_picked":["WaveOfTheHand","Wireheading+1"],"picked":"TalkToTheHand","floor":27.0},{"not_picked":["CrushJoints","EmptyMind"],"picked":"DeusExMachina","floor":29.0},{"not_picked":["Prostrate","WindmillStrike"],"picked":"ThirdEye","floor":30.0},{"not_picked":["ThirdEye","Consecrate","EmptyBody"],"picked":"SKIP","floor":31.0},{"not_picked":["Judgement","Brilliance"],"picked":"DevaForm","floor":33.0},{"not_picked":["Sanctity","FollowUp+1"],"picked":"MentalFortress","floor":35},{"not_picked":["PathToVictory+1","WheelKick"],"picked":"Wallop","floor":36},{"not_picked":["Protect","FlurryOfBlows","ReachHeaven+1"],"picked":"SKIP","floor":38},{"not_picked":["Prostrate+1","Tantrum+1","WreathOfFlame+1"],"picked":"SKIP","floor":40},{"not_picked":["InnerPeace+1","Collect+1"],"picked":"Perseverance+1","floor":44},{"not_picked":["ThirdEye","Evaluate","Crescendo"],"picked":"SKIP","floor":46},{"not_picked":["ForeignInfluence","EmptyFist+1"],"picked":"WaveOfTheHand+1","floor":48},{"not_picked":["Outmaneuver+1","Armaments","Quick Slash+1"],"picked":"SKIP","floor":54}],"player_experience":168796,"relics_obtained":[{"floor":6.0,"key":"InkBottle"},{"floor":8.0,"key":"Bottled Flame"},{"floor":9.0,"key":"TeardropLocket"},{"floor":11.0,"key":"Whetstone"},{"floor":24.0,"key":"Damaru"},{"floor":27.0,"key":"Darkstone Periapt"},{"floor":28.0,"key":"MealTicket"},{"floor":29.0,"key":"Blood Vial"},{"floor":36,"key":"CaptainsWheel"},{"floor":40,"key":"Ginger"},{"floor":43,"key":"Bag of Marbles"},{"floor":44,"key":"TungstenRod"},{"floor":47,"key":"Bottled Lightning"},{"floor":48,"key":"Molten Egg 2"},{"floor":54,"key":"Bag of Preparation"}],"event_choices":[{"damage_healed":0.0,"max_hp_gain":0.0,"max_hp_loss":0.0,"gold_gain":0.0,"event_name":"Scrap Ooze","player_choice":"Success","floor":5.0,"gold_loss":0.0,"damage_taken":7.0,"relics_obtained":["Pear"]},{"damage_healed":0.0,"max_hp_gain":0.0,"max_hp_loss":0.0,"gold_gain":0.0,"event_name":"WeMeetAgain","player_choice":"Gave Potion","floor":14.0,"gold_loss":0.0,"damage_taken":0.0,"relics_obtained":["Pantograph"]},{"damage_healed":0.0,"max_hp_gain":0.0,"max_hp_loss":0.0,"gold_gain":0.0,"event_name":"Nest","player_choice":"Joined the Cult","floor":20.0,"gold_loss":0.0,"damage_taken":6.0,"cards_obtained":["RitualDagger"]},{"cards_removed":["Collect"],"damage_healed":0.0,"max_hp_gain":0.0,"max_hp_loss":0.0,"gold_gain":0.0,"event_name":"Purifier","player_choice":"Purged","floor":21.0,"gold_loss":0.0,"damage_taken":0.0},{"damage_healed":0,"gold_gain":0,"player_choice":"Fight","damage_taken":0,"max_hp_gain":0,"max_hp_loss":0,"event_name":"Mysterious Sphere","floor":36,"gold_loss":0},{"cards_removed":["FlurryOfBlows"],"damage_healed":0,"gold_gain":0,"player_choice":"Removed Attack","damage_taken":0,"max_hp_gain":0,"max_hp_loss":0,"event_name":"Falling","floor":37,"gold_loss":0},{"damage_healed":0,"gold_gain":0,"player_choice":"Ignored","damage_taken":0,"max_hp_gain":0,"max_hp_loss":0,"event_name":"Tomb of Lord Red Mask","floor":39,"gold_loss":0},{"damage_healed":0,"gold_gain":0,"player_choice":"Memory 1","damage_taken":0,"max_hp_gain":0,"max_hp_loss":0,"event_name":"SensoryStone","floor":41,"gold_loss":0},{"damage_healed":82,"gold_gain":0,"player_choice":"Heal","damage_taken":0,"max_hp_gain":0,"max_hp_loss":12,"event_name":"The Moai Head","floor":45,"gold_loss":0}],"is_beta":false,"boss_relics":[{"not_picked":["Calling Bell","Sozu"],"picked":"Pandora\u0027s Box"},{"not_picked":["Philosopher\u0027s Stone","Astrolabe"],"picked":"Snecko Eye"}],"items_purged_floors":[19,53],"is_endless":false,"potions_floor_spawned":[1,11,12,18,22,30,31,38,40,44,46],"ascension_level":10}}