{"host":"Ian","time":1607790151,"event":{"mods":["BaseMod","Bestiary","Block Reminder","Colored Map","Highlight Path","Key Reminder","Minty Spire (QoL Compilation)","Relic Stats"],"gold_per_floor":[368,368,388,5,21,53,73,126,138,150,162,162],"floor_reached":11,"playtime":437,"items_purged":[],"score":146,"play_id":"a7849ad7-2967-4c00-b7f5-29ab0f2db226","local_time":"20201212162231","is_ascension_mode":true,"campfire_choices":[],"circlet_count":0,"master_deck":["AscendersBane","Strike_R","Strike_R","Strike_R","Strike_R","Strike_R","Defend_R","Defend_R","Defend_R","Defend_R","Bash","Havoc","Thunderclap","Anger"],"relics":["Burning Blood","FossilizedHelix","Shuriken","MawBank","Ice Cream","GremlinMask"],"acts_visited":["Exordium"],"potions_floor_usage":[6,7,11],"damage_taken":[{"damage":8,"enemies":"2 Louse","floor":1,"turns":4},{"damage":11,"enemies":"Jaw Worm","floor":3,"turns":6},{"damage":5,"enemies":"Small Slimes","floor":5,"turns":3},{"damage":23,"enemies":"Gremlin Nob","floor":6,"turns":4},{"damage":33,"enemies":"Gremlin Gang","floor":7,"turns":4},{"damage":25,"enemies":"3 Sentries","floor":11,"turns":4}],"seed_played":"262141574826764119","potions_obtained":[{"floor":3,"key":"BlessingOfTheForge"},{"floor":5,"key":"Regen Potion"},{"floor":6,"key":"GamblersBrew"}],"is_trial":false,"path_per_floor":["M","?","M","$","M","E","M","T","T","?","E"],"character_chosen":"IRONCLAD","items_purchased":["FossilizedHelix","Anger"],"campfire_rested":0,"item_purchase_floors":[4,4],"current_hp_per_floor":[66,59,54,54,55,38,23,23,23,23,0,0],"gold":162,"neow_bonus":"TWO_FIFTY_GOLD","is_daily":false,"chose_seed":false,"campfire_upgraded":0,"win_rate":0.0,"timestamp":1607790151,"path_taken":["M","?","M","$","M","E","M","?","T","?","E"],"items_purchased_type":["Relic","Card"],"build_version":"2020-12-07","purchased_purges":0,"victory":false,"max_hp_per_floor":[75,75,75,75,75,75,75,75,75,75,75,75],"relic_stats":{"counters":[6,25],"Shuriken":[3],"MawBank":36,"obtain_stats":[{"Ice Cream":9,"Shuriken":6,"GremlinMask":10,"MawBank":8,"Burning Blood":0,"FossilizedHelix":4},{"Ice Cream":5,"Shuriken":4,"GremlinMask":5,"MawBank":5,"Burning Blood":0,"FossilizedHelix":2},{"Ice Cream":21,"Shuriken":17,"GremlinMask":21,"MawBank":21,"Burning Blood":0,"FossilizedHelix":10}],"Burning Blood":30},"card_choices":[{"not_picked":["Clash","Flex"],"picked":"Havoc","floor":1},{"not_picked":["Twin Strike","Havoc"],"picked":"Thunderclap","floor":3},{"not_picked":["Twin Strike","Flex","Wild Strike"],"picked":"SKIP","floor":5},{"not_picked":["Twin Strike","Flex","Wild Strike"],"picked":"SKIP","floor":5},{"not_picked":["Brutality","Wild Strike","Blood for Blood"],"picked":"SKIP","floor":6},{"not_picked":["Sever Soul","Havoc","Dual Wield"],"picked":"SKIP","floor":7}],"player_experience":2505659,"relics_obtained":[{"floor":6,"key":"Shuriken"},{"floor":8,"key":"MawBank"},{"floor":9,"key":"Ice Cream"}],"event_choices":[{"cards_removed":["Normality"],"damage_healed":0,"gold_gain":0,"player_choice":"Card Removal","damage_taken":7,"max_hp_gain":0,"max_hp_loss":0,"event_name":"Golden Wing","floor":2,"gold_loss":0},{"damage_healed":0,"gold_gain":0,"player_choice":"Trade","damage_taken":0,"relics_obtained":["GremlinMask"],"max_hp_gain":0,"max_hp_loss":0,"event_name":"FaceTrader","floor":10,"gold_loss":0}],"is_beta":true,"boss_relics":[],"items_purged_floors":[],"is_endless":false,"potions_floor_spawned":[3,5,6],"killed_by":"3 Sentries","ascension_level":20}}