{"host":"se2kry7a7ac49ar7","time":1607758188,"event":{"mods":["BaseMod","Bestiary","Minty Spire (QoL Compilation)","StSLib"],"gold_per_floor":[115,135,135,135,148,148,184,184,237,258,293,293,293],"floor_reached":12,"playtime":652,"items_purged":[],"score":101,"play_id":"0c0d97a7-ac9f-4328-bb85-f0edba3ced04","local_time":"20201211232948","is_ascension_mode":true,"campfire_choices":[{"data":"Eruption","floor":6,"key":"SMITH"},{"floor":8,"key":"REST"}],"circlet_count":0,"master_deck":["Strike_P","Strike_P","Strike_P","Strike_P","Defend_P","Defend_P","Defend_P","Defend_P+1","Eruption+1","Vigilance","Tantrum+1","Vengeance","FollowUp","Swivel","TalkToTheHand","Halt","FollowUp"],"relics":["Runic Pyramid","Golden Idol","Dream Catcher","Vajra","Odd Mushroom"],"acts_visited":["Exordium"],"potions_floor_usage":[7,11],"damage_taken":[{"damage":4,"enemies":"2 Louse","floor":1,"turns":3},{"damage":1,"enemies":"Small Slimes","floor":2,"turns":2},{"damage":4,"enemies":"Jaw Worm","floor":5,"turns":2},{"damage":34,"enemies":"3 Sentries","floor":7,"turns":4},{"damage":18,"enemies":"Exordium Thugs","floor":10,"turns":3},{"damage":0,"enemies":"The Mushroom Lair","floor":11,"turns":4},{"damage":33,"enemies":"Gremlin Nob","floor":12,"turns":3}],"seed_played":"449829067076813460","potions_obtained":[{"floor":2,"key":"PowerPotion"},{"floor":10,"key":"Regen Potion"}],"is_trial":false,"path_per_floor":["M","M","?","?","M","R","E","R","T","M","?","E"],"character_chosen":"WATCHER","items_purchased":[],"campfire_rested":1,"item_purchase_floors":[],"current_hp_per_floor":[61,60,46,46,42,42,8,28,28,10,22,0,0],"gold":293,"neow_bonus":"BOSS_RELIC","is_daily":false,"chose_seed":false,"campfire_upgraded":1,"win_rate":0.0,"timestamp":1607758188,"path_taken":["M","M","?","?","M","R","E","R","T","M","?","E"],"items_purchased_type":[],"build_version":"2020-11-30","purchased_purges":0,"victory":false,"max_hp_per_floor":[72,72,72,67,67,67,67,67,67,67,67,67,67],"card_choices":[{"not_picked":["Consecrate","Protect"],"picked":"Tantrum","floor":1},{"not_picked":["Crescendo","EmptyMind"],"picked":"Vengeance","floor":2},{"not_picked":["CrushJoints","FlyingSleeves"],"picked":"FollowUp","floor":5},{"not_picked":["Indignation","BowlingBash"],"picked":"Swivel","floor":7},{"not_picked":["CrushJoints","WheelKick"],"picked":"TalkToTheHand","floor":8},{"not_picked":["BattleHymn","WindmillStrike"],"picked":"Halt","floor":10},{"not_picked":["Nirvana","Worship"],"picked":"FollowUp","floor":11}],"player_experience":624791,"relics_obtained":[{"floor":7,"key":"Dream Catcher"},{"floor":9,"key":"Vajra"},{"floor":11,"key":"Odd Mushroom"}],"event_choices":[{"damage_healed":0,"gold_gain":0,"player_choice":"Entered Light","damage_taken":14,"max_hp_gain":0,"max_hp_loss":0,"event_name":"Shining Light","floor":3,"gold_loss":0,"cards_upgraded":["Defend_P","Tantrum"]},{"damage_healed":0,"gold_gain":0,"player_choice":"Lose Max HP","damage_taken":0,"relics_obtained":["Golden Idol"],"max_hp_gain":0,"max_hp_loss":5,"event_name":"Golden Idol","floor":4,"gold_loss":0},{"damage_healed":0,"gold_gain":0,"player_choice":"Fought Mushrooms","damage_taken":0,"max_hp_gain":0,"max_hp_loss":0,"event_name":"Mushrooms","floor":11,"gold_loss":0}],"is_beta":false,"boss_relics":[],"items_purged_floors":[],"is_endless":false,"potions_floor_spawned":[2,10],"killed_by":"Gremlin Nob","ascension_level":6}}