{"host":"07ljfmttuzqopd7f","time":1607766625,"event":{"mods":["2.2 Compatiblity","BaseMod","Bestiary","Block Reminder","Colored Map","Colored Powertips","Curses Come First","Hermit","Minty Spire (QoL Compilation)","Quick Restart","Random Character Button","Rare Cards Sparkle","Relic Stats","StSLib","The Cursed","UnlockEverythingMod"],"gold_per_floor":[113,113,38,58,77,112,126,126,126,163,190,222,286,51,51,151,151,169,184,184,199,22,22,22,22],"floor_reached":24,"playtime":889,"items_purged":["Normality","hermit:Strike_Hermit","hermit:Shortfuse"],"score":260,"play_id":"992c54ca-d161-43ae-8d14-6bc8cb14f7c6","local_time":"20201212045025","is_ascension_mode":true,"campfire_choices":[{"floor":8,"key":"REST"},{"floor":15,"key":"REST"},{"floor":23,"key":"REST"}],"circlet_count":0,"master_deck":["hermit:Snapshot","hermit:Covet","hermit:PistolWhip+1","hermit:SprayPray","hermit:CursedWeapon","hermit:Glare","hermit:ShadowCloak","hermit:Manifest","hermit:GhostlyPresence","hermit:Magnum","hermit:HeroicBravado","hermit:Feint","hermit:Showdown","hermit:RoundhouseKick","hermit:EyeOfTheStorm","hermit:Spite","hermit:LuckOfTheDraw","hermit:Malice+1","hermit:GoldenBullet","hermit:Misfire"],"relics":["hermit:Momento","Mango","Pen Nib","MawBank","Kunai","Pandora\u0027s Box"],"acts_visited":["Exordium","TheCity"],"potions_floor_usage":[21,21,24],"damage_taken":[{"damage":4,"enemies":"Small Slimes","floor":1,"turns":3},{"damage":1,"enemies":"Cultist","floor":4,"turns":3},{"damage":0,"enemies":"2 Louse","floor":5,"turns":2},{"damage":52,"enemies":"3 Sentries","floor":6,"turns":10},{"damage":2,"enemies":"Exordium Wildlife","floor":7,"turns":3},{"damage":27,"enemies":"Lagavulin","floor":10,"turns":5},{"damage":2,"enemies":"Large Slime","floor":11,"turns":4},{"damage":8,"enemies":"Lots of Slimes","floor":12,"turns":3},{"damage":7,"enemies":"Slime Boss","floor":16,"turns":11},{"damage":2,"enemies":"Spheric Guardian","floor":18,"turns":3},{"damage":30,"enemies":"2 Thieves","floor":19,"turns":4},{"damage":27,"enemies":"3 Cultists","floor":21,"turns":5},{"damage":64,"enemies":"Gremlin Leader","floor":24,"turns":5}],"seed_played":"2299365463156599203","potions_obtained":[{"floor":5,"key":"Regen Potion"},{"floor":6,"key":"FearPotion"},{"floor":11,"key":"Block Potion"},{"floor":12,"key":"hermit:Tonic"}],"is_trial":false,"path_per_floor":["M","?","$","M","M","E","M","R","T","E","M","M","?","$","R","B",null,"M","M","?","M","$","R","E"],"character_chosen":"HERMIT","items_purchased":["hermit:Magnum","hermit:Misfire"],"campfire_rested":3,"item_purchase_floors":[14,22],"current_hp_per_floor":[85,85,85,84,84,32,30,56,56,29,27,19,19,19,45,38,76,74,44,44,17,17,43,0,0],"gold":22,"neow_bonus":"ONE_RARE_RELIC","is_daily":false,"chose_seed":false,"campfire_upgraded":0,"win_rate":0.0,"timestamp":1607766625,"path_taken":["M","?","$","M","M","E","?","R","T","E","M","M","?","?","R","BOSS","M","M","?","M","$","R","E"],"items_purchased_type":["Card","Card"],"build_version":"2020-11-30","purchased_purges":3,"victory":false,"max_hp_per_floor":[89,89,89,89,89,89,89,89,89,89,89,89,89,89,89,89,89,89,89,89,89,89,89,89,89],"relic_stats":{"counters":[13,61],"Pandora\u0027s Box":["hermit:Feint","hermit:Showdown","hermit:Shortfuse","hermit:RoundhouseKick","hermit:EyeOfTheStorm","hermit:Spite","hermit:LuckOfTheDraw"],"Pen Nib":[8],"Kunai":[6],"MawBank":60,"obtain_stats":[{"Mango":0,"Pandora\u0027s Box":17,"Pen Nib":6,"Kunai":10,"MawBank":9,"hermit:Momento":0},{"Mango":0,"Pandora\u0027s Box":9,"Pen Nib":4,"Kunai":6,"MawBank":5,"hermit:Momento":0},{"Mango":0,"Pandora\u0027s Box":44,"Pen Nib":18,"Kunai":26,"MawBank":21,"hermit:Momento":0}]},"card_choices":[{"not_picked":["hermit:Quickdraw","hermit:Midnight"],"picked":"hermit:PistolWhip","floor":1},{"not_picked":["hermit:Desperado","hermit:Cheat"],"picked":"hermit:SprayPray","floor":4},{"not_picked":["hermit:Virtue","hermit:Desperado"],"picked":"hermit:CursedWeapon","floor":5},{"not_picked":["hermit:BodyArmor","hermit:SprayPray"],"picked":"hermit:Glare","floor":6},{"not_picked":["hermit:LowProfile","hermit:ItchyTrigger","hermit:Quickdraw"],"picked":"SKIP","floor":7},{"not_picked":["hermit:FullyLoaded","hermit:BodyArmor"],"picked":"hermit:ShadowCloak","floor":10},{"not_picked":["hermit:ItchyTrigger","hermit:Enervate"],"picked":"hermit:Manifest","floor":11},{"not_picked":["hermit:ItchyTrigger","hermit:TrackingShot"],"picked":"hermit:GhostlyPresence","floor":12},{"not_picked":["hermit:Dissolve","hermit:Reprieve"],"picked":"hermit:HeroicBravado","floor":16},{"not_picked":["hermit:LowProfile","hermit:CursedWeapon"],"picked":"hermit:Malice+1","floor":18},{"not_picked":["hermit:TrackingShot","hermit:Glare"],"picked":"hermit:GoldenBullet","floor":19},{"not_picked":["hermit:HighCaliber","hermit:Feint","hermit:Headshot+1"],"picked":"SKIP","floor":21}],"player_experience":390950,"relics_obtained":[{"floor":6,"key":"Pen Nib"},{"floor":9,"key":"MawBank"},{"floor":10,"key":"Kunai"}],"event_choices":[{"damage_healed":0,"gold_gain":0,"player_choice":"Upgraded","damage_taken":0,"max_hp_gain":0,"max_hp_loss":0,"event_name":"Upgrade Shrine","floor":2,"gold_loss":0,"cards_upgraded":["hermit:PistolWhip"]},{"damage_healed":0,"gold_gain":52,"player_choice":"Gained Gold","damage_taken":0,"max_hp_gain":0,"max_hp_loss":0,"event_name":"Golden Wing","floor":13,"gold_loss":0},{"damage_healed":0,"gold_gain":0,"player_choice":"0 cards matched","damage_taken":0,"max_hp_gain":0,"max_hp_loss":0,"event_name":"Match and Keep!","floor":20,"gold_loss":0,"cards_obtained":[]}],"is_beta":false,"boss_relics":[{"not_picked":["Runic Dome","Empty Cage"],"picked":"Pandora\u0027s Box"}],"items_purged_floors":[3,14,22],"is_endless":false,"potions_floor_spawned":[5,6,11,12,19],"killed_by":"Gremlin Leader","ascension_level":5}}