{"host":"re9xirrjoezsqg3h","time":1607790357,"event":{"mods":["AchievementEnabler","BaseMod","Dota2Spire","Downfall","GifTheSpireLib","Hermit","Luminous","Minty Spire (QoL Compilation)","Replay The Spire","Robot Space Explorer","StSLib","The Administrix","The Bug Knight","The Cursed","[IsaacMod]ÒÔÈö¼âËþ"],"gold_per_floor":[109,284,344,344,360,393,393,409,435,435,446,371,68,82,82,187,187,203,48,48,68,68,68,68],"floor_reached":23,"playtime":700,"items_purged":["hermit:Defend_Hermit","hermit:Strike_Hermit"],"score":225,"play_id":"54bfac63-8bfa-4733-b9b6-23f2dc93b4cd","local_time":"20201213002557","is_ascension_mode":true,"campfire_choices":[{"data":"hermit:Magnum","floor":7,"key":"SMITH"},{"data":"hermit:Quickdraw","floor":10,"key":"SMITH"},{"data":"hermit:Showdown","floor":15,"key":"SMITH"}],"circlet_count":0,"master_deck":["hermit:Strike_Hermit+1","hermit:Strike_Hermit","hermit:Strike_Hermit+1","hermit:Defend_Hermit","hermit:Defend_Hermit","hermit:Defend_Hermit","hermit:Snapshot","hermit:Covet","Doubt","hermit:Quickdraw+1","hermit:Magnum+1","hermit:FlashPowder","hermit:Maintenance+1","hermit:Showdown+1","hermit:Gambit"],"relics":["HushsDoor","Void","Bag of Marbles","TheBean","Regal Pillow","ReplayTheSpireMod:TigerMarble","Dota2Spire:Bloodstone","Whetstone","sneckomod:SneckoSoul"],"acts_visited":["Exordium","TheCity"],"potions_floor_usage":[23,23],"damage_taken":[{"damage":0,"enemies":"2 Louse","floor":1,"turns":1},{"damage":0,"enemies":"Jaw Worm","floor":5,"turns":1},{"damage":0,"enemies":"Lagavulin","floor":6,"turns":1},{"damage":0,"enemies":"Cultist","floor":8,"turns":2},{"damage":0,"enemies":"3 Louse","floor":11,"turns":2},{"damage":10,"enemies":"Exordium Wildlife","floor":14,"turns":4},{"damage":24,"enemies":"The Guardian","floor":16,"turns":6},{"damage":0,"enemies":"Chosen","floor":18,"turns":2},{"damage":12,"enemies":"Shell Parasite","floor":21,"turns":4},{"damage":65,"enemies":"Gremlin Leader","floor":23,"turns":6}],"seed_played":"3432805607499285322","potions_obtained":[{"floor":5,"key":"GamblersBrew"},{"floor":6,"key":"Weak Potion"},{"floor":8,"key":"Slimebound:ThreeZeroPotion"},{"floor":21,"key":"SteroidPotion"}],"is_trial":false,"path_per_floor":["M","?","?","?","M","E","R","M","T","R","M","$","$","M","R","B",null,"M","$","?","M","$","E"],"character_chosen":"HERMIT","items_purchased":["hermit:Maintenance+1","ReplayTheSpireMod:TigerMarble","Whetstone"],"campfire_rested":0,"item_purchase_floors":[13,13,19],"current_hp_per_floor":[75,75,75,60,60,60,60,60,60,60,60,60,60,50,50,26,75,75,75,75,63,63,0,0],"gold":68,"neow_bonus":"THREE_ENEMY_KILL","is_daily":false,"chose_seed":false,"campfire_upgraded":3,"win_rate":0.0,"timestamp":1607790357,"path_taken":["M","?","?","?","?","E","R","M","T","R","M","?","$","M","R","BOSS","M","$","?","M","?","E"],"items_purchased_type":["Card","Relic","Relic"],"build_version":"2020-11-30","purchased_purges":2,"victory":false,"max_hp_per_floor":[75,75,75,75,75,75,75,75,75,75,75,75,75,75,75,75,75,75,75,75,75,75,75,75],"card_choices":[{"not_picked":[],"picked":"ChaosCard","floor":0},{"not_picked":["hermit:HoleUp","hermit:Combo","hermit:BigShot"],"picked":"SKIP","floor":1},{"not_picked":["hermit:Ricochet","hermit:Snipe"],"picked":"hermit:Quickdraw","floor":5},{"not_picked":["hermit:Ricochet","hermit:CalledShot"],"picked":"hermit:Magnum","floor":6},{"not_picked":["hermit:ShadowCloak","hermit:Desperado","hermit:Headshot"],"picked":"SKIP","floor":8},{"not_picked":["hermit:Feint","hermit:TakeCover"],"picked":"hermit:FlashPowder","floor":11},{"not_picked":["hermit:BodyArmor","hermit:Misfire"],"picked":"hermit:Showdown","floor":14},{"not_picked":["hermit:DeadOrAlive","hermit:FromBeyond"],"picked":"hermit:Gambit","floor":16},{"not_picked":["hermit:FlashPowder+1","hermit:Roulette","hermit:Feint+1"],"picked":"SKIP","floor":18},{"not_picked":["hermit:Coalescence","hermit:Desperado","hermit:PistolWhip"],"picked":"SKIP","floor":21}],"player_experience":266280,"relics_obtained":[{"floor":6,"key":"TheBean"},{"floor":9,"key":"Regal Pillow"}],"event_choices":[{"damage_healed":0,"gold_gain":175,"player_choice":"AGREE","damage_taken":0,"max_hp_gain":0,"max_hp_loss":0,"event_name":"Liars Game","floor":2,"gold_loss":0,"cards_obtained":["Doubt"]},{"damage_healed":0,"gold_gain":60,"player_choice":"Gained Gold","damage_taken":0,"max_hp_gain":0,"max_hp_loss":0,"event_name":"Golden Wing","floor":3,"gold_loss":0}],"is_beta":false,"boss_relics":[{"not_picked":["Snecko Eye","SlaversCollar"],"picked":"Dota2Spire:Bloodstone"},{"not_picked":[]}],"items_purged_floors":[12,13],"is_endless":false,"potions_floor_spawned":[5,6,8,18,21],"killed_by":"Gremlin Leader","ascension_level":1}}