{"host":"07ljfmttuzqopd7f","time":1607749792,"event":{"mods":["2.2 Compatiblity","BaseMod","Bestiary","Block Reminder","Colored Map","Colored Powertips","Curses Come First","Hermit","Minty Spire (QoL Compilation)","Quick Restart","Random Character Button","Rare Cards Sparkle","Relic Stats","StSLib","The Cursed","UnlockEverythingMod"],"gold_per_floor":[112,62,80,92,92,92,118,36,59,59,78,92,123,44,44,140,140,154,69,69,87,99,99,126,145,145,24,24,24,36,53,53,53,53],"floor_reached":33,"playtime":2329,"items_purged":[],"score":346,"play_id":"52c2eff2-b8d4-40eb-acd3-36ad599c04f3","local_time":"20201212000952","is_ascension_mode":true,"campfire_choices":[{"data":"hermit:SprayPray","floor":6,"key":"SMITH"},{"data":"hermit:Maintenance","floor":10,"key":"SMITH"},{"data":"hermit:Virtue","floor":15,"key":"SMITH"},{"floor":23,"key":"REST"},{"data":"hermit:RoundhouseKick","floor":29,"key":"SMITH"},{"data":"hermit:CursedWeapon","floor":32,"key":"SMITH"}],"circlet_count":0,"master_deck":["hermit:Strike_Hermit","hermit:Strike_Hermit","hermit:Strike_Hermit","hermit:Defend_Hermit","hermit:Defend_Hermit","hermit:Defend_Hermit","hermit:Defend_Hermit","hermit:Snapshot","hermit:Covet","hermit:SprayPray+1","hermit:Desperado","hermit:Malice","hermit:CursedWeapon+1","hermit:Maintenance+1","hermit:Glare","hermit:Cheat","hermit:Ricochet","hermit:Gambit","hermit:Virtue+1","hermit:RoundhouseKick+1","hermit:TakeCover"],"relics":["hermit:Momento","Dream Catcher","Pen Nib","Centennial Puzzle","Kunai","Busted Crown","Akabeko","Gremlin Horn","hermit:Horseshoe"],"acts_visited":["Exordium","TheCity"],"potions_floor_usage":[4,16,24,24,24,24,24,24,30,33],"damage_taken":[{"damage":0,"enemies":"2 Louse","floor":1,"turns":2},{"damage":0,"enemies":"Cultist","floor":3,"turns":3},{"damage":2,"enemies":"Jaw Worm","floor":4,"turns":3},{"damage":16,"enemies":"Gremlin Nob","floor":7,"turns":3},{"damage":4,"enemies":"Blue Slaver","floor":11,"turns":3},{"damage":2,"enemies":"Lots of Slimes","floor":12,"turns":2},{"damage":10,"enemies":"Lagavulin","floor":13,"turns":5},{"damage":31,"enemies":"The Guardian","floor":16,"turns":10},{"damage":13,"enemies":"2 Thieves","floor":18,"turns":3},{"damage":4,"enemies":"Chosen","floor":21,"turns":3},{"damage":11,"enemies":"Centurion and Healer","floor":22,"turns":4},{"damage":21,"enemies":"Book of Stabbing","floor":24,"turns":4},{"damage":2,"enemies":"Snake Plant","floor":25,"turns":1},{"damage":14,"enemies":"Chosen and Byrds","floor":30,"turns":3},{"damage":2,"enemies":"Shelled Parasite and Fungi","floor":31,"turns":3},{"damage":62,"enemies":"Champ","floor":33,"turns":13}],"seed_played":"3032237043004973301","potions_obtained":[{"floor":1,"key":"LiquidMemories"},{"floor":4,"key":"Fire Potion"},{"floor":16,"key":"BlessingOfTheForge"},{"floor":18,"key":"SpeedPotion"},{"floor":22,"key":"EntropicBrew"},{"floor":31,"key":"ColorlessPotion"}],"is_trial":false,"path_per_floor":["M","?","M","M","?","R","E","$","T","R","M","M","E","$","R","B",null,"M","?","?","M","M","R","E","M","T","$","?","R","M","M","R","B"],"character_chosen":"HERMIT","items_purchased":["hermit:Maintenance","hermit:Glare","hermit:Virtue","hermit:TakeCover","Weak Potion"],"campfire_rested":1,"item_purchase_floors":[8,8,14,27,27],"current_hp_per_floor":[75,75,75,73,73,73,57,57,57,57,53,51,41,41,41,10,59,46,46,46,42,31,53,32,30,30,30,75,75,61,59,59,0,0],"gold":53,"neow_bonus":"THREE_CARDS","is_daily":false,"chose_seed":false,"campfire_upgraded":5,"win_rate":0.0,"timestamp":1607749792,"path_taken":["M","?","M","M","?","R","E","$","T","R","?","M","E","$","R","BOSS","M","?","?","M","M","R","E","M","T","$","?","R","M","M","R","BOSS"],"items_purchased_type":["Card","Card","Card","Card","Potion"],"build_version":"2020-11-30","purchased_purges":0,"victory":false,"max_hp_per_floor":[75,75,75,75,75,75,75,75,75,75,75,75,75,75,75,75,75,75,75,75,75,75,75,75,75,75,75,75,75,75,75,75,75,75],"relic_stats":{"Dream Catcher":1,"Centennial Puzzle":[36],"Busted Crown":16,"Gremlin Horn":[2,2],"counters":[16,65],"Pen Nib":[11],"Kunai":[16],"obtain_stats":[{"Dream Catcher":5,"Centennial Puzzle":9,"Busted Crown":17,"Gremlin Horn":24,"Pen Nib":7,"Kunai":13,"hermit:Horseshoe":26,"hermit:Momento":0,"Akabeko":19},{"Dream Catcher":3,"Centennial Puzzle":4,"Busted Crown":8,"Gremlin Horn":12,"Pen Nib":4,"Kunai":7,"hermit:Horseshoe":13,"hermit:Momento":0,"Akabeko":9},{"Dream Catcher":8,"Centennial Puzzle":11,"Busted Crown":31,"Gremlin Horn":45,"Pen Nib":11,"Kunai":21,"hermit:Horseshoe":46,"hermit:Momento":0,"Akabeko":34}]},"card_choices":[{"not_picked":["hermit:Misfire","hermit:Quickdraw"],"picked":"hermit:SprayPray","floor":0},{"not_picked":["hermit:PistolWhip","hermit:LowProfile"],"picked":"hermit:Desperado","floor":1},{"not_picked":["hermit:Quickdraw","hermit:HighCaliber","hermit:ItchyTrigger"],"picked":"SKIP","floor":3},{"not_picked":["hermit:FlashPowder","hermit:Combo"],"picked":"hermit:Malice","floor":4},{"not_picked":["hermit:TrackingShot","hermit:BlackWind"],"picked":"hermit:CursedWeapon","floor":7},{"not_picked":["hermit:CalledShot","hermit:TrackingShot"],"picked":"hermit:Cheat","floor":11},{"not_picked":["hermit:Showdown","hermit:BodyArmor"],"picked":"hermit:Ricochet","floor":12},{"not_picked":["hermit:Brawl","hermit:SprayPray"],"picked":"hermit:Gambit","floor":13},{"not_picked":["hermit:Roughhouse","hermit:BlackWind"],"picked":"hermit:RoundhouseKick","floor":16},{"not_picked":["hermit:ItchyTrigger"],"picked":"SKIP","floor":18},{"not_picked":["hermit:Scavenge"],"picked":"SKIP","floor":21},{"not_picked":["hermit:Misfire"],"picked":"SKIP","floor":22},{"not_picked":["hermit:Headshot"],"picked":"SKIP","floor":24},{"not_picked":["hermit:Glare"],"picked":"SKIP","floor":25},{"not_picked":["hermit:Headshot"],"picked":"SKIP","floor":30},{"not_picked":["hermit:ItchyTrigger+1"],"picked":"SKIP","floor":31}],"player_experience":382625,"relics_obtained":[{"floor":5,"key":"Dream Catcher"},{"floor":7,"key":"Pen Nib"},{"floor":9,"key":"Centennial Puzzle"},{"floor":13,"key":"Kunai"},{"floor":24,"key":"Gremlin Horn"},{"floor":26,"key":"hermit:Horseshoe"}],"event_choices":[{"cards_removed":["hermit:Strike_Hermit"],"damage_healed":0,"gold_gain":0,"player_choice":"Card Removal","damage_taken":0,"max_hp_gain":0,"max_hp_loss":0,"event_name":"The Cleric","floor":2,"gold_loss":50},{"damage_healed":0,"gold_gain":0,"player_choice":"Relic","damage_taken":0,"max_hp_gain":0,"max_hp_loss":0,"event_name":"Wheel of Change","floor":5,"gold_loss":0},{"damage_healed":0,"gold_gain":0,"player_choice":"Obtained Relic","damage_taken":0,"relics_obtained":["Akabeko"],"max_hp_gain":0,"max_hp_loss":0,"event_name":"Addict","floor":19,"gold_loss":85},{"damage_healed":0,"gold_gain":0,"player_choice":"Ignored","damage_taken":0,"max_hp_gain":0,"max_hp_loss":0,"event_name":"Ghosts","floor":20,"gold_loss":0},{"damage_healed":45,"gold_gain":0,"player_choice":"Full Heal","damage_taken":0,"max_hp_gain":0,"max_hp_loss":0,"event_name":"Wheel of Change","floor":28,"gold_loss":0}],"is_beta":false,"boss_relics":[{"not_picked":["Velvet Choker","Coffee Dripper"],"picked":"Busted Crown"}],"items_purged_floors":[],"is_endless":false,"potions_floor_spawned":[1,4,16,18,22,31],"killed_by":"Champ","ascension_level":5}}