{"host":"3pyrf848gr42tovh","time":1607788725,"event":{"mods":["Aspiration","BaseMod","Better Altar","Better Match","Better Note","Better Sensory Stone","Better Skull","Better Third Choice","BetterRewards","Colored Map","Conspire","Displayed Cursed Tome","Hubris","Infinite Spire","Marisa????????","Minty Spire (QoL Compilation)","Quick Restart","Relic Sorter","Relic Stats","Remilia??????","Replay The Spire","StSLib","Td1madao Mod","The Administrix","The Animator","The Cursed","The Hierophant","The Jungle","The Necromancer","The Servant 0.9.4","vexMod"],"gold_per_floor":[118,118,138,153,172,172,172],"floor_reached":6,"playtime":220,"items_purged":[],"score":38,"play_id":"a65f0298-4c81-4976-bd8b-9f52ad7de1a4","local_time":"20201212175845","is_ascension_mode":false,"campfire_choices":[],"circlet_count":0,"master_deck":["Strike_G","Strike_G","Strike_G","Strike_G","Strike_G","Defend_G","Defend_G","Defend_G","Defend_G","Survivor","Neutralize"],"relics":["Busted Crown"],"acts_visited":["Exordium"],"potions_floor_usage":[6],"damage_taken":[{"damage":0,"enemies":"Cultist","floor":1,"turns":5},{"damage":1,"enemies":"Jaw Worm","floor":3,"turns":4},{"damage":0,"enemies":"Small Slimes","floor":4,"turns":4},{"damage":2,"enemies":"Looter","floor":5,"turns":4},{"damage":70,"enemies":"Gremlin Nob","floor":6,"turns":7}],"seed_played":"7811550486350917177","potions_obtained":[{"floor":5,"key":"SpeedPotion"}],"is_trial":false,"path_per_floor":["M","?","M","M","M","E"],"character_chosen":"THE_SILENT","items_purchased":[],"campfire_rested":0,"item_purchase_floors":[],"current_hp_per_floor":[70,70,69,69,67,0,0],"gold":172,"neow_bonus":"BOSS_RELIC","is_daily":false,"chose_seed":false,"campfire_upgraded":0,"win_rate":0.0,"timestamp":1607788725,"path_taken":["M","?","M","M","M","E"],"items_purchased_type":[],"build_version":"2020-11-30","purchased_purges":0,"victory":false,"max_hp_per_floor":[70,70,70,70,70,70,70],"relic_stats":{"Busted Crown":8,"counters":[32,158],"obtain_stats":[{"conspire:Dentures":23,"Golden Idol":2,"vexMod:BerryBomb":14,"Painkiller Herb":17,"infinitespire:Lucky Rock":3,"hubris:Towel":13,"hubris:Zylophone":21,"Replay:Baseball":6,"infinitespire:ShieldingShard":9,"Busted Crown":0,"hubris:AstralHammer":9,"Garlic":6,"ReplayTheSpireMod:Lightbulb":12,"hubris:OldNail":14,"Ring of the Snake":0},{"conspire:Dentures":13,"Golden Idol":20,"vexMod:BerryBomb":7,"Painkiller Herb":8,"infinitespire:Lucky Rock":2,"hubris:Towel":25,"hubris:Zylophone":11,"Replay:Baseball":23,"infinitespire:ShieldingShard":5,"Busted Crown":27,"hubris:AstralHammer":24,"Garlic":4,"ReplayTheSpireMod:Lightbulb":6,"hubris:OldNail":26,"Ring of the Snake":0},{"conspire:Dentures":80,"Golden Idol":100,"vexMod:BerryBomb":40,"Painkiller Herb":50,"infinitespire:Lucky Rock":11,"hubris:Towel":121,"hubris:Zylophone":72,"Replay:Baseball":114,"infinitespire:ShieldingShard":24,"Busted Crown":134,"hubris:AstralHammer":120,"Garlic":21,"ReplayTheSpireMod:Lightbulb":30,"hubris:OldNail":126,"Ring of the Snake":0}]},"card_choices":[{"not_picked":["ReplayTheSpireMod:Shiv Toss"],"picked":"SKIP","floor":1},{"not_picked":["Sucker Punch"],"picked":"SKIP","floor":3},{"not_picked":["Underhanded Strike"],"picked":"SKIP","floor":4},{"not_picked":["Sucker Punch"],"picked":"SKIP","floor":5}],"player_experience":98572,"relics_obtained":[],"event_choices":[{"cards_removed":["Defend_G"],"damage_healed":0,"gold_gain":0,"player_choice":"Purged","damage_taken":0,"max_hp_gain":0,"max_hp_loss":0,"event_name":"Purifier","floor":2,"gold_loss":0}],"is_beta":false,"boss_relics":[],"items_purged_floors":[],"is_endless":false,"potions_floor_spawned":[5],"killed_by":"Gremlin Nob","ascension_level":0}}