{"host":"27hat5v0dffgaxzm","time":1607797775,"event":{"mods":["BaseMod","Colored Map","Colored Powertips","Highlight Path","Minty Spire (QoL Compilation)","Permanent Neow","Quick Restart"],"gold_per_floor":[115,128,178,197,472,472,490,501,578,169,189,144,144,171,171,248,248,265,283,296,296,72,100,100,116,141,168,168,168],"floor_reached":28,"playtime":1169,"items_purged":["Regret"],"score":520,"play_id":"4a6d2868-cbbc-4c04-834e-4547a5cc56f3","local_time":"20201213032935","is_ascension_mode":true,"campfire_choices":[{"data":"Backflip","floor":6.0,"key":"SMITH"},{"data":"Adrenaline","floor":13.0,"key":"SMITH"},{"data":"Calculated Gamble","floor":15.0,"key":"SMITH"},{"floor":24,"key":"REST"}],"circlet_count":0,"master_deck":["AscendersBane","Survivor","Neutralize","Acrobatics","Catalyst","Blur","Noxious Fumes","Predator","Deadly Poison","Caltrops","Catalyst","Venomology","Poisoned Stab","Dagger Spray","Backflip+1","Footwork","Bane","Dodge and Roll","Adrenaline+1","Crippling Poison","Calculated Gamble+1","Doppelganger","Bane+1","Prepared","Escape Plan","Noxious Fumes"],"relics":["Pandora\u0027s Box","Question Card","Omamori","TheAbacus","Pocketwatch","Runic Pyramid","Chemical X","Regal Pillow","Art of War","FossilizedHelix"],"acts_visited":["Exordium","TheCity"],"potions_floor_usage":[23,27,27],"damage_taken":[{"damage":4.0,"enemies":"Cultist","floor":1.0,"turns":3.0},{"damage":0.0,"enemies":"Small Slimes","floor":2.0,"turns":2.0},{"damage":9.0,"enemies":"2 Louse","floor":4.0,"turns":3.0},{"damage":13.0,"enemies":"Large Slime","floor":7.0,"turns":4.0},{"damage":6.0,"enemies":"2 Fungi Beasts","floor":8.0,"turns":4.0},{"damage":2.0,"enemies":"3 Louse","floor":11.0,"turns":4.0},{"damage":5.0,"enemies":"Lagavulin","floor":14.0,"turns":5.0},{"damage":4.0,"enemies":"The Guardian","floor":16.0,"turns":7.0},{"damage":9.0,"enemies":"Shell Parasite","floor":18.0,"turns":5.0},{"damage":1.0,"enemies":"Chosen","floor":19.0,"turns":5.0},{"damage":14.0,"enemies":"Sentry and Sphere","floor":20.0,"turns":5.0},{"damage":17,"enemies":"Book of Stabbing","floor":23,"turns":5},{"damage":30,"enemies":"3 Cultists","floor":25,"turns":5},{"damage":34,"enemies":"Slavers","floor":27,"turns":4},{"damage":9,"enemies":"Centurion and Healer","floor":28,"turns":1}],"seed_played":"-6603900698517677577","potions_obtained":[{"floor":4.0,"key":"Swift Potion"},{"floor":11.0,"key":"Block Potion"},{"floor":20.0,"key":"ColorlessPotion"},{"floor":25,"key":"PowerPotion"}],"is_trial":false,"path_per_floor":["M","M","?","M","?","R","M","M","T","$","M","$","R","E","R","B",null,"M","M","M","?","$","E","R","M","T","E","M"],"character_chosen":"THE_SILENT","items_purchased":["Omamori","TheAbacus","Crippling Poison","Chemical X","Prepared"],"campfire_rested":1,"item_purchase_floors":[10,10,12,22,22],"current_hp_per_floor":[55,55,49,40,40,40,27,21,21,21,19,19,19,14,14,10,52,43,42,28,28,28,11,45,15,15,5,0,0],"gold":168,"neow_bonus":"BOSS_RELIC","is_daily":false,"chose_seed":false,"campfire_upgraded":3,"win_rate":0.0,"timestamp":1607797775,"path_taken":["M","M","?","?","?","R","?","M","T","$","M","?","R","E","R","BOSS","M","M","M","?","$","E","R","M","T","E","M"],"items_purchased_type":["Relic","Relic","Card","Relic","Card"],"build_version":"2020-11-30","purchased_purges":1,"victory":false,"max_hp_per_floor":[66,66,66,66,66,66,66,66,66,66,66,66,66,66,66,66,66,66,66,66,66,66,66,66,66,66,66,66,66],"card_choices":[{"not_picked":["Finisher","Dagger Throw"],"picked":"Dagger Spray","floor":1.0},{"not_picked":["Distraction","Expertise"],"picked":"Backflip","floor":2.0},{"not_picked":["PiercingWail","Dagger Spray"],"picked":"Footwork","floor":4.0},{"not_picked":["Expertise","Distraction"],"picked":"Bane","floor":7.0},{"not_picked":["Finisher","Slice"],"picked":"Dodge and Roll","floor":8.0},{"not_picked":["Cloak And Dagger","Heel Hook","Accuracy"],"picked":"Adrenaline","floor":11.0},{"not_picked":["Dagger Spray","Deflect","Catalyst"],"picked":"Calculated Gamble","floor":14.0},{"not_picked":["Unload","Venomology","Phantasmal Killer"],"picked":"Doppelganger","floor":16.0},{"not_picked":["Bane","Sucker Punch","Backstab","Accuracy"],"picked":"SKIP","floor":18.0},{"not_picked":["Dagger Throw","Dagger Spray","Sucker Punch"],"picked":"Bane+1","floor":19.0},{"not_picked":["Calculated Gamble","Infinite Blades","Cloak And Dagger","Blade Dance+1"],"picked":"SKIP","floor":20.0},{"not_picked":["Unload","Infinite Blades+1","Dash","Caltrops"],"picked":"SKIP","floor":23},{"not_picked":["Acrobatics","Dagger Spray","Slice"],"picked":"Escape Plan","floor":25},{"not_picked":["Masterful Stab","Underhanded Strike","Dagger Throw"],"picked":"Noxious Fumes","floor":27}],"player_experience":310270,"relics_obtained":[{"floor":9.0,"key":"Question Card"},{"floor":14.0,"key":"Pocketwatch"},{"floor":23,"key":"Regal Pillow"},{"floor":26,"key":"Art of War"},{"floor":27,"key":"FossilizedHelix"}],"event_choices":[{"damage_healed":0.0,"max_hp_gain":0.0,"max_hp_loss":0.0,"gold_gain":50.0,"event_name":"FaceTrader","player_choice":"Touch","floor":3.0,"gold_loss":0.0,"damage_taken":6.0},{"damage_healed":0.0,"max_hp_gain":0.0,"max_hp_loss":0.0,"gold_gain":275.0,"event_name":"Golden Shrine","player_choice":"Desecrate","floor":5.0,"gold_loss":0.0,"damage_taken":0.0,"cards_obtained":["Regret"]},{"damage_healed":0,"gold_gain":0,"player_choice":"Ignored","damage_taken":0,"max_hp_gain":0,"max_hp_loss":0,"event_name":"Cursed Tome","floor":21,"gold_loss":0}],"is_beta":false,"boss_relics":[{"not_picked":["Sozu","Ectoplasm"],"picked":"Runic Pyramid"}],"items_purged_floors":[10],"is_endless":false,"potions_floor_spawned":[4,8,11,18,20,25],"killed_by":"Centurion and Healer","ascension_level":20}}