{"host":"sabve5zmqufxyc5o","time":1607747120,"event":{"mods":["2.2 Compatiblity","AchievementEnabler","Act Like it!","BaseMod","Block Reminder","Colored Map","Colored Powertips","DeckTracker","KOR Keyword Fix","Keyboard Shortcuts","Minty Spire (QoL Compilation)","Quick Restart","Rare Cards Sparkle","Relic Stats","StSLib","SuperFastMode"],"gold_per_floor":[115,129,141,156,81,81,98,112,112,112,131,16,16,32,32,32,32],"floor_reached":16,"playtime":232,"items_purged":["Strike_B"],"score":187,"play_id":"fe10a203-b890-4c2f-a7ab-409db0b142c6","local_time":"20201212132520","is_ascension_mode":true,"campfire_choices":[{"data":"Zap","floor":6.0,"key":"SMITH"},{"floor":10,"key":"REST"},{"floor":15,"key":"REST"}],"circlet_count":0,"master_deck":["AscendersBane","Strike_B","Defend_B","Defend_B","Defend_B","Defend_B","Zap+1","Dualcast","PanicButton","Beam Cell","Gash","Undo","FTL","BootSequence","Turbo","Leap","Rip and Tear","Compile Driver"],"relics":["Cracked Core","Bag of Marbles"],"acts_visited":["Exordium"],"potions_floor_usage":[16],"damage_taken":[{"damage":7.0,"enemies":"Jaw Worm","floor":1.0,"turns":4.0},{"damage":11.0,"enemies":"2 Louse","floor":2.0,"turns":2.0},{"damage":0.0,"enemies":"Small Slimes","floor":3.0,"turns":3.0},{"damage":14.0,"enemies":"Red Slaver","floor":4.0,"turns":3.0},{"damage":19,"enemies":"Large Slime","floor":7,"turns":5},{"damage":10,"enemies":"3 Louse","floor":8,"turns":4},{"damage":4,"enemies":"Lots of Slimes","floor":11,"turns":4},{"damage":10,"enemies":"Large Slime","floor":14,"turns":6},{"damage":25,"enemies":"Slime Boss","floor":16,"turns":3}],"seed_played":"6227020175094478767","potions_obtained":[{"floor":4.0,"key":"SneckoOil"},{"floor":7,"key":"FocusPotion"}],"is_trial":false,"path_per_floor":["M","M","M","M","?","R","M","M","T","R","M","$","?","M","R","B"],"character_chosen":"DEFECT","items_purchased":["Rip and Tear"],"campfire_rested":2,"item_purchase_floors":[12],"current_hp_per_floor":[57,46,46,32,32,32,13,3,3,24,20,20,13,3,24,0,0],"gold":32,"neow_bonus":"RANDOM_COLORLESS","is_daily":false,"chose_seed":false,"campfire_upgraded":1,"win_rate":0.0,"timestamp":1607747120,"path_taken":["M","M","M","M","?","R","M","M","T","R","M","$","?","M","R","BOSS"],"items_purchased_type":["Card"],"build_version":"2020-11-30","purchased_purges":1,"victory":false,"max_hp_per_floor":[71,71,71,71,71,71,71,71,71,71,71,71,71,71,71,71,71],"relic_stats":{"counters":[9,34],"obtain_stats":[{"Bag of Marbles":9,"Cracked Core":0},{"Bag of Marbles":6,"Cracked Core":0},{"Bag of Marbles":21,"Cracked Core":0}]},"card_choices":[{"not_picked":["Dramatic Entrance","Jack Of All Trades"],"picked":"PanicButton","floor":0.0},{"not_picked":["Steam","Coolheaded"],"picked":"Beam Cell","floor":1.0},{"not_picked":["Glacier","Compile Driver"],"picked":"Gash","floor":2.0},{"not_picked":["Compile Driver","Sweeping Beam"],"picked":"Undo","floor":3.0},{"not_picked":["Blizzard","Storm"],"picked":"FTL","floor":4.0},{"not_picked":["Turbo","Steam"],"picked":"BootSequence","floor":7},{"not_picked":["Amplify","Conserve Battery"],"picked":"Turbo","floor":8},{"not_picked":["Turbo","Double Energy"],"picked":"Leap","floor":11},{"not_picked":["Beam Cell","Conserve Battery"],"picked":"Compile Driver","floor":14}],"player_experience":761016,"relics_obtained":[{"floor":9,"key":"Bag of Marbles"}],"event_choices":[{"cards_removed":["Strike_B"],"damage_healed":0.0,"max_hp_gain":0.0,"max_hp_loss":0.0,"gold_gain":0.0,"event_name":"The Cleric","player_choice":"Card Removal","floor":5.0,"gold_loss":75.0,"damage_taken":0.0},{"cards_removed":["Strike_B"],"damage_healed":0,"gold_gain":0,"player_choice":"Card Removal","damage_taken":7,"max_hp_gain":0,"max_hp_loss":0,"event_name":"Golden Wing","floor":13,"gold_loss":0}],"is_beta":false,"boss_relics":[],"items_purged_floors":[12],"is_endless":false,"potions_floor_spawned":[4,7,8],"killed_by":"Slime Boss","ascension_level":19}}