{"host":"j4g6ia6asvpyu2b0","time":1607731367,"event":{"mods":["BaseMod","Colored Map","Minty Spire (QoL Compilation)","Permanent Neow","Quick Restart","Relic Stats","StSLib","Unceasing Turn Reminder"],"gold_per_floor":[13,29,45,55,67,101,101,136,136,161,181,197,197,211,211,315,315,332,332,343,253,266,266,266,266,348,348,373,385,415,428,428,524,524,536,461,481,496,496,496,523,523,523,523,304,317,328,328,328,328,328],"floor_reached":50,"playtime":5215,"items_purged":["Strike_R","Strike_R"],"score":673,"play_id":"4a4b1eab-5672-446b-bcc9-0f32e48c8689","local_time":"20201211170247","is_ascension_mode":true,"campfire_choices":[{"data":"Juggernaut","floor":7.0,"key":"SMITH"},{"data":"Inflame","floor":13.0,"key":"SMITH"},{"data":"Bash","floor":15.0,"key":"SMITH"},{"data":"Spot Weakness","floor":23.0,"key":"SMITH"},{"data":"Disarm","floor":25.0,"key":"SMITH"},{"data":"Clothesline","floor":27.0,"key":"SMITH"},{"data":"Corruption","floor":32,"key":"SMITH"},{"data":"Barricade","floor":40,"key":"SMITH"},{"data":"Limit Break","floor":42,"key":"SMITH"},{"data":"Pommel Strike","floor":44,"key":"SMITH"},{"floor":49,"key":"RECALL"}],"circlet_count":0,"master_deck":["Strike_R","Strike_R","Defend_R","Defend_R","Defend_R","Defend_R","Bash+1","Clothesline+1","Juggernaut+1","Cleave","Headbutt","Combust","Twin Strike+1","Shrug It Off","Ghostly Armor","Inflame+1","Pommel Strike+1","Limit Break+1","Spot Weakness+1","Necronomicurse","Disarm+1","Body Slam+1","Corruption+1","Headbutt+1","Battle Trance+1","Seeing Red+1","Barricade+1","Headbutt+1","Anger+1","Warcry+1","Iron Wave+1","Inflame","Body Slam+1","True Grit"],"relics":["Burning Blood","Charon\u0027s Ashes","Oddly Smooth Stone","Orichalcum","Incense Burner","Magic Flower","Coffee Dripper","Necronomicon","StoneCalendar","Molten Egg 2","Akabeko","Pocketwatch","Busted Crown","Nunchaku","Happy Flower"],"acts_visited":["Exordium","TheCity","TheBeyond"],"potions_floor_usage":[50],"damage_taken":[{"damage":6.0,"enemies":"Cultist","floor":1.0,"turns":4.0},{"damage":7.0,"enemies":"2 Louse","floor":2.0,"turns":4.0},{"damage":2.0,"enemies":"Small Slimes","floor":3.0,"turns":3.0},{"damage":30.0,"enemies":"Exordium Thugs","floor":4.0,"turns":6.0},{"damage":11.0,"enemies":"Blue Slaver","floor":5.0,"turns":3.0},{"damage":12.0,"enemies":"Gremlin Nob","floor":6.0,"turns":4.0},{"damage":27.0,"enemies":"3 Sentries","floor":8.0,"turns":4.0},{"damage":8.0,"enemies":"Gremlin Nob","floor":10.0,"turns":4.0},{"damage":0.0,"enemies":"Lots of Slimes","floor":11.0,"turns":2.0},{"damage":2.0,"enemies":"Large Slime","floor":12.0,"turns":5.0},{"damage":0.0,"enemies":"Exordium Wildlife","floor":14.0,"turns":3.0},{"damage":24.0,"enemies":"Hexaghost","floor":16.0,"turns":9.0},{"damage":17.0,"enemies":"Spheric Guardian","floor":18.0,"turns":4.0},{"damage":0.0,"enemies":"3 Byrds","floor":20.0,"turns":4.0},{"damage":2.0,"enemies":"3 Cultists","floor":22.0,"turns":3.0},{"damage":9.0,"enemies":"Book of Stabbing","floor":28.0,"turns":6.0},{"damage":12.0,"enemies":"Chosen and Byrds","floor":29.0,"turns":3.0},{"damage":0,"enemies":"Gremlin Leader","floor":30,"turns":2},{"damage":3,"enemies":"Centurion and Healer","floor":31,"turns":4},{"damage":29,"enemies":"Collector","floor":33,"turns":7},{"damage":1,"enemies":"3 Shapes","floor":35,"turns":4},{"damage":37,"enemies":"3 Darklings","floor":37,"turns":6},{"damage":0,"enemies":"Transient","floor":38,"turns":5},{"damage":17,"enemies":"Reptomancer","floor":41,"turns":5},{"damage":23,"enemies":"Writhing Mass","floor":46,"turns":5},{"damage":13,"enemies":"Sphere and 2 Shapes","floor":47,"turns":6},{"damage":43,"enemies":"Donu and Deca","floor":50,"turns":5}],"seed_played":"-3379169279865279215","potions_obtained":[{"floor":2.0,"key":"EntropicBrew"},{"floor":5.0,"key":"HeartOfIron"},{"floor":6.0,"key":"BlessingOfTheForge"},{"floor":10.0,"key":"SneckoOil"},{"floor":14.0,"key":"Block Potion"},{"floor":16.0,"key":"Strength Potion"}],"is_trial":false,"path_per_floor":["M","M","M","M","M","E","R","E","T","E","M","M","R","M","R","B",null,"M","?","M","?","M","R","?","R","T","R","E","M","E","M","R","B",null,"M","$","M","M","?","R","E","R","T","R","$","M","M","T","R","B"],"character_chosen":"IRONCLAD","items_purchased":["Inflame","Body Slam+1"],"campfire_rested":0,"item_purchase_floors":[45,45],"current_hp_per_floor":[80,79,80,56,51,45,45,24,24,22,31,38,38,47,47,32,80,72,56,65,65,72,72,72,72,72,72,72,69,78,80,80,60,80,80,80,52,61,61,61,53,53,53,53,53,39,35,35,35,0,0],"gold":328,"neow_bonus":"ONE_RARE_RELIC","is_daily":false,"chose_seed":false,"campfire_upgraded":10,"win_rate":0.0,"timestamp":1607731367,"path_taken":["M","?","M","?","M","E","R","E","T","E","M","M","R","M","R","BOSS","M","?","M","?","?","R","?","R","T","R","E","M","E","M","R","BOSS","M","$","M","?","?","R","E","R","T","R","$","M","M","?","R","BOSS"],"items_purchased_type":["Card","Card"],"build_version":"2020-11-30","purchased_purges":2,"victory":false,"max_hp_per_floor":[80,80,80,80,80,80,80,80,80,80,80,80,80,80,80,80,80,80,80,80,80,80,80,80,80,80,80,80,80,80,80,80,80,80,80,80,80,80,80,80,80,80,80,80,80,80,80,80,80,80,80],"relic_stats":{"Nunchaku":[3],"Busted Crown":12,"Happy Flower":[1],"counters":[27,120],"Magic Flower":[48],"StoneCalendar":[43],"Charon\u0027s Ashes":[210],"Necronomicon":[33],"Orichalcum":[276],"obtain_stats":[{"Happy Flower":48,"Oddly Smooth Stone":6,"Magic Flower":10,"StoneCalendar":24,"Charon\u0027s Ashes":0,"Incense Burner":9,"Orichalcum":8,"Burning Blood":0,"Akabeko":28,"Nunchaku":41,"Busted Crown":34,"Molten Egg 2":26,"Coffee Dripper":17,"Necronomicon":19,"Pocketwatch":30},{"Happy Flower":26,"Oddly Smooth Stone":6,"Magic Flower":8,"StoneCalendar":15,"Charon\u0027s Ashes":0,"Incense Burner":7,"Orichalcum":7,"Burning Blood":0,"Akabeko":16,"Nunchaku":24,"Busted Crown":20,"Molten Egg 2":15,"Coffee Dripper":12,"Necronomicon":13,"Pocketwatch":18},{"Happy Flower":115,"Oddly Smooth Stone":24,"Magic Flower":32,"StoneCalendar":62,"Charon\u0027s Ashes":0,"Incense Burner":28,"Orichalcum":28,"Burning Blood":0,"Akabeko":68,"Nunchaku":104,"Busted Crown":84,"Molten Egg 2":62,"Coffee Dripper":51,"Necronomicon":55,"Pocketwatch":73}],"Burning Blood":195,"Pocketwatch":[21]},"card_choices":[{"not_picked":["Iron Wave","Blood for Blood"],"picked":"Clothesline","floor":1.0},{"not_picked":["Ghostly Armor","Havoc"],"picked":"Anger","floor":2.0},{"not_picked":["Flex","Warcry"],"picked":"Juggernaut","floor":3.0},{"not_picked":["Sword Boomerang","Ghostly Armor"],"picked":"Cleave","floor":4.0},{"not_picked":["Second Wind","Entrench"],"picked":"Headbutt","floor":5.0},{"not_picked":["Brutality","Second Wind"],"picked":"Combust","floor":6.0},{"not_picked":["Combust","Havoc"],"picked":"Twin Strike","floor":8.0},{"not_picked":["Armaments","Flex"],"picked":"Shrug It Off","floor":10.0},{"not_picked":["Heavy Blade","Burning Pact"],"picked":"Ghostly Armor","floor":11.0},{"not_picked":["Anger","Sword Boomerang"],"picked":"Inflame","floor":12.0},{"not_picked":["Combust","Shrug It Off"],"picked":"Pommel Strike","floor":14.0},{"not_picked":["Bludgeon","Double Tap"],"picked":"Limit Break","floor":16.0},{"not_picked":["Feel No Pain","Headbutt+1"],"picked":"Spot Weakness","floor":18.0},{"not_picked":["Flex+1","Clothesline"],"picked":"Disarm","floor":20.0},{"not_picked":["Seeing Red","True Grit"],"picked":"Body Slam+1","floor":22.0},{"not_picked":["Heavy Blade+1","Sentinel"],"picked":"Corruption","floor":28.0},{"not_picked":["Wild Strike+1","Havoc"],"picked":"Headbutt+1","floor":29.0},{"not_picked":["Sentinel+1","Anger+1"],"picked":"Battle Trance+1","floor":30},{"not_picked":["Bloodletting","Havoc"],"picked":"Seeing Red+1","floor":31},{"not_picked":["Double Tap","Brutality"],"picked":"Barricade","floor":33},{"not_picked":[],"picked":"Headbutt+1","floor":35},{"not_picked":[],"picked":"Anger+1","floor":37},{"not_picked":[],"picked":"Warcry+1","floor":38},{"not_picked":[],"picked":"Iron Wave+1","floor":41},{"not_picked":["Clash+1"],"picked":"SKIP","floor":46},{"not_picked":[],"picked":"True Grit","floor":47}],"player_experience":607784,"relics_obtained":[{"floor":6.0,"key":"Oddly Smooth Stone"},{"floor":8.0,"key":"Orichalcum"},{"floor":9.0,"key":"Incense Burner"},{"floor":10.0,"key":"Magic Flower"},{"floor":19.0,"key":"Necronomicon"},{"floor":26.0,"key":"Molten Egg 2"},{"floor":28.0,"key":"Akabeko"},{"floor":30,"key":"Pocketwatch"},{"floor":41,"key":"Nunchaku"},{"floor":48,"key":"Happy Flower"}],"event_choices":[{"damage_healed":0.0,"max_hp_gain":0.0,"max_hp_loss":0.0,"gold_gain":0.0,"event_name":"Cursed Tome","player_choice":"Obtained Book","floor":19.0,"gold_loss":0.0,"damage_taken":16.0},{"cards_removed":["Strike_R"],"damage_healed":0.0,"max_hp_gain":0.0,"max_hp_loss":0.0,"gold_gain":0.0,"event_name":"Designer","player_choice":"Upgrade and Remove","floor":21.0,"gold_loss":90.0,"damage_taken":0.0,"cards_upgraded":["Twin Strike"]},{"cards_removed":["Anger"],"damage_healed":0.0,"max_hp_gain":0.0,"max_hp_loss":0.0,"gold_gain":0.0,"event_name":"WeMeetAgain","player_choice":"Gave Card","floor":24.0,"gold_loss":0.0,"damage_taken":0.0,"relics_obtained":["StoneCalendar"]},{"damage_healed":0,"gold_gain":0,"player_choice":"Ignored","damage_taken":0,"max_hp_gain":0,"max_hp_loss":0,"event_name":"Tomb of Lord Red Mask","floor":39,"gold_loss":0}],"is_beta":false,"boss_relics":[{"not_picked":["Snecko Eye","Black Star"],"picked":"Coffee Dripper"},{"not_picked":["SacredBark","Velvet Choker"],"picked":"Busted Crown"}],"items_purged_floors":[36,45],"is_endless":false,"potions_floor_spawned":[2,5,6,10,14,16,20,29,33,38,41],"killed_by":"Donu and Deca","ascension_level":4}}