{"host":"3mdjmozz5rahgtdc","time":1607785054,"event":{"mods":["AchievementEnabler","BaseMod","Better Silent Start","Better-Laid Plans","Colored Map","Colored Powertips","Custom Start","DeckTracker","KOR Keyword Fix","Minty Spire (QoL Compilation)","Permanent Neow","StSLib","SuperFastMode"],"gold_per_floor":[109,109,41,52,70,70,103,103,181,195,213,163,163,193,193,296,296,308,43,59,72,91,118,118,147,172,172,247,247,261,64,64,169,169,183,197,207,14,64,64,64,96,121,121,139,153,82,102,102,102],"floor_reached":51,"playtime":1967,"items_purged":["Doppelganger","All Out Attack","Setup"],"score":813,"play_id":"52c4a76b-be47-4f81-b756-1876bbe7069c","local_time":"20201212235734","is_ascension_mode":true,"campfire_choices":[{"data":"Infinite Blades","floor":6.0,"key":"SMITH"},{"data":"Blade Dance","floor":8.0,"key":"SMITH"},{"data":"Prepared","floor":13.0,"key":"SMITH"},{"data":"Finisher","floor":15.0,"key":"SMITH"},{"data":"Accuracy","floor":24,"key":"SMITH"},{"data":"A Thousand Cuts","floor":29,"key":"SMITH"},{"data":"Blade Dance","floor":32,"key":"SMITH"},{"data":"Phantasmal Killer","floor":40,"key":"SMITH"},{"data":"After Image","floor":44,"key":"SMITH"},{"data":"Calculated Gamble","floor":49,"key":"SMITH"}],"circlet_count":0,"master_deck":["Survivor","Neutralize","CurseOfTheBell","Infinite Blades+1","Blade Dance+1","Prepared+1","Finisher+1","After Image+1","Malaise","Malaise","Flechettes","Dodge and Roll","Backflip","Dagger Throw+1","Accuracy+1","Outmaneuver+1","Leg Sweep","Deflect+1","Blur","A Thousand Cuts+1","PiercingWail","Accuracy","Blade Dance+1","Phantasmal Killer+1","Blur","Acrobatics+1","Well Laid Plans","Well Laid Plans+1","Cloak And Dagger","Concentrate+1","Calculated Gamble+1"],"relics":["Calling Bell","Ancient Tea Set","Tough Bandages","Ninja Scroll","Toy Ornithopter","Pantograph","Strawberry","Pandora\u0027s Box","Chemical X","Bronze Scales","Lizard Tail","Blood Vial","Sozu","Ginger","White Beast Statue","Art of War"],"acts_visited":["Exordium","TheCity","TheBeyond"],"potions_floor_usage":[23,23,50],"damage_taken":[{"damage":0.0,"enemies":"Small Slimes","floor":1.0,"turns":3.0},{"damage":0.0,"enemies":"2 Louse","floor":4.0,"turns":4.0},{"damage":0.0,"enemies":"Cultist","floor":5.0,"turns":5.0},{"damage":35.0,"enemies":"Gremlin Nob","floor":7.0,"turns":6.0},{"damage":3.0,"enemies":"Lots of Slimes","floor":10.0,"turns":3.0},{"damage":0.0,"enemies":"Large Slime","floor":11.0,"turns":4.0},{"damage":0.0,"enemies":"3 Sentries","floor":14.0,"turns":6.0},{"damage":11.0,"enemies":"The Guardian","floor":16.0,"turns":10.0},{"damage":4.0,"enemies":"3 Byrds","floor":18.0,"turns":4.0},{"damage":4.0,"enemies":"2 Thieves","floor":20.0,"turns":3.0},{"damage":4.0,"enemies":"Snake Plant","floor":21.0,"turns":6.0},{"damage":0.0,"enemies":"3 Cultists","floor":22.0,"turns":4.0},{"damage":0,"enemies":"Slavers","floor":23,"turns":5},{"damage":10,"enemies":"Gremlin Leader","floor":25,"turns":6},{"damage":0,"enemies":"Centurion and Healer","floor":30,"turns":5},{"damage":5,"enemies":"Champ","floor":33,"turns":8},{"damage":48,"enemies":"3 Darklings","floor":35,"turns":4},{"damage":6,"enemies":"Orb Walker","floor":36,"turns":2},{"damage":5,"enemies":"3 Darklings","floor":37,"turns":3},{"damage":0,"enemies":"Mind Bloom Boss Battle","floor":39,"turns":7},{"damage":11,"enemies":"Reptomancer","floor":42,"turns":5},{"damage":15,"enemies":"Sphere and 2 Shapes","floor":45,"turns":3},{"damage":11,"enemies":"Transient","floor":46,"turns":5},{"damage":14,"enemies":"Jaw Worm Horde","floor":48,"turns":4},{"damage":16,"enemies":"Awakened One","floor":50,"turns":9}],"seed_played":"4132965527746433677","potions_obtained":[{"floor":1.0,"key":"DistilledChaos"},{"floor":7.0,"key":"Poison Potion"},{"floor":11.0,"key":"LiquidBronze"},{"floor":18.0,"key":"AttackPotion"},{"floor":20.0,"key":"Energy Potion"},{"floor":30,"key":"GamblersBrew"}],"is_trial":false,"path_per_floor":["M","?","$","M","M","R","E","R","T","M","M","?","R","E","R","B",null,"M","$","M","M","M","E","R","E","T","?","?","R","M","$","R","B",null,"M","M","M","$","?","R","?","E","T","R","M","M","$","M","R","B",null],"character_chosen":"THE_SILENT","items_purchased":["Infinite Blades","Chemical X","Accuracy","Accuracy","Blade Dance","Well Laid Plans","Calculated Gamble"],"campfire_rested":0,"item_purchase_floors":[3,19,19,31,31,38,47],"current_hp_per_floor":[70,75,75,75,75,75,40,40,40,37,37,37,37,49,49,63,82,78,78,74,70,70,80,80,70,70,54,46,46,48,48,48,70,87,39,35,32,32,59,59,59,50,50,50,37,28,28,16,16,32],"gold":102,"neow_bonus":"BOSS_RELIC","is_daily":false,"chose_seed":false,"campfire_upgraded":10,"win_rate":0.0,"timestamp":1607785054,"path_taken":["M","?","$","M","M","R","E","R","T","M","M","?","R","E","R","BOSS","M","$","M","M","M","E","R","E","T","?","?","R","M","$","R","BOSS","M","?","M","?","?","R","?","E","T","R","M","M","$","M","R","BOSS"],"items_purchased_type":["Card","Relic","Card","Card","Card","Card","Card"],"build_version":"2020-11-30","purchased_purges":3,"victory":true,"max_hp_per_floor":[70,75,75,75,75,75,75,75,75,75,75,75,75,82,82,82,82,82,82,82,82,82,82,82,82,82,87,87,87,87,87,87,87,87,87,87,87,87,87,87,83,83,83,83,83,83,83,83,83,83],"card_choices":[{"not_picked":["Deflect","PiercingWail","Sucker Punch"],"picked":"SKIP","floor":1.0},{"not_picked":["Deadly Poison","Slice","Expertise"],"picked":"SKIP","floor":4.0},{"not_picked":["PiercingWail","Flying Knee"],"picked":"All Out Attack","floor":5.0},{"not_picked":["Storm of Steel","Underhanded Strike"],"picked":"Blade Dance","floor":7.0},{"not_picked":["Deadly Poison","Bouncing Flask"],"picked":"Prepared","floor":10.0},{"not_picked":["Slice","Deflect","Distraction"],"picked":"SKIP","floor":11.0},{"not_picked":["Eviscerate","Infinite Blades"],"picked":"Finisher","floor":14.0},{"not_picked":["Malaise","Doppelganger"],"picked":"After Image","floor":16.0},{"not_picked":["Setup","Backflip"],"picked":"Dagger Throw+1","floor":18.0},{"not_picked":["Dagger Throw","Dash"],"picked":"Outmaneuver+1","floor":20.0},{"not_picked":["Catalyst","Sucker Punch"],"picked":"Leg Sweep","floor":21.0},{"not_picked":["Quick Slash","Dash+1"],"picked":"Deflect+1","floor":22.0},{"not_picked":["Blade Dance","Backflip+1"],"picked":"Blur","floor":23},{"not_picked":["Bane+1","Noxious Fumes"],"picked":"A Thousand Cuts","floor":25},{"not_picked":["Choke","Underhanded Strike"],"picked":"PiercingWail","floor":30},{"not_picked":["Corpse Explosion","Unload"],"picked":"Phantasmal Killer","floor":33},{"not_picked":["Slice","Sucker Punch"],"picked":"Blur","floor":35},{"not_picked":["Noxious Fumes","Heel Hook+1","Deflect+1"],"picked":"SKIP","floor":36},{"not_picked":["PiercingWail","Underhanded Strike"],"picked":"Acrobatics+1","floor":37},{"not_picked":["Distraction","Cloak And Dagger"],"picked":"Well Laid Plans+1","floor":39},{"not_picked":["Backflip","Riddle With Holes","Outmaneuver+1"],"picked":"SKIP","floor":42},{"not_picked":["Footwork","Dodge and Roll"],"picked":"Cloak And Dagger","floor":45},{"not_picked":["Backflip+1","Deflect+1"],"picked":"Concentrate+1","floor":46},{"not_picked":["Underhanded Strike+1","Dagger Throw","Blade Dance"],"picked":"SKIP","floor":48}],"player_experience":268890,"relics_obtained":[{"floor":0.0,"key":"Ancient Tea Set"},{"floor":0.0,"key":"Tough Bandages"},{"floor":0.0,"key":"Ninja Scroll"},{"floor":7.0,"key":"Toy Ornithopter"},{"floor":9.0,"key":"Pantograph"},{"floor":14.0,"key":"Strawberry"},{"floor":23,"key":"Bronze Scales"},{"floor":25,"key":"Lizard Tail"},{"floor":26,"key":"Blood Vial"},{"floor":39,"key":"Ginger"},{"floor":42,"key":"White Beast Statue"},{"floor":43,"key":"Art of War"}],"event_choices":[{"damage_healed":0.0,"max_hp_gain":5.0,"max_hp_loss":0.0,"gold_gain":0.0,"event_name":"Big Fish","player_choice":"Donut","floor":2.0,"gold_loss":0.0,"damage_taken":0.0},{"cards_removed":["Strike_G"],"damage_healed":0.0,"max_hp_gain":0.0,"max_hp_loss":0.0,"gold_gain":0.0,"event_name":"The Cleric","player_choice":"Card Removal","floor":12.0,"gold_loss":50.0,"damage_taken":0.0},{"damage_healed":0,"gold_gain":0,"player_choice":"Shed Blood","damage_taken":21,"max_hp_gain":5,"max_hp_loss":0,"event_name":"Forgotten Altar","floor":27,"gold_loss":0},{"damage_healed":0,"gold_gain":75,"player_choice":"Touch","damage_taken":8,"max_hp_gain":0,"max_hp_loss":0,"event_name":"FaceTrader","floor":28,"gold_loss":0},{"damage_healed":0,"gold_gain":0,"player_choice":"Fight","damage_taken":0,"max_hp_gain":0,"max_hp_loss":0,"event_name":"MindBloom","floor":39,"gold_loss":0},{"damage_healed":0,"gold_gain":0,"player_choice":"Max HP","damage_taken":0,"max_hp_gain":0,"max_hp_loss":4,"event_name":"Winding Halls","floor":41,"gold_loss":0}],"is_beta":false,"boss_relics":[{"not_picked":["Black Star","Cursed Key"],"picked":"Pandora\u0027s Box"},{"not_picked":["Fusion Hammer","Tiny House"],"picked":"Sozu"}],"items_purged_floors":[19,31,38],"is_endless":false,"potions_floor_spawned":[1,7,11,18,20,30,35,42,45,46,48],"ascension_level":1}}