{"host":"tmiksjdllv4oe9un","time":1607795747,"event":{"mods":["Act Like it!","BaseMod","Card Forge","Defuse TimeMaze Blight","Googly Eyes","Hallownest","Minty Spire (QoL Compilation)","Quick Restart","StSLib"],"gold_per_floor":[112,112,112,127,127,157,87,116,116,116,132,132,132],"floor_reached":12,"playtime":567,"items_purged":[],"score":86,"play_id":"b8887dfa-40a7-4537-9eae-6cb51f9ce627","local_time":"20201212125547","is_ascension_mode":false,"campfire_choices":[{"floor":10,"key":"REST"}],"circlet_count":1,"master_deck":["Strike_G","Strike_G","Strike_G","Strike_G","Strike_G","Defend_G","Defend_G","Defend_G","Defend_G","Defend_G","Survivor","Neutralize","Slice","Backstab+1","Backflip","Footwork"],"relics":["Ring of the Snake","Hammer of Thor","Seething Fire","Anvil of the Gods","Hallownest:DreamNailRelic","Circlet","Darkstone Periapt","Hallownest:StagBellRelic1","Regal Pillow","Lantern"],"acts_visited":["Hallownest:Greenpath"],"potions_floor_usage":[8,12,12],"damage_taken":[{"damage":9,"enemies":"Hallownest:2_Baldur","floor":1,"turns":3},{"damage":25,"enemies":"Hallownest:monsterHuskGuard","floor":4,"turns":4},{"damage":22,"enemies":"Hallownest:eliteMossKnight","floor":6,"turns":13},{"damage":19,"enemies":"Hallownest:eliteVengeflyKing","floor":8,"turns":6},{"damage":0,"enemies":"2_ Uuma","floor":11,"turns":5},{"damage":46,"enemies":"Hallownest:eliteMossKnight","floor":12,"turns":19}],"seed_played":"606249579488255310","potions_obtained":[{"floor":4,"key":"SneckoOil"},{"floor":6,"key":"DuplicationPotion"},{"floor":8,"key":"Fire Potion"}],"is_trial":false,"path_per_floor":["M","?","?","M","?","E","?","E","T","R","M","?"],"character_chosen":"THE_SILENT","items_purchased":[],"campfire_rested":1,"item_purchase_floors":[],"current_hp_per_floor":[68,68,68,43,43,21,21,2,2,40,40,0,0],"gold":132,"neow_bonus":"TEN_PERCENT_HP_BONUS","is_daily":false,"chose_seed":false,"campfire_upgraded":0,"win_rate":0.0,"timestamp":1607795747,"path_taken":["M","?","?","?","?","E","?","E","T","R","M","?"],"items_purchased_type":[],"build_version":"2020-11-30","purchased_purges":0,"victory":false,"max_hp_per_floor":[77,77,77,77,77,77,77,77,77,77,77,77,77],"card_choices":[{"not_picked":["Underhanded Strike","Well Laid Plans"],"picked":"Slice","floor":1},{"not_picked":["Expertise","Backflip"],"picked":"Backstab","floor":4},{"not_picked":["Leg Sweep","Sucker Punch"],"picked":"Backflip","floor":6},{"not_picked":["Flying Knee","Well Laid Plans"],"picked":"Footwork","floor":8},{"not_picked":["Slice","Poisoned Stab","Flying Knee"],"picked":"SKIP","floor":11}],"player_experience":0,"relics_obtained":[{"floor":6,"key":"Darkstone Periapt"},{"floor":8,"key":"Regal Pillow"},{"floor":9,"key":"Lantern"}],"event_choices":[],"is_beta":false,"boss_relics":[],"items_purged_floors":[],"is_endless":false,"potions_floor_spawned":[4,6,8],"killed_by":"Hallownest:eliteMossKnight","ascension_level":0}}