{"host":"ktoxvvst1mwxww91","time":1607784892,"event":{"mods":["BaseMod","Downfall","Hermit","Minty Spire (QoL Compilation)","StSLib","The Blackbeard","The Hierophant","The Mystic","The Necromancer"],"gold_per_floor":[112,112,130,130,55,55,86,86,113,113,113],"floor_reached":10,"playtime":285,"items_purged":["Strike_B"],"score":102,"play_id":"d023f903-6344-44b4-b5cf-2a56a87ac458","local_time":"20201212155452","is_ascension_mode":true,"campfire_choices":[{"data":"Capacitor","floor":6,"key":"SMITH"},{"floor":8,"key":"REST"}],"circlet_count":0,"master_deck":["AscendersBane","Strike_B","Strike_B","Defend_B","Defend_B+1","Defend_B","Defend_B","Zap+1","Dualcast","Clumsy","Capacitor+1","Glacier","Echo Form"],"relics":["Cracked Core","WingedGreaves","Akabeko","Pen Nib"],"acts_visited":["Exordium"],"potions_floor_usage":[7],"damage_taken":[{"damage":1,"enemies":"Cultist","floor":1,"turns":4},{"damage":7,"enemies":"Jaw Worm","floor":3,"turns":4},{"damage":23,"enemies":"3 Sentries","floor":7,"turns":11},{"damage":81,"enemies":"Gremlin Nob","floor":10,"turns":6}],"seed_played":"3654953960676017626","potions_obtained":[{"floor":3,"key":"Swift Potion"},{"floor":7,"key":"FearPotion"}],"is_trial":false,"path_per_floor":["M","?","M","?","$","R","E","R","T","E"],"character_chosen":"DEFECT","items_purchased":[],"campfire_rested":1,"item_purchase_floors":[],"current_hp_per_floor":[67,67,60,45,45,45,22,44,44,0,0],"gold":113,"neow_bonus":"ONE_RARE_RELIC","is_daily":false,"chose_seed":false,"campfire_upgraded":1,"win_rate":0.0,"timestamp":1607784892,"path_taken":["M","?","M","?","$","R","E","R","T","E"],"items_purchased_type":[],"build_version":"2020-11-30","purchased_purges":1,"victory":false,"max_hp_per_floor":[75,75,75,75,75,75,75,75,75,75,75],"card_choices":[{"not_picked":["Recycle","Ball Lightning"],"picked":"Capacitor","floor":1},{"not_picked":["Go for the Eyes","Steam"],"picked":"Glacier","floor":3},{"not_picked":["Conserve Battery","Go for the Eyes"],"picked":"Echo Form","floor":7}],"player_experience":1016922,"relics_obtained":[{"floor":7,"key":"Akabeko"},{"floor":9,"key":"Pen Nib"}],"event_choices":[{"cards_removed":["Strike_B"],"damage_healed":0,"gold_gain":0,"player_choice":"Forget","damage_taken":0,"max_hp_gain":0,"max_hp_loss":0,"event_name":"Living Wall","floor":2,"gold_loss":0},{"damage_healed":0,"gold_gain":0,"player_choice":"Entered Light","damage_taken":15,"max_hp_gain":0,"max_hp_loss":0,"event_name":"Shining Light","floor":4,"gold_loss":0,"cards_upgraded":["Defend_B","Zap"]}],"is_beta":false,"boss_relics":[],"items_purged_floors":[5],"is_endless":false,"potions_floor_spawned":[3,7],"killed_by":"Gremlin Nob","ascension_level":12}}