{"host":"4ag909k4xupnj24b","time":1607774980,"event":{"mods":["BaseMod","Minty Spire (QoL Compilation)","StSLib"],"gold_per_floor":[110,121,131,144,219,219,248,173,173,201,221,221,237,76,76,76,76],"floor_reached":16,"playtime":581,"items_purged":["Strike_B"],"score":299,"play_id":"44ef860c-c190-40e0-b100-dc9076bf81a5","local_time":"20201212040940","is_ascension_mode":true,"campfire_choices":[{"floor":6,"key":"REST"},{"floor":12,"key":"REST"},{"data":"Biased Cognition","floor":15,"key":"SMITH"}],"circlet_count":0,"master_deck":["AscendersBane","Strike_B","Strike_B","Strike_B","Defend_B","Defend_B","Defend_B","Defend_B","Zap","Dualcast","Cold Snap","Cold Snap","Ball Lightning","Blizzard","Biased Cognition+1","Glacier","Reboot","Barrage","Capacitor","Glacier"],"relics":["Philosopher\u0027s Stone","Symbiotic Virus","InkBottle","Omamori"],"acts_visited":[],"potions_floor_usage":[10,13],"damage_taken":[{"damage":5,"enemies":"Small Slimes","floor":1,"turns":4},{"damage":6,"enemies":"Jaw Worm","floor":2,"turns":4},{"damage":0,"enemies":"Cultist","floor":3,"turns":4},{"damage":17,"enemies":"3 Louse","floor":4,"turns":3},{"damage":27,"enemies":"Gremlin Nob","floor":7,"turns":4},{"damage":0,"enemies":"Lagavulin","floor":10,"turns":4},{"damage":17,"enemies":"Exordium Thugs","floor":11,"turns":3},{"damage":14,"enemies":"Blue Slaver","floor":13,"turns":3},{"damage":0,"enemies":"Slime Boss","floor":16,"turns":4}],"seed_played":"-5988746377665897975","potions_obtained":[{"floor":3,"key":"Fruit Juice"},{"floor":7,"key":"Fire Potion"},{"floor":10,"key":"FearPotion"},{"floor":13,"key":"EssenceOfSteel"}],"is_trial":false,"path_per_floor":["M","M","M","M","?","R","E","$","T","E","M","R","M","$","R","B"],"character_chosen":"DEFECT","items_purchased":["Capacitor","Glacier"],"campfire_rested":2,"item_purchase_floors":[14,14],"current_hp_per_floor":[63,57,57,40,29,51,24,24,24,24,7,29,15,15,15,15,15],"gold":76,"neow_bonus":"BOSS_RELIC","is_daily":false,"chose_seed":false,"campfire_upgraded":1,"win_rate":0.0,"timestamp":1607774980,"path_taken":["M","M","M","M","?","R","E","?","T","E","M","R","M","$","R","BOSS"],"items_purchased_type":["Card","Card"],"build_version":"2020-11-30","purchased_purges":1,"victory":false,"max_hp_per_floor":[75,75,75,75,75,75,75,75,75,75,75,75,75,75,75,75,75],"card_choices":[{"not_picked":["Streamline","Consume"],"picked":"Cold Snap","floor":1},{"not_picked":["Beam Cell","Undo"],"picked":"Cold Snap","floor":2},{"not_picked":["FTL","Hologram"],"picked":"Ball Lightning","floor":3},{"not_picked":["Hologram","Streamline"],"picked":"Blizzard","floor":4},{"not_picked":["Seek","Leap"],"picked":"Biased Cognition","floor":7},{"not_picked":["Gash","Turbo"],"picked":"Glacier","floor":10},{"not_picked":["Redo","Conserve Battery"],"picked":"Reboot","floor":11},{"not_picked":["Streamline","Go for the Eyes"],"picked":"Barrage","floor":13}],"player_experience":770974,"relics_obtained":[{"floor":7,"key":"Symbiotic Virus"},{"floor":9,"key":"InkBottle"},{"floor":10,"key":"Omamori"}],"event_choices":[{"damage_healed":0,"gold_gain":75,"player_choice":"Gather Gold","damage_taken":11,"max_hp_gain":0,"max_hp_loss":0,"event_name":"World of Goop","floor":5,"gold_loss":0}],"is_beta":false,"boss_relics":[],"items_purged_floors":[8],"is_endless":false,"potions_floor_spawned":[3,7,10,13],"killed_by":"Slime Boss","ascension_level":12}}