{"host":"n7mxhpjy89lltbhc","time":1607772039,"event":{"mods":["2.2 Compatiblity","Act Like it!","Bard","BaseMod","Better Match","Better Sensory Stone","Better Synergies","Better Third Choice","Better Vampires","BetterRewards","Challenge The Spire","Colored Map","Colored Powertips","Displayed Cursed Tome","Gensokyo","Hubris","Infinite Spire","Jedi Mod","Marisa????????","Marked Mod","Mimic Mod","Minty Spire (QoL Compilation)","Permanent Neow","Rare Cards Sparkle","Relic Sorter","Relic Stats","Replay The Spire","Shop Mod","Small Relic Pack","Spicy Shops","StSLib","Strawberry Spire","The Alterego","The Blue Laboratory","The Disciple","The Runesmith","The Servant 0.9.4","Uncapped","Waifu the Spire","Wandering Minibosses","vexMod","???????????mod"],"gold_per_floor":[119,44,64,80,80,80,20,48,72,96,96,111,140,38,38,175,175,188,288,288,359,0,64,64,93,127,157,157,185,198,223,223,470,470,501,501,501,541,581,643,701,701,701,701,650,685,872,29,29,110,110,110,0,49,65],"floor_reached":56,"playtime":2439,"items_purged":["Strike_S"],"score":2302,"play_id":"e49b17a9-e5ff-4f89-9b95-429da6c86916","local_time":"25631212182039","is_ascension_mode":true,"campfire_choices":[{"data":"Initiator","floor":6,"key":"SMITH"},{"data":"Duplication","floor":11,"key":"SMITH"},{"data":"DoubleEdge","floor":15,"key":"SMITH"},{"floor":24,"key":"REST"},{"data":"Spin","floor":28,"key":"SMITH"},{"data":"Unruled","floor":32,"key":"SMITH"},{"data":"infinitespire:DeathsTouch","floor":42,"key":"SMITH"},{"floor":49,"key":"RECALL"},{"data":"infinitespire:UltimateForm","floor":52,"key":"SMITH"}],"circlet_count":0,"master_deck":["AscendersBane","Strike_S","Strike_S","Strike_S","Defend_S+1","Defend_S","Defend_S","Defend_S","KidneyShot","Exchange","TimeTheft+1","Initiator+1","FanOfKnives+1","Duplication+1","Sabotage+1","DoubleEdge+1","Unruled+1","Dilation","GearUp+1","Mind Blast","Magnetism+1","Spin+1","InstantArmor+1","Rewind+1","Collapse","Misdirection+1","Barrier+1","wanderingMiniBosses:FinaleOfPromise+1","BottledTime+1","hubris:Rewind+1","PendulumOfEternity","CurseOfTheBell","Rearm+1","Rearm+1","infinitespire:DeathsTouch+1","TheWorld+1","infinitespire:UltimateForm+1","Unruled+1","GearUp+1","infinitespire:TheBestDefense+1","jedi:RedIncense+1","Solidify+1","ShiftingGears+1","Manipulate+1"],"relics":["Uniform","The Courier","NeowsBlessing","Ice Cream","Strawberry","vexMod:ConsolationPrize","hubris:Icosahedron","vexMod:MemoryStick","hubris:BlackHole","hubris:FunFungus","Smiling Mask","Runesmith:AutoHammer","Toxic Egg 2","Pondfish Scales","Replay:Mystery Machine","wanderingMiniBosses:Blackblade","Replay:Bandana","Calling Bell","jedi:cryingmask","hubris:Metronome","Gambling Chip","Mirror","Orichalcum","MawBank","PreservedInsect","hubris:Zylophone","Chemical X","Strange Spoon","Letter Opener","jedi:crownofsimplicity","Du-Vu Doll","Lantern"],"acts_visited":["Gensokyo:Gensokyo","Gensokyo:Gensokyoer","TheBeyond","TheEnding"],"potions_floor_usage":[8,23,23,33,47,55],"damage_taken":[{"damage":0,"enemies":"Gensokyo:2_Kodama","floor":1,"turns":1},{"damage":0,"enemies":"Gensokyo:Gryphon","floor":3,"turns":1},{"damage":0,"enemies":"Gensokyo:3_Fairies","floor":4,"turns":2},{"damage":10,"enemies":"Gensokyo:Mamizou","floor":8,"turns":8},{"damage":5,"enemies":"Gensokyo:Gryphon_and_Rabbit","floor":10,"turns":2},{"damage":0,"enemies":"Gensokyo:LivingMonolith","floor":12,"turns":2},{"damage":0,"enemies":"Gensokyo:Aya","floor":13,"turns":5},{"damage":35,"enemies":"Gensokyo:Yukari","floor":16,"turns":8},{"damage":0,"enemies":"Gensokyo:CosmicMonolith","floor":18,"turns":2},{"damage":0,"enemies":"Gensokyo:CosmicMonolith","floor":19,"turns":5},{"damage":58,"enemies":"Gensokyo:3_Dogs","floor":21,"turns":7},{"damage":31,"enemies":"Gensokyo:Tenshi","floor":23,"turns":3},{"damage":3,"enemies":"Gensokyo:Reisen","floor":25,"turns":3},{"damage":0,"enemies":"Gensokyo:Slime_Group","floor":26,"turns":4},{"damage":0,"enemies":"Gensokyo:Koishi","floor":27,"turns":2},{"damage":0,"enemies":"Gensokyo:Tenshi","floor":29,"turns":3},{"damage":0,"enemies":"Gensokyo:Slime_Group","floor":30,"turns":4},{"damage":0,"enemies":"Nightmare","floor":31,"turns":1},{"damage":116,"enemies":"Gensokyo:Eternal_Rivals","floor":33,"turns":13},{"damage":0,"enemies":"3 Shapes","floor":35,"turns":2},{"damage":0,"enemies":"3 Darklings","floor":38,"turns":2},{"damage":0,"enemies":"Writhing Mass","floor":39,"turns":2},{"damage":0,"enemies":"Nightmare","floor":40,"turns":2},{"damage":0,"enemies":"Giant Head","floor":41,"turns":3},{"damage":0,"enemies":"Spire Growth","floor":46,"turns":2},{"damage":0,"enemies":"infinitespire:Three Voidlings","floor":47,"turns":1},{"damage":57,"enemies":"Nightmare_Alpha","floor":47,"turns":5},{"damage":65,"enemies":"Time Eater","floor":50,"turns":6},{"damage":0,"enemies":"Shield and Spear","floor":54,"turns":1},{"damage":0,"enemies":"The Heart","floor":55,"turns":6}],"seed_played":"294703789553025974","potions_obtained":[{"floor":3,"key":"blueLaboratory:FruitPunch"},{"floor":4,"key":"blueLaboratory:EnragingPotion"},{"floor":8,"key":"BlessingOfTheForge"},{"floor":13,"key":"EssenceOfSteel"},{"floor":18,"key":"jedi:wingpotion"},{"floor":21,"key":"Strength Potion"},{"floor":23,"key":"blueLaboratory:BottleOfRum"},{"floor":33,"key":"blueLaboratory:ImpenetrablePotion"},{"floor":46,"key":"Toxic Potion"}],"is_trial":false,"path_per_floor":["M","?","M","M","?","R","$","E","T","M","R","M","E","$","R","B",null,"M","?","?","M","?","E","R","E","MIM","E","R","E","M","NM","R","B",null,"M","?","?","M","M","NM","E","R","T","AVR","$","M","?","$","R","B",null,"R","$","E","B",null],"character_chosen":"THE_SERVANT","items_purchased":["FanOfKnives+1","Unruled","PreservedInsect","jedi:RedIncense+1","Chemical X","Strange Spoon","Solidify+1","Letter Opener","jedi:crownofsimplicity","Du-Vu Doll","ShiftingGears+1","Manipulate+1"],"campfire_rested":1,"item_purchase_floors":[7,14,45,48,48,48,48,48,48,53,53,53],"current_hp_per_floor":[59,59,59,59,56,56,56,48,48,43,43,43,43,43,43,8,58,58,58,58,28,28,9,31,37,58,58,58,69,74,74,74,18,60,63,63,63,66,66,70,74,74,74,74,74,74,63,63,63,4,57,57,57,57,74],"gold":65,"neow_bonus":"THREE_ENEMY_KILL","is_daily":false,"chose_seed":false,"campfire_upgraded":7,"win_rate":0.0,"timestamp":1607772039,"path_taken":["M","?","?","?","?","R","$","E","T","M","R","?","E","$","R","BOSS","M","?","?","M","?","E","R","E","MIM","E","R","E","M","NM","R","BOSS","M","?","?","M","?","NM","E","R","T","AVR","?","?","?","$","R","BOSS","R","$","E","BOSS"],"items_purchased_type":["Card","Card","Relic","Card","Relic","Relic","Card","Relic","Relic","Relic","Card","Card"],"build_version":"2020-11-30","purchased_purges":1,"victory":true,"max_hp_per_floor":[65,65,65,65,72,72,72,74,74,74,74,74,74,74,74,74,74,74,74,74,74,74,74,74,74,74,74,74,74,74,74,74,74,74,74,74,74,74,74,74,74,74,74,74,74,74,74,74,74,74,74,74,74,74,74],"relic_stats":{"Strange Spoon":[13],"counters":[30,108],"Gambling Chip":[4],"PreservedInsect":202,"Chemical X":[7],"Letter Opener":[58],"Orichalcum":[12],"Smiling Mask":0,"MawBank":12,"obtain_stats":[{"Ice Cream":19,"vexMod:MemoryStick":9,"hubris:Metronome":34,"Lantern":54,"Uniform":0,"Replay:Mystery Machine":29,"Smiling Mask":23,"hubris:BlackHole":17,"Frozen Eye":27,"Replay:Bandana":31,"hubris:Icosahedron":36,"Strawberry":5,"Gambling Chip":34,"jedi:cryingmask":34,"hubris:FunFungus":19,"Chemical X":48,"Toxic Egg 2":26,"NeowsBlessing":0,"vexMod:ConsolationPrize":8,"The Courier":13,"PreservedInsect":45,"Letter Opener":48,"jedi:crownofsimplicity":48,"Orichalcum":41,"MawBank":44,"Calling Bell":34,"hubris:Zylophone":47,"Du-Vu Doll":53,"Strange Spoon":48,"Pondfish Scales":27,"wanderingMiniBosses:Blackblade":30,"Runesmith:AutoHammer":25,"Mirror":40},{"Ice Cream":10,"vexMod:MemoryStick":4,"hubris:Metronome":19,"Lantern":29,"Uniform":0,"Replay:Mystery Machine":16,"Smiling Mask":12,"hubris:BlackHole":8,"Frozen Eye":14,"Replay:Bandana":18,"hubris:Icosahedron":20,"Strawberry":3,"Gambling Chip":19,"jedi:cryingmask":19,"hubris:FunFungus":10,"Chemical X":27,"Toxic Egg 2":14,"NeowsBlessing":0,"vexMod:ConsolationPrize":4,"The Courier":7,"PreservedInsect":24,"Letter Opener":27,"jedi:crownofsimplicity":27,"Orichalcum":24,"MawBank":24,"Calling Bell":19,"hubris:Zylophone":27,"Du-Vu Doll":28,"Strange Spoon":27,"Pondfish Scales":15,"wanderingMiniBosses:Blackblade":17,"Runesmith:AutoHammer":13,"Mirror":23},{"Ice Cream":36,"vexMod:MemoryStick":12,"hubris:Metronome":76,"Lantern":102,"Uniform":0,"Replay:Mystery Machine":58,"Smiling Mask":46,"hubris:BlackHole":29,"Frozen Eye":53,"Replay:Bandana":63,"hubris:Icosahedron":78,"Strawberry":4,"Gambling Chip":76,"jedi:cryingmask":76,"hubris:FunFungus":36,"Chemical X":95,"Toxic Egg 2":53,"NeowsBlessing":0,"vexMod:ConsolationPrize":12,"The Courier":21,"PreservedInsect":87,"Letter Opener":95,"jedi:crownofsimplicity":95,"Orichalcum":87,"MawBank":87,"Calling Bell":76,"hubris:Zylophone":95,"Du-Vu Doll":101,"Strange Spoon":95,"Pondfish Scales":55,"wanderingMiniBosses:Blackblade":62,"Runesmith:AutoHammer":49,"Mirror":84}]},"card_choices":[{"not_picked":["FastForward","Revamp","Rewind"],"picked":"SKIP","floor":1},{"not_picked":["DancingSilver+1","Shuttle+1"],"picked":"TimeTheft+1","floor":2},{"not_picked":["Rewind","ShatteredReality"],"picked":"Initiator","floor":3},{"not_picked":["Advance","Replace","Alleviate"],"picked":"SKIP","floor":4},{"not_picked":["TimeWarp","Sabotage"],"picked":"Duplication","floor":8},{"not_picked":["Revamp","Potential","Rearm"],"picked":"SKIP","floor":10},{"not_picked":["WasteNot","Rearm"],"picked":"Sabotage","floor":12},{"not_picked":["Initiator","Desolation"],"picked":"DoubleEdge","floor":13},{"not_picked":["ForgedInTime","Duplication"],"picked":"Dilation","floor":16},{"not_picked":["FastForward","TimeTheft"],"picked":"GearUp","floor":18},{"not_picked":["Replay:Parry","Panache"],"picked":"Mind Blast","floor":20},{"not_picked":["strawberrySpire:NeglectedBlade","strawberrySpire:Neurons"],"picked":"Magnetism","floor":20},{"not_picked":["Rearm","BottledTime"],"picked":"Spin","floor":21},{"not_picked":["Luminosity","RealityMarble"],"picked":"InstantArmor","floor":23},{"not_picked":["TimeTheft+1","FloweringNight"],"picked":"Rewind+1","floor":25},{"not_picked":["ShatteredReality","DoubleEdge"],"picked":"Collapse","floor":26},{"not_picked":["ReturningBlade+1","TrueSight"],"picked":"Misdirection+1","floor":27},{"not_picked":["Replace+1","Luminosity"],"picked":"Barrier+1","floor":29},{"not_picked":[],"picked":"wanderingMiniBosses:FinaleOfPromise","floor":30},{"not_picked":["Defy+1","Revamp+1"],"picked":"BottledTime+1","floor":30},{"not_picked":["ReplayTheSpireMod:??????????????????????","infinitespire:FutureSight"],"picked":"hubris:Rewind","floor":31},{"not_picked":["ShatteredReality+1","DoubleEdge","RealityMarble"],"picked":"SKIP","floor":31},{"not_picked":["SilverMatrix","Sunlight"],"picked":"PendulumOfEternity","floor":33},{"not_picked":["FanOfKnives","Spin"],"picked":"Rearm+1","floor":35},{"not_picked":["ReturningBlade","Spin","Revamp+1"],"picked":"SKIP","floor":38},{"not_picked":["Unruled","Comet"],"picked":"Rearm+1","floor":39},{"not_picked":["infinitespire:Oblivion","infinitespire:Starlight"],"picked":"infinitespire:DeathsTouch","floor":40},{"not_picked":["Starlight","TimeTheft+1","BestPractice"],"picked":"SKIP","floor":40},{"not_picked":["FastForward+1","InstantArmor+1"],"picked":"TheWorld+1","floor":41},{"not_picked":["Alleviate+1","Revamp+1"],"picked":"Unruled+1","floor":46},{"not_picked":["Ricochet+1","Starlight+1"],"picked":"GearUp+1","floor":47},{"not_picked":["infinitespire:SevenWalls","ReplayTheSpireMod:??????????????????????"],"picked":"infinitespire:TheBestDefense","floor":47},{"not_picked":["Rearm+1","Replace+1","FastForward+1"],"picked":"SKIP","floor":54}],"player_experience":891881,"relics_obtained":[{"floor":8,"key":"vexMod:ConsolationPrize"},{"floor":9,"key":"vexMod:MemoryStick"},{"floor":13,"key":"The Courier"},{"floor":19,"key":"Ice Cream"},{"floor":19,"key":"hubris:FunFungus"},{"floor":23,"key":"Smiling Mask"},{"floor":25,"key":"Runesmith:AutoHammer"},{"floor":26,"key":"Toxic Egg 2"},{"floor":27,"key":"Pondfish Scales"},{"floor":29,"key":"Replay:Mystery Machine"},{"floor":30,"key":"wanderingMiniBosses:Blackblade"},{"floor":31,"key":"Replay:Bandana"},{"floor":34,"key":"jedi:cryingmask"},{"floor":34,"key":"hubris:Metronome"},{"floor":34,"key":"Gambling Chip"},{"floor":40,"key":"Mirror"},{"floor":41,"key":"Orichalcum"},{"floor":47,"key":"hubris:Zylophone"},{"floor":54,"key":"Lantern"}],"event_choices":[{"damage_healed":0,"gold_gain":0,"player_choice":"2","damage_taken":0,"max_hp_gain":0,"max_hp_loss":0,"event_name":"betterMatch:BetterMatch","floor":2,"gold_loss":0,"cards_obtained":["betterMatch:UncommonCard"]},{"damage_healed":0,"gold_gain":2,"player_choice":"1","damage_taken":0,"max_hp_gain":0,"max_hp_loss":0,"event_name":"betterStone:BetterStone","floor":20,"gold_loss":0},{"damage_healed":0,"gold_gain":0,"player_choice":"Upgraded","damage_taken":0,"max_hp_gain":0,"max_hp_loss":0,"event_name":"Upgrade Shrine","floor":37,"gold_loss":0,"cards_upgraded":["InstantArmor"]}],"is_beta":false,"boss_relics":[{"not_picked":["Honey Jar","Abe\u0027s Treasure"],"picked":"hubris:BlackHole"},{"not_picked":["Painkiller Herb","strawberrySpire:JuiceKeg"],"picked":"Calling Bell"}],"items_purged_floors":[14],"is_endless":false,"potions_floor_spawned":[3,4,8,13,18,21,23,25,29,33,38,46,47,54],"ascension_level":12}}