{"host":"j0a1jfichhxu8b8p","time":1607737461,"event":{"mods":["BaseMod","Colored Map","DeckTracker","Keyboard Shortcuts","Minty Spire (QoL Compilation)","Permanent Neow","everything is the same but u backflip on backflip"],"gold_per_floor":[118,135,150,150,160,186,36,36,60,70,90,15,15,48,48,122,122,141,158,158,158,158],"floor_reached":21,"playtime":970,"items_purged":["Strike_R"],"score":344,"play_id":"13954649-ea45-4610-8ac5-dd91c4d079c9","local_time":"20201212104421","is_ascension_mode":true,"campfire_choices":[{"data":"Shrug It Off","floor":8.0,"key":"SMITH"},{"data":"Body Slam","floor":13,"key":"SMITH"},{"data":"Demon Form","floor":15,"key":"SMITH"}],"circlet_count":0,"master_deck":["AscendersBane","Strike_R","Strike_R","Strike_R","Defend_R","Defend_R","Defend_R","Defend_R","Bash","Dramatic Entrance","Shrug It Off","Shockwave","Flex","Demon Form+1","Shrug It Off+1","Warcry","Thunderclap","Ghostly Armor","Feel No Pain","Body Slam+1","Seeing Red","Offering","Sword Boomerang","Body Slam"],"relics":["Black Blood","Potion Belt","Tiny Chest","Lantern"],"acts_visited":["Exordium","TheCity"],"potions_floor_usage":[14,14],"damage_taken":[{"damage":1.0,"enemies":"Cultist","floor":1.0,"turns":3.0},{"damage":0.0,"enemies":"Small Slimes","floor":2.0,"turns":2.0},{"damage":1.0,"enemies":"2 Louse","floor":3.0,"turns":2.0},{"damage":16.0,"enemies":"Red Slaver","floor":5.0,"turns":4.0},{"damage":12.0,"enemies":"Lagavulin","floor":6.0,"turns":6.0},{"damage":17,"enemies":"Exordium Thugs","floor":10,"turns":4},{"damage":3,"enemies":"Blue Slaver","floor":11,"turns":6},{"damage":19,"enemies":"Gremlin Nob","floor":14,"turns":5},{"damage":36,"enemies":"The Guardian","floor":16,"turns":9},{"damage":24,"enemies":"Chosen","floor":18,"turns":8},{"damage":23,"enemies":"3 Byrds","floor":19,"turns":5},{"damage":37,"enemies":"Centurion and Healer","floor":21,"turns":7}],"seed_played":"-3472964651504518570","potions_obtained":[{"floor":1.0,"key":"EssenceOfSteel"},{"floor":3.0,"key":"Ancient Potion"},{"floor":6.0,"key":"FearPotion"},{"floor":11,"key":"Energy Potion"},{"floor":18,"key":"CultistPotion"}],"is_trial":false,"path_per_floor":["M","M","M","?","M","E","$","R","T","M","M","?","R","E","R","B",null,"M","M","?","M"],"character_chosen":"IRONCLAD","items_purchased":["Ghostly Armor"],"campfire_rested":0,"item_purchase_floors":[7],"current_hp_per_floor":[73,75,75,75,65,59,59,59,59,48,51,51,51,38,38,8,58,46,35,35,0,0],"gold":158,"neow_bonus":"RANDOM_COLORLESS","is_daily":false,"chose_seed":false,"campfire_upgraded":3,"win_rate":0.0,"timestamp":1607737461,"path_taken":["M","M","?","?","?","E","$","R","T","M","M","?","R","E","R","BOSS","M","M","?","M"],"items_purchased_type":["Card"],"build_version":"2020-11-30","purchased_purges":1,"victory":false,"max_hp_per_floor":[75,75,75,75,75,75,75,75,75,75,75,75,75,75,75,75,75,75,75,75,75,75],"card_choices":[{"not_picked":["Swift Strike","Enlightenment"],"picked":"Dramatic Entrance","floor":0.0},{"not_picked":["Perfected Strike","Cleave"],"picked":"Shrug It Off","floor":1.0},{"not_picked":["Wild Strike","Sever Soul"],"picked":"Shockwave","floor":2.0},{"not_picked":["Berserk","Blood for Blood"],"picked":"Flex","floor":3.0},{"not_picked":["Infernal Blade","Havoc"],"picked":"Warcry","floor":5.0},{"not_picked":["Iron Wave","Warcry"],"picked":"Thunderclap","floor":6.0},{"not_picked":["Headbutt","Berserk"],"picked":"Feel No Pain","floor":10},{"not_picked":["Clothesline","Rupture"],"picked":"Body Slam","floor":11},{"not_picked":["Infernal Blade","Clash"],"picked":"Seeing Red","floor":14},{"not_picked":["Berserk","Juggernaut"],"picked":"Offering","floor":16},{"not_picked":["Metallicize","Carnage+1"],"picked":"Sword Boomerang","floor":18},{"not_picked":["Uppercut","True Grit"],"picked":"Body Slam","floor":19}],"player_experience":282770,"relics_obtained":[{"floor":6.0,"key":"Potion Belt"},{"floor":9.0,"key":"Tiny Chest"},{"floor":14,"key":"Lantern"}],"event_choices":[{"damage_healed":0.0,"max_hp_gain":0.0,"max_hp_loss":0.0,"gold_gain":0.0,"event_name":"Match and Keep!","player_choice":"2 cards matched","floor":4.0,"gold_loss":0.0,"damage_taken":0.0,"cards_obtained":["Demon Form","Shrug It Off"]},{"cards_removed":["Strike_R"],"damage_healed":0,"gold_gain":0,"player_choice":"Card Removal","damage_taken":0,"max_hp_gain":0,"max_hp_loss":0,"event_name":"The Cleric","floor":12,"gold_loss":75},{"damage_healed":0,"gold_gain":0,"player_choice":"Ignored","damage_taken":0,"max_hp_gain":0,"max_hp_loss":0,"event_name":"Ghosts","floor":20,"gold_loss":0}],"is_beta":false,"boss_relics":[{"not_picked":["Tiny House","Runic Pyramid"],"picked":"Black Blood"}],"items_purged_floors":[7],"is_endless":false,"potions_floor_spawned":[1,3,6,11,18],"killed_by":"Centurion and Healer","ascension_level":16}}