{"host":"jm9833yuloeli2yd","time":1607812546,"event":{"mods":["AchievementEnabler","BaseMod","Better Altar","Better Match","Better Note","Better Sensory Stone","Better Skull","Better Vampires","Colored Map","Colored Powertips","DeckTracker","Minty Spire (QoL Compilation)","Permanent Neow","Quick Restart","Replay The Spire","StSLib","SuperFastMode"],"gold_per_floor":[110,35,82,101,118,145,160,180,203,203,231,231,242,223,223,298,298,311,236,236,236,33,33,33],"floor_reached":23,"playtime":837,"items_purged":["Regret","Shame"],"score":352,"play_id":"dd0ee0a5-b561-4070-9020-5d15ba0e50c2","local_time":"20201212173546","is_ascension_mode":true,"campfire_choices":[{"floor":10.0,"key":"REST"},{"floor":15.0,"key":"REST"}],"circlet_count":0,"master_deck":["AscendersBane","Strike_G+1","Defend_G","Defend_G","Defend_G","Defend_G","Defend_G","Survivor","Neutralize+1","Venomology","Sucker Punch","Noxious Fumes","Cloak And Dagger","ReplayTheSpireMod:Scrap Shanks","After Image","Infinite Blades","ReplayTheSpireMod:Speed Training","Accuracy","PiercingWail","Wraith Form v2","Blade Dance","Writhe","Prepared","Infinite Blades"],"relics":["Ring of the Snake","Whetstone","Pondfish Scales","Centennial Puzzle","ReplayTheSpireMod:Lightbulb","Replay:Drink Me","Blood Vial","Garlic"],"acts_visited":["Exordium","TheCity"],"potions_floor_usage":[23,23],"damage_taken":[{"damage":18.0,"enemies":"Cultist","floor":1.0,"turns":5.0},{"damage":3.0,"enemies":"Jaw Worm","floor":4.0,"turns":5.0},{"damage":0.0,"enemies":"2 Louse","floor":5.0,"turns":3.0},{"damage":13.0,"enemies":"Lagavulin","floor":6.0,"turns":9.0},{"damage":0.0,"enemies":"Looter","floor":7.0,"turns":5.0},{"damage":3.0,"enemies":"3 Louse","floor":8.0,"turns":4.0},{"damage":14.0,"enemies":"3 Sentries","floor":11.0,"turns":7.0},{"damage":0.0,"enemies":"Large Slime","floor":13.0,"turns":6.0},{"damage":4.0,"enemies":"Exordium Thugs","floor":14.0,"turns":5.0},{"damage":6.0,"enemies":"Hexaghost","floor":16.0,"turns":13.0},{"damage":20.0,"enemies":"3 Byrds","floor":18.0,"turns":12.0},{"damage":43,"enemies":"Slavers","floor":23,"turns":4}],"seed_played":"2617994413349865395","potions_obtained":[{"floor":1.0,"key":"Fruit Juice"},{"floor":3.0,"key":"LiquidMemories"},{"floor":5.0,"key":"Flashbang"},{"floor":6.0,"key":"Poison Potion"},{"floor":13.0,"key":"Regen Potion"}],"is_trial":false,"path_per_floor":["M","$","?","M","M","E","M","M","T","R","E","?","M","M","R","B",null,"M","?","?","?","$","E"],"character_chosen":"THE_SILENT","items_purchased":["Prepared","Infinite Blades"],"campfire_rested":2,"item_purchase_floors":[22,22],"current_hp_per_floor":[41,41,20,17,17,4,4,1,1,22,8,8,8,19,40,34,49,29,29,29,29,29,0,0],"gold":33,"neow_bonus":"THREE_RARE_CARDS","is_daily":false,"chose_seed":false,"campfire_upgraded":0,"win_rate":0.0,"timestamp":1607812546,"path_taken":["M","$","?","M","M","E","M","M","T","R","E","?","M","M","R","BOSS","M","?","?","?","$","E"],"items_purchased_type":["Card","Card"],"build_version":"2020-11-30","purchased_purges":2,"victory":false,"max_hp_per_floor":[66,66,71,71,71,71,71,71,71,71,71,71,71,71,71,71,54,54,54,54,54,54,54,54],"card_choices":[{"not_picked":["Phantasmal Killer","Tools of the Trade"],"picked":"Venomology","floor":0.0},{"not_picked":["Hidden Blade","Blade Dance"],"picked":"Sucker Punch","floor":1.0},{"not_picked":["Backflip","Catalyst"],"picked":"Noxious Fumes","floor":3.0},{"not_picked":["Quick Slash","Sucker Punch"],"picked":"Cloak And Dagger","floor":4.0},{"not_picked":["Choke","ReplayTheSpireMod:Shiv Toss"],"picked":"ReplayTheSpireMod:Scrap Shanks","floor":5.0},{"not_picked":["Outmaneuver","Fluid Movement","Toxin Wave"],"picked":"SKIP","floor":6.0},{"not_picked":["Cloak And Dagger","Hidden Blade"],"picked":"After Image","floor":7.0},{"not_picked":["Dagger Spray","Dagger Throw"],"picked":"Infinite Blades","floor":8.0},{"not_picked":["Flying Knee","Sneak Up"],"picked":"ReplayTheSpireMod:Speed Training","floor":11.0},{"not_picked":["Riddle With Holes","Expertise"],"picked":"Accuracy","floor":13.0},{"not_picked":["Acrobatics","Deadly Poison"],"picked":"PiercingWail","floor":14.0},{"not_picked":["Die Die Die","Envenom"],"picked":"Wraith Form v2","floor":16.0},{"not_picked":["Acrobatics","Quick Slash"],"picked":"Blade Dance","floor":18.0}],"player_experience":1040849,"relics_obtained":[{"floor":3.0,"key":"Whetstone"},{"floor":6.0,"key":"Pondfish Scales"},{"floor":9.0,"key":"Centennial Puzzle"},{"floor":11.0,"key":"ReplayTheSpireMod:Lightbulb"}],"event_choices":[{"damage_healed":0.0,"max_hp_gain":0.0,"max_hp_loss":0.0,"gold_gain":0.0,"event_name":"Liars Game","player_choice":"Ignored","floor":12.0,"gold_loss":0.0,"damage_taken":0.0},{"cards_removed":["Strike_G"],"damage_healed":0.0,"max_hp_gain":0.0,"max_hp_loss":0.0,"gold_gain":0.0,"event_name":"Beggar","player_choice":"Gave Gold","floor":19.0,"gold_loss":75.0,"damage_taken":0.0},{"damage_healed":0.0,"max_hp_gain":0.0,"max_hp_loss":0.0,"gold_gain":0.0,"event_name":"Addict","player_choice":"Stole Relic","floor":20.0,"gold_loss":0.0,"damage_taken":0.0,"relics_obtained":["Blood Vial"],"cards_obtained":["Shame"]},{"damage_healed":0.0,"max_hp_gain":0.0,"max_hp_loss":0.0,"gold_gain":0.0,"event_name":"The Mausoleum","player_choice":"Opened","floor":21.0,"gold_loss":0.0,"damage_taken":0.0,"relics_obtained":["Garlic"],"cards_obtained":["Writhe"]}],"is_beta":false,"boss_relics":[{"not_picked":["Philosopher\u0027s Stone","SlaversCollar"],"picked":"Replay:Drink Me"}],"items_purged_floors":[2,22],"is_endless":false,"potions_floor_spawned":[1,5,6,13],"killed_by":"Slavers","ascension_level":15}}