{"host":"yassvrowvc2yfwp2","time":1607753258,"event":{"mods":["2.2 Compatiblity","Act Like it!","BaseMod","Better Note","Downfall","HololiveMod","Jorbs\u0027s Wanderer Trilogy","Minty Spire (QoL Compilation)","Prisma Mod","Rare Cards Sparkle","Reimu£®≤©¿ˆ¡È√Œ£©","Replay The Spire","Spicy Shops","StSLib","The Bug Knight","The Cursed","The Servant 0.9.4"],"gold_per_floor":[117,135,327,327,337,366,378,378,378],"floor_reached":8,"playtime":404,"items_purged":[],"score":61,"play_id":"242c912e-44c6-4301-9e37-9257fffa90cc","local_time":"20201212140738","daily_mods":["Vintage","ControlledChaos","Heirloom","Flight","DeadlyEvents","Cursed Run","Elite Swarm"],"is_ascension_mode":true,"campfire_choices":[],"circlet_count":0,"master_deck":["sneckomod:Strike","sneckomod:Strike","sneckomod:Strike","sneckomod:Defend","sneckomod:Defend","sneckomod:Defend+1","sneckomod:TailWhip","sneckomod:SnekBite","sneckomod:Unknown+1","sneckomod:Unknown","Regret","sneckomod:Unknown1Cost","sneckomod:UnknownRarePower"],"relics":["Cursed Key","Darkstone Periapt","Du-Vu Doll","Frozen Eye","Prayer Wheel","Replay:Rubber Ducky","Simple Rune","Pen Nib","Pondfish Scales","War Paint"],"acts_visited":["Exordium"],"potions_floor_usage":[],"damage_taken":[{"damage":4,"enemies":"Jaw Worm","floor":1,"turns":4},{"damage":0,"enemies":"2 Louse","floor":2,"turns":1},{"damage":2,"enemies":"Small Slimes","floor":5,"turns":2},{"damage":9,"enemies":"3 Sentries","floor":6,"turns":5},{"damage":2,"enemies":"3 Louse","floor":7,"turns":3},{"damage":2,"enemies":"Lagavulin","floor":8,"turns":5}],"seed_played":"4917545010199342916","potions_obtained":[{"floor":1,"key":"ColorlessPotion"},{"floor":5,"key":"SpeedPotion"}],"is_trial":true,"path_per_floor":["M","M","?","?","M","E","M","E"],"character_chosen":"THE_SNECKO","items_purchased":[],"campfire_rested":0,"item_purchase_floors":[],"current_hp_per_floor":[86,86,92,92,90,81,79,77,77],"gold":378,"neow_bonus":"","is_daily":false,"chose_seed":false,"campfire_upgraded":0,"win_rate":0.0,"timestamp":1607753258,"path_taken":["M","M","?","?","M","E","?","E"],"items_purchased_type":[],"build_version":"2020-11-30","purchased_purges":0,"victory":false,"max_hp_per_floor":[90,90,96,96,96,96,96,96,96],"card_choices":[{"not_picked":["sneckomod:UnknownClassCOLOR_ILLYA_PINK","sneckomod:QuickMove"],"picked":"sneckomod:Unknown1Cost","floor":3},{"not_picked":["sneckomod:UnknownRareAttack","sneckomod:UnknownRareSkill"],"picked":"sneckomod:UnknownRarePower","floor":6}],"player_experience":1904326,"relics_obtained":[{"floor":1,"key":"Replay:Rubber Ducky"},{"floor":2,"key":"Simple Rune"},{"floor":5,"key":"Pen Nib"},{"floor":6,"key":"Pondfish Scales"},{"floor":7,"key":"War Paint"}],"event_choices":[],"is_beta":false,"boss_relics":[],"items_purged_floors":[],"is_endless":false,"potions_floor_spawned":[1,5],"killed_by":"Lagavulin","ascension_level":1}}