{"host":"vibqkechdt2q5u53","time":1607785148,"event":{"mods":["2.2 Compatiblity","Act Like it!","Aspiration","BaseMod","Better Note","Challenge The Spire","Chen","Colored Map","Conspire","Decade(王小明)","Dio Mod","Dota2Spire","Gensokyo","GungeonMod","Hallownest","HololiveMod","KinomotoSakuraMod(木之本樱)","Koishi","KomeijiMod","LagranYue(拉格朗・月)","Lobotomy","LobotomyExtend","Luminous","Marisa（F雨　魔理沙）","Minty Spire (QoL Compilation)","Prisma Mod","Reimu（博丽灵梦）","Remilia（蕾米莉亚）","Replay The Spire","RumiaBox-露米娅的神秘盒子","Spicy Shops","StSLib","The Bug Knight","The Poker Player","WarShipGirlsR/战舰少女R mod","Youmu（魂魄妖梦）","[IsaacMod]以撒尖塔","vexMod","【东方二次创作】八云紫mod"],"gold_per_floor":[117,133,133,144,69,83,116,106,183,236,236,236,249,299,299,454,454,464,475,875,467,482,482,514,526,526,0,52,52,92,126,126,249,249,265,276,251,142,142,142,177,177,177,177,177,212,59,49,49,148,148],"floor_reached":52,"playtime":4303,"items_purged":["Hallownest:curseDreamersLament"],"score":1072,"play_id":"9f792a83-8139-482c-86e2-9962408a934b","local_time":"20201212225907","is_ascension_mode":false,"campfire_choices":[{"data":"BettingIsNotGood","floor":11,"key":"SMITH"},{"data":"AlertArray:ReiMu","floor":15,"key":"SMITH"},{"data":"Conquer:ReiMu","floor":23,"key":"SMITH"},{"data":"PrepareRite:ReiMu","floor":29,"key":"SMITH"},{"data":"LovePray:ReiMu","floor":32,"key":"SMITH"},{"data":"NB:ReiMu","floor":40,"key":"SMITH"},{"data":"OrbThrow:ReiMu","floor":44,"key":"SMITH"}],"circlet_count":0,"master_deck":["Strike_Lin:ReiMu+1","Strike_Lin:ReiMu+1","Strike_Lin:ReiMu+1","Strike_Lin:ReiMu+1","Defend_Lin:ReiMu","Defend_Lin:ReiMu","Defend_Lin:ReiMu+1","Defend_Lin:ReiMu","NB:ReiMu+1","Stagnation:ReiMu","BettingIsNotGood+1","BlastKick2:ReiMu+1","AirStrike:ReiMu+1","AirStrike:ReiMu+1","OrbThrow:ReiMu+1","SpreadBorder2:ReiMu","SpreadBorder2:ReiMu","FantasyMoon:ReiMu+1","AlertArray:ReiMu+1","CleanRite:ReiMu+1","Conquer:ReiMu+1","FantasyMoon:ReiMu+1","OrbThrow:ReiMu","LovePray:ReiMu+1","PrepareRite:ReiMu+1","Mountainwind:ReiMu","KamiRite:ReiMu+1","ForcedLanding:ReiMu+1","Gensokyo:ImpossibleRequest","YinYangSange:ReiMu+1","FoulBorder2:ReiMu+1","AirManeuver:ReiMu+1","Dreaming:ReiMu+1"],"relics":["FlyPower:ReiMu","HushsDoor","PunchingBag","LagranYue:RandomDrawCardRelic","LetterFromLob","Hallownest:BankAccountRelic","Golden Egg","GodSword6","SoulBox","HollowMod:JonisBlessing","Sling","Dota2Spire:BladeMail","ReplayTheSpireMod:Shallot","Ice Cream","WingedGreaves","CrazyTorch:ReiMu","Cursed Key","Oddly Smooth Stone","Replay:Baseball","conspire:TopHat","vexMod:ScavengeHelm","Hallownest:BeastSealRelic","Blue Doll","vexMod:PaidLearning"],"acts_visited":["Hallownest:Greenpath","Gensokyo:Gensokyoer","Hallownest:KingdomsEdge"],"potions_floor_usage":[6,13,14,28,50,50],"damage_taken":[{"damage":12,"enemies":"Hallownest:2_Baldur","floor":1,"turns":7},{"damage":0,"enemies":"Hallownest:2_Tiktiks_and_1_Crawlid","floor":2,"turns":4},{"damage":6,"enemies":"Hallownest:monsterHuskGuard","floor":4,"turns":4},{"damage":16,"enemies":"Hallownest:1_Ooma_and_2_Uuma","floor":6,"turns":7},{"damage":3,"enemies":"Hallownest:eliteVengeflyKing","floor":7,"turns":5},{"damage":0,"enemies":"Hallownest:monsterMossCharger","floor":13,"turns":5},{"damage":21,"enemies":"Hallownest:eliteMossKnight","floor":14,"turns":11},{"damage":47,"enemies":"Hallownest:BossBrokenVessel","floor":16,"turns":13},{"damage":11,"enemies":"Gensokyo:Chomper","floor":18,"turns":5},{"damage":14,"enemies":"Gensokyo:CosmicMonolith","floor":19,"turns":6},{"damage":4,"enemies":"Gensokyo:Slime_Group","floor":22,"turns":5},{"damage":0,"enemies":"Gensokyo:Reisen","floor":24,"turns":5},{"damage":0,"enemies":"Gensokyo:3_Gloops","floor":25,"turns":5},{"damage":0,"enemies":"Gensokyo:Koishi","floor":28,"turns":7},{"damage":0,"enemies":"Gensokyo:Tenshi","floor":31,"turns":7},{"damage":9,"enemies":"Gensokyo:Kaguya","floor":33,"turns":14},{"damage":0,"enemies":"Hallownest:Shield_Heavy","floor":35,"turns":5},{"damage":0,"enemies":"Hallownest:3_Siblings","floor":36,"turns":8},{"damage":0,"enemies":"Hallownest:StalkingDevout","floor":41,"turns":4},{"damage":0,"enemies":"Hallownest:eliteHiveKnight","floor":46,"turns":5},{"damage":22,"enemies":"Hallownest:BossGreyPrinceZote","floor":50,"turns":11}],"seed_played":"-2175023119926622114","potions_obtained":[{"floor":4,"key":"ColorlessPotion"},{"floor":13,"key":"Dota2Spire:HealingSalve"},{"floor":22,"key":"Elixir"},{"floor":24,"key":"Swift Potion"},{"floor":33,"key":"Regen Potion"},{"floor":35,"key":"DemoMod:LeadSkinPotion"},{"floor":41,"key":"SteroidPotion"}],"is_trial":false,"path_per_floor":["M","M","?","M","?","M","E","$","T","?","R","?","M","E","R","B",null,"M","M","?","$","M","R","E","M","T","?","E","R","$","E","R","B",null,"M","M","?","$","?","R","E","R","T","R","?","E","$","$","R_BF","B",null,null],"character_chosen":"REIMU","items_purchased":["Dota2Spire:HealingSalve","HollowMod:JonisBlessing","Sling","Dota2Spire:BladeMail","Replay:Baseball","FoulBorder2:ReiMu+1","vexMod:PaidLearning","AirManeuver:ReiMu+1"],"campfire_rested":0,"item_purchase_floors":[8,21,21,21,38,47,47,48],"current_hp_per_floor":[53,58,49,48,48,32,29,29,29,29,29,29,46,49,49,8,65,57,48,48,48,44,44,44,44,44,44,44,44,44,44,44,35,65,65,65,65,65,65,65,65,65,65,65,65,65,65,65,65,43,43],"gold":148,"neow_bonus":"ONE_RANDOM_RARE_CARD","is_daily":false,"chose_seed":false,"campfire_upgraded":7,"win_rate":0.0,"timestamp":1607785147,"path_taken":["M","M","?","?","?","M","E","$","T","?","R","?","M","E","R","BOSS","M","?","?","$","M","R","E","M","T","?","E","R","$","E","R","BOSS","M","?","?","$","?","R","E","R","T","R","?","E","$","$","R_BF","BOSS"],"items_purchased_type":["Potion","Relic","Relic","Relic","Relic","Card","Relic","Card"],"build_version":"2020-11-30","purchased_purges":1,"victory":true,"max_hp_per_floor":[65,65,65,65,65,65,65,65,65,65,65,65,65,65,65,65,65,65,65,65,65,65,65,65,65,65,65,65,65,65,65,65,65,65,65,65,65,65,65,65,65,65,65,65,65,65,65,65,65,65,65],"card_choices":[{"not_picked":[],"picked":"BettingIsNotGood","floor":0},{"not_picked":["RainPray2:ReiMu","Amulet:ReiMu"],"picked":"AirStrike:ReiMu","floor":1},{"not_picked":["Enchanting:ReiMu","PassingAway:ReiMu"],"picked":"AirStrike:ReiMu","floor":2},{"not_picked":["SpringWay:ReiMu","CareerPray:ReiMu"],"picked":"OrbThrow:ReiMu","floor":4},{"not_picked":["EmergencyTakeOff:ReiMu","SubcavityInstant:ReiMu"],"picked":"SpreadBorder2:ReiMu","floor":6},{"not_picked":["FantasyBorder:ReiMu","TightArray:ReiMu"],"picked":"SpreadBorder2:ReiMu","floor":7},{"not_picked":["Amulet:ReiMu","Conquer:ReiMu"],"picked":"FantasyMoon:ReiMu","floor":13},{"not_picked":["SpreadBorder2:ReiMu","ShadowOfCrow2:ReiMu"],"picked":"AlertArray:ReiMu","floor":14},{"not_picked":["Shading:ReiMu","CeremonyResonance:ReiMu"],"picked":"CleanRite:ReiMu","floor":16},{"not_picked":["CareerPray:ReiMu","AirStrike:ReiMu"],"picked":"Conquer:ReiMu","floor":18},{"not_picked":["TakeOff:ReiMu","SpreadBorder2:ReiMu+1"],"picked":"FantasyMoon:ReiMu","floor":19},{"not_picked":["Amulet:ReiMu","SpreadBorder2:ReiMu+1"],"picked":"OrbThrow:ReiMu","floor":22},{"not_picked":["Conquer:ReiMu","Dreaming:ReiMu"],"picked":"LovePray:ReiMu","floor":24},{"not_picked":["SubcavityInstant:ReiMu","Crusade:ReiMu","Conquer:ReiMu"],"picked":"SKIP","floor":25},{"not_picked":["PhosphorusFlame:ReiMu+1","TightArray:ReiMu"],"picked":"PrepareRite:ReiMu","floor":28},{"not_picked":["FantasyBorder:ReiMu","SpringWay:ReiMu"],"picked":"Mountainwind:ReiMu","floor":31},{"not_picked":["RunawayExorcism:ReiMu","SubcavityFantasy:ReiMu"],"picked":"KamiRite:ReiMu","floor":33},{"not_picked":["YinYangSign:ReiMu+1","AirStrike:ReiMu","SpringWay:ReiMu+1"],"picked":"SKIP","floor":35},{"not_picked":["SpringWay:ReiMu","Intuition:ReiMu"],"picked":"ForcedLanding:ReiMu+1","floor":36},{"not_picked":["CeremonyResonance:ReiMu","SpringWay:ReiMu+1","AirStrike:ReiMu"],"picked":"SKIP","floor":41},{"not_picked":["FantasyMoon:ReiMu","EmergencyTakeOff:ReiMu"],"picked":"YinYangSange:ReiMu+1","floor":46},{"not_picked":["HakureiPhantom:ReiMu","OctopathSalyBorderN:ReiMu"],"picked":"Dreaming:ReiMu","floor":50}],"player_experience":202984,"relics_obtained":[{"floor":1,"key":"LetterFromLob"},{"floor":7,"key":"Leech"},{"floor":9,"key":"Golden Egg"},{"floor":14,"key":"GodSword6"},{"floor":24,"key":"ReplayTheSpireMod:Shallot"},{"floor":26,"key":"Ice Cream"},{"floor":28,"key":"WingedGreaves"},{"floor":31,"key":"CrazyTorch:ReiMu"},{"floor":41,"key":"conspire:TopHat"},{"floor":43,"key":"vexMod:ScavengeHelm"},{"floor":46,"key":"Blue Doll"}],"event_choices":[],"is_beta":false,"boss_relics":[{"not_picked":["ChampionBelt","aspiration:SecretTechniqueScroll"],"picked":"SoulBox"},{"not_picked":[]},{"not_picked":["Tiny House","EasyGame_NEW"],"picked":"Cursed Key"},{"not_picked":[]}],"items_purged_floors":[47],"is_endless":false,"potions_floor_spawned":[4,13,22,24,33,35,41],"ascension_level":0}}