{"host":"mcdusr64esz012l0","time":1607794660,"event":{"mods":["BaseMod","Minty Spire (QoL Compilation)","Relic Stats"],"gold_per_floor":[110,110,129,144,65,65,100,100,100,100,100,119,148,158,158,232,232,252,272,187,187,187,187,218,218,218,218,228,228,228],"floor_reached":29,"playtime":812,"items_purged":[],"score":506,"play_id":"332b8959-1562-47e0-9ccc-1470145fcdb0","local_time":"20201212123740","is_ascension_mode":true,"campfire_choices":[{"floor":6,"key":"REST"},{"floor":8,"key":"REST"},{"floor":10,"key":"REST"},{"floor":15,"key":"REST"},{"data":"Rupture","floor":23,"key":"SMITH"},{"floor":27,"key":"REST"}],"circlet_count":0,"master_deck":["AscendersBane","Strike_R","Strike_R","Strike_R","Defend_R","Defend_R","Defend_R","Defend_R","Bash","Pummel","Combust","Battle Trance","Hemokinesis","Hemokinesis","Rupture+1","Sword Boomerang","Corruption","Anger","Shrug It Off","Limit Break","Heavy Blade","Shame","Shrug It Off"],"relics":["Runic Pyramid","Pantograph","Bronze Scales","Regal Pillow","Cursed Key","Lantern","Art of War"],"acts_visited":["Exordium","TheCity"],"potions_floor_usage":[16,19,24,25,29],"damage_taken":[{"damage":12,"enemies":"Jaw Worm","floor":1,"turns":2},{"damage":6,"enemies":"Cultist","floor":3,"turns":3},{"damage":11,"enemies":"2 Louse","floor":4,"turns":3},{"damage":37,"enemies":"Gremlin Nob","floor":7,"turns":4},{"damage":9,"enemies":"Red Slaver","floor":12,"turns":3},{"damage":44,"enemies":"3 Sentries","floor":13,"turns":7},{"damage":14,"enemies":"Large Slime","floor":14,"turns":4},{"damage":33,"enemies":"Slime Boss","floor":16,"turns":7},{"damage":4,"enemies":"Chosen","floor":18,"turns":3},{"damage":5,"enemies":"Spheric Guardian","floor":19,"turns":3},{"damage":45,"enemies":"Slavers","floor":24,"turns":5},{"damage":0,"enemies":"3 Cultists","floor":25,"turns":1},{"damage":8,"enemies":"Snecko","floor":28,"turns":3},{"damage":47,"enemies":"Book of Stabbing","floor":29,"turns":3}],"seed_played":"-7642235835438789184","potions_obtained":[{"floor":1,"key":"ElixirPotion"},{"floor":7,"key":"ElixirPotion"},{"floor":14,"key":"PowerPotion"},{"floor":16,"key":"Strength Potion"},{"floor":18,"key":"Weak Potion"},{"floor":19,"key":"Energy Potion"},{"floor":24,"key":"SmokeBomb"}],"is_trial":false,"path_per_floor":["M","?","M","M","$","R","E","R","T","R","?","M","E","M","R","B",null,"M","M","?","?","?","R","E","M","T","R","M","E"],"character_chosen":"IRONCLAD","items_purchased":["Hemokinesis"],"campfire_rested":5,"item_purchase_floors":[5],"current_hp_per_floor":[56,56,50,39,39,61,24,46,46,68,68,59,15,1,38,30,64,60,55,55,55,55,55,10,10,10,47,39,0,0],"gold":228,"neow_bonus":"BOSS_RELIC","is_daily":false,"chose_seed":false,"campfire_upgraded":1,"win_rate":0.0,"timestamp":1607794660,"path_taken":["M","?","M","M","$","R","E","R","T","R","?","?","E","M","R","BOSS","M","M","?","?","?","R","E","M","T","R","M","E"],"items_purchased_type":["Card"],"build_version":"2020-11-30","purchased_purges":0,"victory":false,"max_hp_per_floor":[75,75,75,75,75,75,75,75,75,75,75,75,75,75,75,75,75,75,75,75,75,75,75,75,75,75,75,75,75,75],"relic_stats":{"Regal Pillow":30,"counters":[14,51],"Pantograph":25,"Bronze Scales":[71],"Art of War":[1],"Cursed Key":1,"obtain_stats":[{"Regal Pillow":13,"Lantern":20,"Pantograph":7,"Bronze Scales":9,"Art of War":24,"Cursed Key":17,"Burning Blood":0,"Runic Pyramid":0},{"Regal Pillow":6,"Lantern":10,"Pantograph":4,"Bronze Scales":4,"Art of War":11,"Cursed Key":8,"Burning Blood":0,"Runic Pyramid":0},{"Regal Pillow":22,"Lantern":39,"Pantograph":12,"Bronze Scales":12,"Art of War":44,"Cursed Key":33,"Burning Blood":0,"Runic Pyramid":0}]},"card_choices":[{"not_picked":["Twin Strike","Wild Strike"],"picked":"Pummel","floor":1},{"not_picked":["Seeing Red","Cleave"],"picked":"Combust","floor":3},{"not_picked":["Intimidate","True Grit"],"picked":"Battle Trance","floor":4},{"not_picked":["Power Through","Bloodletting"],"picked":"Hemokinesis","floor":7},{"not_picked":["Warcry","Clothesline","Twin Strike"],"picked":"SKIP","floor":12},{"not_picked":["Bloodletting","Clothesline"],"picked":"Rupture","floor":13},{"not_picked":["Rage","Heavy Blade"],"picked":"Sword Boomerang","floor":14},{"not_picked":["Barricade","Berserk"],"picked":"Corruption","floor":16},{"not_picked":["Armaments","Body Slam"],"picked":"Anger","floor":18},{"not_picked":["Havoc","Warcry"],"picked":"Shrug It Off","floor":19},{"not_picked":["Entrench","Perfected Strike"],"picked":"Heavy Blade","floor":24},{"not_picked":["Hemokinesis","Clothesline"],"picked":"Shrug It Off","floor":28}],"player_experience":982827,"relics_obtained":[{"floor":7,"key":"Pantograph"},{"floor":9,"key":"Bronze Scales"},{"floor":13,"key":"Regal Pillow"},{"floor":24,"key":"Art of War"}],"event_choices":[{"cards_removed":["Strike_R"],"damage_healed":0,"gold_gain":0,"player_choice":"Forget","damage_taken":0,"max_hp_gain":0,"max_hp_loss":0,"event_name":"Living Wall","floor":2,"gold_loss":0},{"cards_removed":["Strike_R"],"damage_healed":0,"gold_gain":0,"player_choice":"Offered Basic","damage_taken":0,"max_hp_gain":0,"max_hp_loss":0,"event_name":"Bonfire Elementals","floor":11,"gold_loss":0},{"damage_healed":0,"gold_gain":0,"player_choice":"Obtained Relic","damage_taken":0,"relics_obtained":["Lantern"],"max_hp_gain":0,"max_hp_loss":0,"event_name":"Addict","floor":20,"gold_loss":85},{"damage_healed":0,"gold_gain":0,"player_choice":"Ignored","damage_taken":0,"max_hp_gain":0,"max_hp_loss":0,"event_name":"The Mausoleum","floor":21,"gold_loss":0},{"damage_healed":0,"gold_gain":0,"player_choice":"Read","damage_taken":0,"max_hp_gain":0,"max_hp_loss":0,"event_name":"The Library","floor":22,"gold_loss":0,"cards_obtained":["Limit Break"]}],"is_beta":false,"boss_relics":[{"not_picked":["Sozu","Coffee Dripper"],"picked":"Cursed Key"}],"items_purged_floors":[],"is_endless":false,"potions_floor_spawned":[1,7,14,16,18,19,24],"killed_by":"Book of Stabbing","ascension_level":20}}