{"host":"y0fby0q96ywik4sv","time":1607794488,"event":{"mods":["2.2 Compatiblity","BaseMod","Colored Map","Custom Start","DeckTracker","Highlight Path","Keyboard Shortcuts","Minty Spire (QoL Compilation)","Permanent Neow","Quick Restart","StSLib","SuperFastMode","everything is the same but u backflip on backflip"],"gold_per_floor":[113,113,140,157,157,157,8,35,35,35,46,46,78,89,89,89,89],"floor_reached":16,"playtime":301,"items_purged":[],"score":178,"play_id":"6fbb743c-fe00-411a-b602-a14b5b31989f","local_time":"20201213023448","is_ascension_mode":true,"campfire_choices":[{"data":"Corruption","floor":6.0,"key":"SMITH"},{"data":"Offering","floor":10.0,"key":"SMITH"},{"data":"Warcry","floor":12.0,"key":"SMITH"},{"data":"Body Slam","floor":15,"key":"SMITH"}],"circlet_count":0,"master_deck":["AscendersBane","Strike_R","Strike_R","Strike_R","Strike_R","Defend_R","Defend_R","Defend_R","Defend_R","Bash","Corruption+1","Sever Soul+1","Warcry+1","Offering+1","Flex","Ghostly Armor","Body Slam+1"],"relics":["Burning Blood","Nunchaku","Omamori","Tiny Chest","Frozen Egg 2","Blue Candle"],"acts_visited":["Exordium"],"potions_floor_usage":[14],"damage_taken":[{"damage":6.0,"enemies":"Cultist","floor":1.0,"turns":4.0},{"damage":7.0,"enemies":"Jaw Worm","floor":4.0,"turns":3.0},{"damage":35.0,"enemies":"Lagavulin","floor":8.0,"turns":5.0},{"damage":0.0,"enemies":"Small Slimes","floor":11.0,"turns":3.0},{"damage":41,"enemies":"3 Sentries","floor":13,"turns":7},{"damage":7,"enemies":"Red Slaver","floor":14,"turns":3},{"damage":6,"enemies":"Slime Boss","floor":16,"turns":3}],"seed_played":"-5984340060816455901","potions_obtained":[{"floor":1.0,"key":"AttackPotion"},{"floor":8.0,"key":"BlessingOfTheForge"},{"floor":13,"key":"Energy Potion"}],"is_trial":false,"path_per_floor":["M","?","T","M","?","R","$","E","T","R","M","R","E","M","R","B"],"character_chosen":"IRONCLAD","items_purchased":["Omamori"],"campfire_rested":0,"item_purchase_floors":[7],"current_hp_per_floor":[72,72,72,71,71,71,71,42,42,42,48,48,13,12,12,6,6],"gold":89,"neow_bonus":"ONE_RANDOM_RARE_CARD","is_daily":false,"chose_seed":false,"campfire_upgraded":4,"win_rate":0.0,"timestamp":1607794488,"path_taken":["M","?","?","?","?","R","$","E","T","R","M","R","E","?","R","BOSS"],"items_purchased_type":["Relic"],"build_version":"2020-11-30","purchased_purges":0,"victory":false,"max_hp_per_floor":[80,80,80,80,80,80,80,80,80,80,80,80,80,80,80,80,80],"card_choices":[{"not_picked":["Combust","Searing Blow"],"picked":"Sever Soul","floor":1.0},{"not_picked":["Sword Boomerang","Cleave","Twin Strike"],"picked":"SKIP","floor":4.0},{"not_picked":["Feel No Pain","Carnage"],"picked":"Offering","floor":8.0},{"not_picked":["Dropkick","Iron Wave"],"picked":"Flex","floor":11.0},{"not_picked":["Havoc","Flex"],"picked":"Ghostly Armor","floor":13},{"not_picked":["Pummel","Heavy Blade"],"picked":"Body Slam","floor":14}],"player_experience":163973,"relics_obtained":[{"floor":3.0,"key":"Nunchaku"},{"floor":8.0,"key":"Tiny Chest"},{"floor":9.0,"key":"Frozen Egg 2"},{"floor":13,"key":"Blue Candle"}],"event_choices":[{"damage_healed":0.0,"max_hp_gain":0.0,"max_hp_loss":0.0,"gold_gain":0.0,"event_name":"Living Wall","player_choice":"Grow","floor":2.0,"gold_loss":0.0,"damage_taken":0.0,"cards_upgraded":["Sever Soul"]},{"damage_healed":0.0,"max_hp_gain":0.0,"max_hp_loss":0.0,"gold_gain":0.0,"cards_transformed":["Strike_R"],"event_name":"Transmorgrifier","player_choice":"Transformed","floor":5.0,"gold_loss":0.0,"damage_taken":0.0,"cards_obtained":["Warcry"]}],"is_beta":false,"boss_relics":[],"items_purged_floors":[],"is_endless":false,"potions_floor_spawned":[1,8,13],"killed_by":"Slime Boss","ascension_level":13}}