{"host":"hqvh779b89tfrjxy","time":1607735467,"event":{"mods":["Act Like it!","BaseMod","Better Third Choice","Downfall","Elementarium","Filter the Spire","GifTheSpireLib","Marked Mod","Minty Spire (QoL Compilation)","Replay The Spire","Spicy Shops","StSLib"],"gold_per_floor":[209,209,220,170,170,201,213,113,136,136,136,161,177,29,29,130,130,150,164,164,164,164],"floor_reached":21,"playtime":701,"items_purged":["Strike_P"],"score":243,"play_id":"d44a82fa-a98e-4d21-90ad-6553825f8c7c","local_time":"20201212021107","is_ascension_mode":true,"campfire_choices":[{"floor":11.0,"key":"REST"},{"data":"PathToVictory","floor":15,"key":"SMITH"}],"circlet_count":0,"master_deck":["Strike_P","Strike_P+1","Defend_P+1","Defend_P","Defend_P","Defend_P","Eruption","BowlingBash","FollowUp","SashWhip","BowlingBash","PathToVictory+1","Vault","ThirdEye+1","MarkedMod:GracefulMovements"],"relics":["PureWater","Pet Ghost","Art of War","Boot","Oddly Smooth Stone","Sozu"],"acts_visited":["Exordium","Elementarium:Elementarium"],"potions_floor_usage":[16,21],"damage_taken":[{"damage":0.0,"enemies":"2 Louse","floor":1.0,"turns":1.0},{"damage":0.0,"enemies":"Small Slimes","floor":3.0,"turns":1.0},{"damage":28.0,"enemies":"Gremlin Nob","floor":6.0,"turns":5.0},{"damage":2.0,"enemies":"Jaw Worm","floor":7.0,"turns":2.0},{"damage":10.0,"enemies":"Lagavulin","floor":12.0,"turns":4.0},{"damage":0.0,"enemies":"3 Louse","floor":13.0,"turns":2.0},{"damage":20,"enemies":"Slime Boss","floor":16,"turns":8},{"damage":0,"enemies":"Elementarium:VoidCorruption","floor":18,"turns":4},{"damage":7,"enemies":"Elementarium:Cyclone","floor":19,"turns":6},{"damage":12,"enemies":"Elementarium:STONE_GOLEMS","floor":21,"turns":3}],"seed_played":"368163314163421438","potions_obtained":[{"floor":3.0,"key":"Block Potion"},{"floor":6.0,"key":"SkillPotion"},{"floor":13.0,"key":"FearPotion"},{"floor":16,"key":"Adrenaline Potion"}],"is_trial":false,"path_per_floor":["M","?","M","?","?","E","M","$","T","?","R","E","M","$","R","B",null,"M","M","?","M"],"character_chosen":"WATCHER","items_purchased":["PathToVictory","Oddly Smooth Stone"],"campfire_rested":1,"item_purchase_floors":[8,14],"current_hp_per_floor":[65,51,51,51,51,23,21,21,21,21,42,32,32,32,32,12,57,57,50,50,38,38],"gold":164,"neow_bonus":"HUNDRED_GOLD","is_daily":false,"chose_seed":false,"campfire_upgraded":1,"win_rate":0.0,"timestamp":1607735467,"path_taken":["M","?","M","?","?","E","M","?","T","?","R","E","M","$","R","BOSS","M","M","?","?"],"items_purchased_type":["Card","Relic"],"build_version":"2020-11-30","purchased_purges":1,"victory":false,"max_hp_per_floor":[72,72,72,72,72,72,72,72,72,72,72,72,72,72,72,72,72,72,72,72,72,72],"card_choices":[{"not_picked":["MarkedMod:GentlePulse","DeceiveReality"],"picked":"BowlingBash","floor":1.0},{"not_picked":["Replay:DivineShield","Prostrate"],"picked":"FollowUp","floor":3.0},{"not_picked":["Evaluate","ClearTheMind"],"picked":"SashWhip","floor":6.0},{"not_picked":["ClearTheMind","BowlingBash","FlurryOfBlows"],"picked":"SKIP","floor":7.0},{"not_picked":["ClearTheMind","FlurryOfBlows"],"picked":"BowlingBash","floor":7.0},{"not_picked":["MentalFortress","ForeignInfluence","Omniscience"],"picked":"SKIP","floor":12.0},{"not_picked":["Evaluate","Replay:BluntJabs","Vengeance"],"picked":"SKIP","floor":13.0},{"not_picked":["MarkedMod:SlowDance","MasterReality"],"picked":"Vault","floor":16},{"not_picked":["LikeWater","FlurryOfBlows","Worship"],"picked":"SKIP","floor":18},{"not_picked":["CutThroughFate","SandsOfTime+1"],"picked":"ThirdEye+1","floor":19}],"player_experience":124978,"relics_obtained":[{"floor":6.0,"key":"Pet Ghost"},{"floor":9.0,"key":"Art of War"},{"floor":12.0,"key":"Boot"}],"event_choices":[{"damage_healed":65.0,"max_hp_gain":0.0,"max_hp_loss":72.0,"gold_gain":0.0,"event_name":"betterThird:BetterShining","player_choice":"Upgrade","floor":2.0,"gold_loss":0.0,"damage_taken":14.0,"cards_upgraded":["Strike_P","Defend_P"]},{"cards_removed":["Strike_P"],"damage_healed":0.0,"max_hp_gain":0.0,"max_hp_loss":0.0,"gold_gain":0.0,"event_name":"The Cleric","player_choice":"Card Removal","floor":4.0,"gold_loss":50.0,"damage_taken":0.0},{"cards_removed":["Vigilance"],"damage_healed":0.0,"max_hp_gain":0.0,"max_hp_loss":0.0,"gold_gain":0.0,"event_name":"Purifier","player_choice":"Purged","floor":10.0,"gold_loss":0.0,"damage_taken":0.0},{"damage_healed":0,"gold_gain":0,"player_choice":"Read","damage_taken":0,"max_hp_gain":0,"max_hp_loss":0,"event_name":"Elementarium:LostScrolls","floor":20,"gold_loss":0,"cards_obtained":["MarkedMod:GracefulMovements"]}],"is_beta":false,"boss_relics":[{"not_picked":["Snecko Eye","Honey Jar"],"picked":"Sozu"}],"items_purged_floors":[8],"is_endless":false,"potions_floor_spawned":[3,6,13,16],"killed_by":"Elementarium:STONE_GOLEMS","ascension_level":6}}