{"host":"ktoxvvst1mwxww91","time":1607799389,"event":{"mods":["BaseMod","Downfall","Hermit","Minty Spire (QoL Compilation)","StSLib","The Blackbeard","The Hierophant","The Mystic","The Necromancer"],"gold_per_floor":[112,112,112,62,82,116,116,116,116,116,116,126,138,166,166,268,268,287,132,232,206,106,106,106],"floor_reached":23,"playtime":843,"items_purged":["Zap","Strike_B"],"score":315,"play_id":"2baa46bd-64ec-4b64-acf6-ffcd9bfe1a6c","local_time":"20201212195629","is_ascension_mode":true,"campfire_choices":[{"floor":7.0,"key":"REST"},{"data":"Coolheaded","floor":11.0,"key":"SMITH"},{"data":"Loop","floor":15,"key":"SMITH"}],"circlet_count":0,"master_deck":["AscendersBane","Strike_B","Strike_B","Defend_B","Defend_B+1","Defend_B","Defend_B","Seek","Cold Snap+1","Coolheaded+1","Self Repair","Blizzard","Loop+1","Seek","Undo","Capacitor","Defragment"],"relics":["Cracked Core","Boot","Darkstone Periapt","Blood Vial","Cursed Key"],"acts_visited":["Exordium","TheCity"],"potions_floor_usage":[14,14],"damage_taken":[{"damage":5.0,"enemies":"2 Louse","floor":1.0,"turns":3.0},{"damage":0.0,"enemies":"Jaw Worm","floor":5.0,"turns":4.0},{"damage":34.0,"enemies":"Gremlin Nob","floor":6.0,"turns":5.0},{"damage":0.0,"enemies":"Small Slimes","floor":12.0,"turns":3.0},{"damage":7.0,"enemies":"Red Slaver","floor":13.0,"turns":4.0},{"damage":2,"enemies":"3 Sentries","floor":14,"turns":9},{"damage":46,"enemies":"The Guardian","floor":16,"turns":18},{"damage":18,"enemies":"Chosen","floor":18,"turns":10},{"damage":15,"enemies":"2 Thieves","floor":21,"turns":5},{"damage":66,"enemies":"Slavers","floor":23,"turns":4}],"seed_played":"-5134680086124582387","potions_obtained":[{"floor":1.0,"key":"SpeedPotion"},{"floor":5.0,"key":"Explosive Potion"},{"floor":12.0,"key":"Swift Potion"}],"is_trial":false,"path_per_floor":["M","?","?","?","M","E","R","?","T","?","R","M","M","E","R","B",null,"M","$","?","M","$","E"],"character_chosen":"DEFECT","items_purchased":["Capacitor"],"campfire_rested":1,"item_purchase_floors":[19],"current_hp_per_floor":[63,48,41,41,41,7,29,54,54,54,54,54,54,59,59,22,62,53,53,53,47,47,0,0],"gold":106,"neow_bonus":"ONE_RANDOM_RARE_CARD","is_daily":false,"chose_seed":false,"campfire_upgraded":2,"win_rate":0.0,"timestamp":1607799389,"path_taken":["M","?","?","?","M","E","R","?","T","?","R","?","M","E","R","BOSS","M","$","?","?","$","E"],"items_purchased_type":["Card"],"build_version":"2020-11-30","purchased_purges":2,"victory":false,"max_hp_per_floor":[75,75,75,75,75,75,75,75,75,75,75,75,75,75,75,75,75,75,75,75,75,75,75,75],"card_choices":[{"not_picked":["Darkness","Skim"],"picked":"Cold Snap","floor":1.0},{"not_picked":["Redo","Sweeping Beam","Aggregate"],"picked":"SKIP","floor":5.0},{"not_picked":["Turbo","Machine Learning"],"picked":"Coolheaded","floor":6.0},{"not_picked":["Sunder","Steam"],"picked":"Self Repair","floor":12.0},{"not_picked":["Leap","Recycle"],"picked":"Blizzard","floor":13.0},{"not_picked":["Thunder Strike","Auto Shields"],"picked":"Loop","floor":14},{"not_picked":["Thunder Strike","Rainbow"],"picked":"Seek","floor":16},{"not_picked":["Leap","Stack"],"picked":"Undo","floor":18},{"not_picked":["Capacitor","Blizzard"],"picked":"Defragment","floor":21}],"player_experience":1019380,"relics_obtained":[{"floor":6.0,"key":"Boot"},{"floor":9.0,"key":"Darkstone Periapt"},{"floor":14,"key":"Blood Vial"}],"event_choices":[{"damage_healed":0.0,"max_hp_gain":0.0,"max_hp_loss":0.0,"gold_gain":0.0,"event_name":"Shining Light","player_choice":"Entered Light","floor":2.0,"gold_loss":0.0,"damage_taken":15.0,"cards_upgraded":["Cold Snap","Defend_B"]},{"cards_removed":["Strike_B"],"damage_healed":0.0,"max_hp_gain":0.0,"max_hp_loss":0.0,"gold_gain":0.0,"event_name":"Golden Wing","player_choice":"Card Removal","floor":3.0,"gold_loss":0.0,"damage_taken":7.0},{"cards_removed":["Dualcast"],"damage_healed":0.0,"max_hp_gain":0.0,"max_hp_loss":0.0,"gold_gain":0.0,"event_name":"The Cleric","player_choice":"Card Removal","floor":4.0,"gold_loss":50.0,"damage_taken":0.0},{"damage_healed":25.0,"max_hp_gain":0.0,"max_hp_loss":0.0,"gold_gain":0.0,"event_name":"Big Fish","player_choice":"Banana","floor":8.0,"gold_loss":0.0,"damage_taken":0.0},{"damage_healed":0.0,"max_hp_gain":0.0,"max_hp_loss":0.0,"gold_gain":0.0,"event_name":"Match and Keep!","player_choice":"0 cards matched","floor":10.0,"gold_loss":0.0,"damage_taken":0.0,"cards_obtained":[]},{"damage_healed":0,"gold_gain":100,"player_choice":"Pray","damage_taken":0,"max_hp_gain":0,"max_hp_loss":0,"event_name":"Golden Shrine","floor":20,"gold_loss":0}],"is_beta":false,"boss_relics":[{"not_picked":["Philosopher\u0027s Stone","Empty Cage"],"picked":"Cursed Key"}],"items_purged_floors":[19,22],"is_endless":false,"potions_floor_spawned":[1,5,12],"killed_by":"Slavers","ascension_level":12}}