{"host":"ftc0tgnuzn0d2s6e","time":1607785843,"event":{"mods":["Act Like it!","Ascension Reborn","BaseMod","CapriCore","Colored Powertips","Conspire","Downfall","Gensokyo","GifTheSpireLib","KinomotoSakuraMod(Ä¾Ö®±¾Ó£)","Lobotomy","LobotomyExtend","Marisa£¨ìFÓê¡¡Ä§ÀíÉ³£©","Minty Spire (QoL Compilation)","Quick Restart","Reimu£¨²©ÀöÁéÃÎ£©","Replay The Spire","Shop Mod","StSLib","TestMod","The Administrix","The Animator","The Immortal","The Jungle","The Servant 0.9.4","vexMod"],"gold_per_floor":[122,140,620,638,657,657,692,692,692,692,692,705,705,719,719,834,834,834,834],"floor_reached":18,"playtime":428,"items_purged":[],"score":187,"play_id":"54846b7d-aae0-4cc6-80db-c8d5238cc730","local_time":"20201212231043","is_ascension_mode":true,"campfire_choices":[{"data":"Clash","floor":6,"key":"SMITH"},{"floor":8,"key":"RECALL"},{"data":"1","floor":10,"key":"LIFT"},{"data":"2","floor":13,"key":"LIFT"},{"data":"3","floor":15,"key":"LIFT"}],"circlet_count":0,"master_deck":["Strike_R+1","Strike_R+1","Strike_R+1","Strike_R+1","Strike_R+1","Defend_R+1","Defend_R+1","Defend_R+1","Defend_R+1","Bash+1","LongBird","Clash+1","OSAHOGD","Scorched","PunishingBird"],"relics":["Burning Blood","testmod-Prudence","CogitoBucket","RabbitCall","LetterFromLob","testmod-Maize","Girya","testmod-Justice","BackwardClock","vexMod:RedPlottingStone","Mark of Pain","InspiredRelic"],"acts_visited":["Exordium","Gensokyo:Gensokyo"],"potions_floor_usage":[],"damage_taken":[{"damage":0,"enemies":"Gensokyo:2_Kodama","floor":1,"turns":2},{"damage":0,"enemies":"Gensokyo:Gryphon","floor":2,"turns":2},{"damage":0,"enemies":"Gensokyo:Python","floor":4,"turns":2},{"damage":8,"enemies":"Gensokyo:Gryphon_and_Rabbit","floor":5,"turns":3},{"damage":0,"enemies":"Gensokyo:Mamizou","floor":7,"turns":3},{"damage":16,"enemies":"Gensokyo:Python_and_Kodama","floor":12,"turns":4},{"damage":0,"enemies":"Gensokyo:LivingMonolith","floor":14,"turns":2},{"damage":19,"enemies":"Gensokyo:Kokoro","floor":16,"turns":5}],"seed_played":"452549132687784056","potions_obtained":[{"floor":1,"key":"Languid Potion"},{"floor":2,"key":"Languid Potion"},{"floor":5,"key":"FearPotion"},{"floor":14,"key":"Adrenaline Potion"},{"floor":16,"key":"testmod-EscapePotion"}],"is_trial":false,"path_per_floor":["M","M","?","M","M","R","E","R","T","R","?","M","R","M","R","B",null,"M"],"character_chosen":"IRONCLAD","items_purchased":[],"campfire_rested":0,"item_purchase_floors":[],"current_hp_per_floor":[85,85,85,85,85,85,85,85,85,85,85,77,77,85,85,81,90,0,0],"gold":834,"neow_bonus":"","is_daily":false,"chose_seed":false,"campfire_upgraded":1,"win_rate":0.0,"timestamp":1607785843,"path_taken":["M","M","?","M","M","R","E","R","T","R","?","M","R","M","R","BOSS","M"],"items_purchased_type":[],"build_version":"2020-11-30","purchased_purges":0,"victory":false,"max_hp_per_floor":[85,85,85,85,85,85,85,85,85,85,85,85,85,85,85,90,90,90,90],"card_choices":[{"not_picked":["BeautyBeast","QueenBee","Scarecrow"],"picked":"Singing Bowl","floor":1},{"not_picked":["Flame Barrier","Headbutt","ReplayTheSpireMod:Strike From Hell"],"picked":"SKIP","floor":1},{"not_picked":["LittlePrince","OldLady"],"picked":"LongBird","floor":2},{"not_picked":["Searing Blow","Thunderclap"],"picked":"Clash","floor":2},{"not_picked":["LittlePrince","PunishingBird"],"picked":"OSAHOGD","floor":4},{"not_picked":["Flex","Blood for Blood","Perfected Strike"],"picked":"SKIP","floor":4},{"not_picked":["ShyLook","BigBadWolf","Woodsman"],"picked":"Singing Bowl","floor":5},{"not_picked":["BigBird","LittleHelper"],"picked":"Scorched","floor":5},{"not_picked":["Perfected Strike","Feel No Pain","Anger"],"picked":"SKIP","floor":5},{"not_picked":["OldLady","SpiderBud","QueenBee"],"picked":"Singing Bowl","floor":7},{"not_picked":["Bludgeon","Body Slam","Iron Wave"],"picked":"SKIP","floor":7},{"not_picked":["MHz","Wellcheers","CrumblingArmor"],"picked":"Singing Bowl","floor":12},{"not_picked":["FieryBird","Murderer"],"picked":"PunishingBird","floor":12},{"not_picked":["Perfected Strike","Armaments","conspire:ExplosiveBarrier"],"picked":"SKIP","floor":12},{"not_picked":["WallGazer","BlackSwan","Murderer"],"picked":"Singing Bowl","floor":14},{"not_picked":["Perfected Strike","ReplayTheSpireMod:Corrosion Curse","Intimidate"],"picked":"SKIP","floor":14},{"not_picked":["WhitesApple","SpiderBud","Bloodbath"],"picked":"Singing Bowl","floor":16}],"player_experience":171904,"relics_obtained":[{"floor":1,"key":"LetterFromLob"},{"floor":7,"key":"testmod-Maize"},{"floor":9,"key":"Girya"},{"floor":9,"key":"testmod-Justice"},{"floor":16,"key":"vexMod:RedPlottingStone"}],"event_choices":[{"damage_healed":0,"gold_gain":400,"player_choice":"Sell","damage_taken":0,"max_hp_gain":0,"max_hp_loss":0,"event_name":"¶÷ÂåË¹µÄÅÌ×Ó","floor":3,"relics_lost":["testmod-TestBox"],"gold_loss":0}],"is_beta":false,"boss_relics":[{"not_picked":["Philosopher\u0027s Stone","Snecko Eye"],"picked":"Mark of Pain"}],"items_purged_floors":[],"is_endless":false,"potions_floor_spawned":[4,14],"ascension_level":0}}