{"host":"7k2a2omxz3voj5ax","time":1607790501,"event":{"mods":["BaseMod","Marisa£¨ìFÓê¡¡Ä§ÀíÉ³£©","Minty Spire (QoL Compilation)","Quick Restart","Spicy Shops","StSLib","Starting Relic: Pandora\u0027s Box","óô»ðÖ¸ÄÏ"],"gold_per_floor":[115,115,132,1646,1646,1675,1385,1415,1415,1036,1065,695,706,720,620,717,717,734,734,453,469,487,62,90,90,117,117,148,164,164,164,164,262,262,280,0,12,12,22,50,18,47,93,122,122,135,153,179,119,119,119,119,0,31,31],"floor_reached":56,"playtime":1981,"items_purged":["Dualcast","Rebound","Reinforced Body","Sunder","Streamline+1","Blizzard+1","Undo+1"],"score":2255,"play_id":"e937def3-cbe1-4351-92d6-42faf51da006","local_time":"20201213012821","is_ascension_mode":true,"campfire_choices":[{"data":"Thunder Strike","floor":25.0,"key":"SMITH"},{"floor":32.0,"key":"RECALL"},{"data":"Storm","floor":52,"key":"SMITH"}],"circlet_count":0,"master_deck":["Zap+1","Defragment+1","Loop+1","Heatsinks+1","Storm+1","Biased Cognition+1","Skim+1","Capacitor+1","Core Surge","Coolheaded+1","Defragment+1","Defragment+1","EarthLightRay+1","Thunder Strike+1","Singularity+1","Omniscience+1","Consume+1"],"relics":["Astrolabe","Membership Card","Runic Capacitor","Lantern","Bag of Marbles","WingedGreaves","Toxic Egg 2","TheAbacus","The Courier","Incense Burner","Frozen Egg 2","Omamori","PrismaticShard","Sundial","Whetstone","Blue Candle","War Paint","Nuclear Battery","Vajra","DollysMirror","Oddly Smooth Stone","Cables","Medical Kit","Mummified Hand","Ancient Tea Set","DataDisk","MealTicket","Happy Flower","Darkstone Periapt","Black Star","Red Mask","Art of War","Regal Pillow","Meat on the Bone","Bag of Preparation","Anchor","Singing Bowl","Kunai","Bottled Tornado","Letter Opener","Lizard Tail","Orrery","Calipers","Thread and Needle","Du-Vu Doll"],"acts_visited":["Exordium","TheCity","TheBeyond","TheEnding"],"potions_floor_usage":[39,55,55,55,55],"damage_taken":[{"damage":18.0,"enemies":"Small Slimes","floor":1.0,"turns":2.0},{"damage":12.0,"enemies":"Jaw Worm","floor":3.0,"turns":3.0},{"damage":17.0,"enemies":"3 Sentries","floor":6.0,"turns":5.0},{"damage":12.0,"enemies":"Gremlin Nob","floor":8.0,"turns":3.0},{"damage":0.0,"enemies":"3 Sentries","floor":11.0,"turns":5.0},{"damage":0.0,"enemies":"Cultist","floor":13.0,"turns":2.0},{"damage":0.0,"enemies":"Looter","floor":14.0,"turns":1.0},{"damage":0.0,"enemies":"The Guardian","floor":16.0,"turns":3.0},{"damage":2.0,"enemies":"3 Byrds","floor":18.0,"turns":2.0},{"damage":0.0,"enemies":"Spheric Guardian","floor":21.0,"turns":1.0},{"damage":0.0,"enemies":"Snecko","floor":22.0,"turns":1.0},{"damage":0.0,"enemies":"Book of Stabbing","floor":24.0,"turns":1.0},{"damage":0.0,"enemies":"Slavers","floor":28.0,"turns":1.0},{"damage":0.0,"enemies":"Snake Plant","floor":29.0,"turns":2.0},{"damage":0.0,"enemies":"Champ","floor":33.0,"turns":1.0},{"damage":0.0,"enemies":"Orb Walker","floor":35.0,"turns":1.0},{"damage":0.0,"enemies":"3 Darklings","floor":37.0,"turns":1.0},{"damage":0,"enemies":"4 Shapes","floor":39,"turns":1},{"damage":0,"enemies":"Giant Head","floor":40,"turns":2},{"damage":0,"enemies":"Reptomancer","floor":42,"turns":1},{"damage":0,"enemies":"Giant Head","floor":44,"turns":1},{"damage":0,"enemies":"Maw","floor":46,"turns":1},{"damage":0,"enemies":"Jaw Worm Horde","floor":47,"turns":1},{"damage":0,"enemies":"Reptomancer","floor":48,"turns":2},{"damage":0,"enemies":"Awakened One","floor":50,"turns":2},{"damage":0,"enemies":"Shield and Spear","floor":54,"turns":1},{"damage":0,"enemies":"The Heart","floor":55,"turns":3}],"seed_played":"5558970994307725127","potions_obtained":[{"floor":3.0,"key":"Energy Potion"},{"floor":6.0,"key":"SpeedPotion"},{"floor":11.0,"key":"AttackPotion"},{"floor":14.0,"key":"SpeedPotion"},{"floor":24.0,"key":"FairyPotion"},{"floor":35.0,"key":"PowerPotion"},{"floor":46,"key":"EntropicBrew"},{"floor":54,"key":"SkillPotion"}],"is_trial":false,"path_per_floor":["M","?","M","$","?","E","R","E","T","R","E","R","M","M","R","B",null,"M","?","$","M","M","R","E","R","T","?","E","M","?","T","R","B",null,"M","?","M","?","M","E","R","E","T","E","T","M","M","E","R","B",null,"R","$","E","B",null],"character_chosen":"DEFECT","items_purchased":["Heatsinks","Membership Card","Runic Capacitor","Lantern","Bag of Marbles","Toxic Egg 2","Storm","TheAbacus","Frozen Egg 2","Omamori","PrismaticShard","Sundial","Skim+1","Capacitor+1","Blue Candle","War Paint","Defragment+1","Vajra","DollysMirror","Oddly Smooth Stone","Cables","Medical Kit","Mummified Hand","Thunder Strike","Ancient Tea Set","DataDisk","Consume+1","Orrery","Calipers"],"campfire_rested":0,"item_purchase_floors":[4,4,4,4,4,7,7,7,10,10,10,10,12,12,12,12,20,20,20,20,20,23,23,23,23,23,41,49,53],"current_hp_per_floor":[50,50,38,38,38,21,21,9,9,9,9,9,9,9,9,9,59,57,57,57,57,57,57,63,63,63,63,63,69,55,55,55,61,75,80,80,80,70,76,80,80,80,80,82,82,84,86,88,96,96,96,96,96,98,98],"gold":31,"neow_bonus":"BOSS_RELIC","is_daily":false,"chose_seed":false,"campfire_upgraded":2,"win_rate":0.0,"timestamp":1607790501,"path_taken":["M","?","M","$","?","E","R","E","T","R","E","R","M","M","R","BOSS","M","?","$","?","M","R","E","R","T","?","E","M","?","?","R","BOSS","M","?","M","?","M","E","R","E","T","E","?","M","?","E","R","BOSS","R","$","E","BOSS"],"items_purchased_type":["Card","Relic","Relic","Relic","Relic","Relic","Card","Relic","Relic","Relic","Relic","Relic","Card","Card","Relic","Relic","Card","Relic","Relic","Relic","Relic","Relic","Relic","Card","Relic","Relic","Card","Relic","Relic"],"build_version":"2020-11-30","purchased_purges":7,"victory":true,"max_hp_per_floor":[75,75,75,75,75,75,75,75,75,75,75,75,75,75,75,75,75,75,75,75,75,75,75,75,75,75,75,75,75,80,80,80,80,80,80,80,80,80,80,80,80,80,80,82,82,84,86,88,96,96,96,96,96,98,98],"card_choices":[{"not_picked":["Melter","Lockon","Hologram"],"picked":"SKIP","floor":1.0},{"not_picked":["Compile Driver","Ball Lightning","Gash"],"picked":"SKIP","floor":3.0},{"not_picked":["Darkness","Reprogram","Lockon"],"picked":"SKIP","floor":6.0},{"not_picked":["Hologram+1","Beam Cell"],"picked":"Biased Cognition","floor":8.0},{"not_picked":["Outmaneuver+1","WitchLeyline","Riddle With Holes"],"picked":"SKIP","floor":11.0},{"not_picked":["Prostrate+1","Havoc+1","Meditate+1"],"picked":"SKIP","floor":13.0},{"not_picked":["IllusionStar+1","Rupture+1","Whirlwind"],"picked":"SKIP","floor":14.0},{"not_picked":["FinalSpark","JA"],"picked":"Core Surge","floor":16.0},{"not_picked":["ChargeUpSpray","Stack+1"],"picked":"Coolheaded+1","floor":18.0},{"not_picked":["Redo+1","UnstableBomb","Dagger Spray"],"picked":"SKIP","floor":21.0},{"not_picked":["PathToVictory+1","Rage+1"],"picked":"EarthLightRay+1","floor":22.0},{"not_picked":["Sweeping Beam+1","Offering+1"],"picked":"Singularity+1","floor":24.0},{"not_picked":["Leap+1","Trip+1","Consecrate"],"picked":"SKIP","floor":28.0},{"not_picked":["Dagger Throw","Gash","Iron Wave"],"picked":"SKIP","floor":29.0},{"not_picked":["Sever Soul+1","Rebound","Wild Strike"],"picked":"SKIP","floor":35.0},{"not_picked":["Static Discharge+1","Sucker Punch+1","Blade Dance+1"],"picked":"SKIP","floor":37.0},{"not_picked":["Armaments+1","Streamline","SashWhip"],"picked":"SKIP","floor":39},{"not_picked":["Flex+1","Flame Barrier+1"],"picked":"Omniscience+1","floor":40},{"not_picked":["Armaments+1","Genetic Algorithm+1","Aggregate+1"],"picked":"SKIP","floor":42},{"not_picked":["Tantrum+1","Chill+1","CrushJoints"],"picked":"Singing Bowl","floor":44},{"not_picked":["Flying Knee","WitchLeyline","Headbutt"],"picked":"Singing Bowl","floor":46},{"not_picked":["Clothesline","Flechettes","Storm+1"],"picked":"Singing Bowl","floor":47},{"not_picked":["DC+1","EmptyBody+1","Dual Wield+1"],"picked":"Singing Bowl","floor":48},{"not_picked":["Go for the Eyes","Flash of Steel","ClearTheMind+1"],"picked":"Singing Bowl","floor":49},{"not_picked":["Stack+1","Perfected Strike","Lockon"],"picked":"Singing Bowl","floor":49},{"not_picked":["Evaluate+1","Havoc+1","Deadly Poison+1"],"picked":"Singing Bowl","floor":49},{"not_picked":["ShootingEcho+1","All For One","Searing Blow+1"],"picked":"Singing Bowl","floor":49},{"not_picked":["Anger+1","Expertise+1","6A"],"picked":"Singing Bowl","floor":54}],"player_experience":329109,"relics_obtained":[{"floor":6.0,"key":"WingedGreaves"},{"floor":8.0,"key":"The Courier"},{"floor":9.0,"key":"Incense Burner"},{"floor":11.0,"key":"Whetstone"},{"floor":24.0,"key":"MealTicket"},{"floor":28.0,"key":"Happy Flower"},{"floor":31.0,"key":"Darkstone Periapt"},{"floor":40,"key":"Art of War"},{"floor":40,"key":"Regal Pillow"},{"floor":42,"key":"Meat on the Bone"},{"floor":42,"key":"Bag of Preparation"},{"floor":43,"key":"Anchor"},{"floor":44,"key":"Singing Bowl"},{"floor":44,"key":"Kunai"},{"floor":45,"key":"Bottled Tornado"},{"floor":48,"key":"Letter Opener"},{"floor":48,"key":"Lizard Tail"},{"floor":54,"key":"Thread and Needle"},{"floor":54,"key":"Du-Vu Doll"}],"event_choices":[{"damage_healed":0.0,"max_hp_gain":0.0,"max_hp_loss":0.0,"gold_gain":0.0,"event_name":"Liars Game","player_choice":"Ignored","floor":2.0,"gold_loss":0.0,"damage_taken":0.0},{"damage_healed":0.0,"max_hp_gain":0.0,"max_hp_loss":0.0,"gold_gain":0.0,"event_name":"Living Wall","player_choice":"Grow","floor":5.0,"gold_loss":0.0,"damage_taken":0.0,"cards_upgraded":["Heatsinks"]},{"damage_healed":0.0,"max_hp_gain":0.0,"max_hp_loss":0.0,"gold_gain":0.0,"event_name":"Accursed Blacksmith","player_choice":"Forge","floor":19.0,"gold_loss":0.0,"damage_taken":0.0,"cards_upgraded":["Biased Cognition"]},{"damage_healed":0.0,"max_hp_gain":0.0,"max_hp_loss":0.0,"gold_gain":0.0,"event_name":"Vampires","player_choice":"Ignored","floor":27.0,"gold_loss":0.0,"damage_taken":0.0},{"damage_healed":0.0,"max_hp_gain":5.0,"max_hp_loss":0.0,"gold_gain":0.0,"event_name":"Forgotten Altar","player_choice":"Shed Blood","floor":30.0,"gold_loss":0.0,"damage_taken":19.0},{"damage_healed":0.0,"max_hp_gain":0.0,"max_hp_loss":0.0,"gold_gain":0.0,"event_name":"Tomb of Lord Red Mask","player_choice":"Paid","floor":36.0,"gold_loss":280.0,"damage_taken":0.0,"relics_obtained":["Red Mask"]},{"damage_healed":0.0,"max_hp_gain":0.0,"max_hp_loss":0.0,"gold_gain":0.0,"event_name":"SensoryStone","player_choice":"Memory 3","floor":38.0,"gold_loss":0.0,"damage_taken":10.0}],"is_beta":false,"boss_relics":[{"not_picked":["Snecko Eye","Coffee Dripper"],"picked":"Nuclear Battery"},{"not_picked":["Sozu","Empty Cage"],"picked":"Black Star"}],"items_purged_floors":[4,7,10,12,12,15,23],"is_endless":false,"potions_floor_spawned":[3,6,11,14,18,22,24,35,46,47,54],"ascension_level":6}}