{"host":"tyfpg4h531zkrrpn","time":1607751558,"event":{"mods":["Act Like it!","BaseMod","CapriCore","Card Filter","Colored Map","Minty Spire (QoL Compilation)","MostiFishMod","Permanent Neow","Quick Restart","StSLib","Waifu the Spire"],"gold_per_floor":[109,184,184,196,209,234,234,261,315,345,38,38,68,78,78,173,-1227,10,25,41,41,59,84,84,99,99,127,145,157,157,191,191,292,292,309,322,372,0,50,82,82,112,112,147,32,46,46,58,58,58,58,58,58,84,84],"floor_reached":56,"playtime":6466,"items_purged":[],"score":2190,"play_id":"6fa607fb-723e-4ae3-9551-d3d022d2ed5a","local_time":"20201211213918","is_ascension_mode":true,"campfire_choices":[{"data":"Defragment","floor":7.0,"key":"SMITH"},{"data":"Coolheaded","floor":12,"key":"SMITH"},{"floor":15,"key":"REST"},{"data":"Defragment","floor":24,"key":"SMITH"},{"data":"Coolheaded","floor":32,"key":"SMITH"},{"floor":41,"key":"RECALL"},{"data":"Capacitor","floor":47,"key":"SMITH"},{"data":"Seek","floor":49,"key":"SMITH"},{"data":"MostiFishMod:Prepare","floor":52,"key":"SMITH"}],"circlet_count":0,"master_deck":["Strike_B","Defend_B","Defend_B","Defend_B","Defend_B","Zap+1","Dualcast","Defragment+1","Sweeping Beam","Cold Snap","Ball Lightning","Leap","Coolheaded+1","Conserve Battery","Defragment+1","Electrodynamics","White Noise+1","Coolheaded+1","Redo","Capacitor+1","MostiFishMod:PushDownKick","Barrage","Conserve Battery","Seek+1","MostiFishMod:TalkingToTheRain+1","Auto Shields+1","MostiFishMod:ATRI+1","Coolheaded+1","Recycle","Redo+1","Core Surge","MostiFishMod:Prepare+1","Conserve Battery+1"],"relics":["Cracked Core","DaveBox","OrangePellets","Question Card","Mercury Hourglass","Lantern","DataDisk","Bottled Tornado","Ornamental Fan","Toy Ornithopter","ImportantClient","SynthV:MejaisSoulstealer","Blood Vial","ImprovedEquipment","Kunai","Pear","Astrolabe","Peace Pipe","Red Mask","Turnip","Anchor","Symbiotic Virus","Orichalcum","Membership Card","Happy Flower"],"acts_visited":["TheCity","TheBeyond","TheEnding"],"potions_floor_usage":[10,10,10,20,23,55,55,55],"damage_taken":[{"damage":1.0,"enemies":"Cultist","floor":1.0,"turns":3.0},{"damage":3.0,"enemies":"2 Louse","floor":4.0,"turns":3.0},{"damage":7.0,"enemies":"Small Slimes","floor":5.0,"turns":2.0},{"damage":32.0,"enemies":"Gremlin Nob","floor":6.0,"turns":4.0},{"damage":4.0,"enemies":"3 Sentries","floor":8.0,"turns":4.0},{"damage":0,"enemies":"Gremlin Nob","floor":10,"turns":2},{"damage":5,"enemies":"3 Sentries","floor":13,"turns":4},{"damage":0,"enemies":"2 Fungi Beasts","floor":14,"turns":2},{"damage":0,"enemies":"The Guardian","floor":16,"turns":8},{"damage":20,"enemies":"2 Thieves","floor":18,"turns":3},{"damage":0,"enemies":"Spheric Guardian","floor":19,"turns":3},{"damage":0,"enemies":"Snecko","floor":20,"turns":3},{"damage":0,"enemies":"Centurion and Healer","floor":22,"turns":4},{"damage":22,"enemies":"Slavers","floor":23,"turns":4},{"damage":0,"enemies":"Sentry and Sphere","floor":25,"turns":3},{"damage":1,"enemies":"Book of Stabbing","floor":27,"turns":4},{"damage":3,"enemies":"3 Cultists","floor":28,"turns":4},{"damage":0,"enemies":"Centurion and Healer","floor":29,"turns":2},{"damage":0,"enemies":"Gremlin Leader","floor":31,"turns":3},{"damage":0,"enemies":"Collector","floor":33,"turns":5},{"damage":2,"enemies":"Orb Walker","floor":35,"turns":3},{"damage":0,"enemies":"3 Shapes","floor":36,"turns":2},{"damage":23,"enemies":"2 Orb Walkers","floor":37,"turns":4},{"damage":0,"enemies":"Mind Bloom Boss Battle","floor":39,"turns":5},{"damage":0,"enemies":"Nemesis","floor":40,"turns":3},{"damage":0,"enemies":"Reptomancer","floor":42,"turns":3},{"damage":0,"enemies":"Giant Head","floor":44,"turns":6},{"damage":0,"enemies":"Maw","floor":46,"turns":5},{"damage":0,"enemies":"Spire Growth","floor":48,"turns":3},{"damage":0,"enemies":"Awakened One","floor":50,"turns":14},{"damage":0,"enemies":"Shield and Spear","floor":54,"turns":4},{"damage":10,"enemies":"The Heart","floor":55,"turns":8}],"seed_played":"1473919522310578340","potions_obtained":[{"floor":3.0,"key":"DuplicationPotion"},{"floor":3.0,"key":"DistilledChaos"},{"floor":3.0,"key":"FocusPotion"},{"floor":8.0,"key":"Fire Potion"},{"floor":13,"key":"PowerPotion"},{"floor":16,"key":"FocusPotion"},{"floor":19,"key":"Block Potion"},{"floor":23,"key":"SpeedPotion"},{"floor":28,"key":"Fire Potion"},{"floor":31,"key":"PowerPotion"}],"is_trial":false,"path_per_floor":["M","?","?","M","M","E","R","E","T","E","$","R","E","M","R","B",null,"M","M","M","$","M","E","R","M","T","E","M","M","?","E","R","B",null,"M","M","?","?","?","E","R","E","T","E","$","M","R","M","R","B",null,"R","$","E","B",null],"character_chosen":"DEFECT","items_purchased":["Ornamental Fan","Coolheaded","Membership Card"],"campfire_rested":1,"item_purchase_floors":[11,11,45],"current_hp_per_floor":[67,56,56,53,46,14,14,10,10,10,10,10,5,5,27,27,63,43,43,48,48,48,31,31,33,33,34,33,35,35,47,47,49,76,76,78,57,57,59,61,61,63,63,65,65,67,67,69,69,71,82,82,82,84,75],"gold":84,"neow_bonus":"UPGRADE_CARD","is_daily":false,"chose_seed":false,"campfire_upgraded":7,"win_rate":0.0,"timestamp":1607751558,"path_taken":["M","?","?","M","M","E","R","E","T","E","$","R","E","M","R","BOSS","M","M","M","$","M","E","R","M","T","E","M","M","?","E","R","BOSS","M","M","?","?","?","E","R","E","T","E","$","?","R","M","R","BOSS","R","$","E","BOSS"],"items_purchased_type":["Relic","Card","Relic"],"build_version":"2020-11-30","purchased_purges":0,"victory":true,"max_hp_per_floor":[75,75,75,75,75,75,75,75,75,75,75,75,75,75,75,75,75,75,75,75,75,75,75,75,75,75,75,75,75,75,85,85,85,85,85,85,85,85,85,85,85,85,85,85,85,85,85,85,85,85,85,85,85,85,85],"card_choices":[{"not_picked":["Turbo","Glacier","Heatsinks"],"picked":"SKIP","floor":1.0},{"not_picked":["Ball Lightning","Beam Cell","Steam Power"],"picked":"Defragment","floor":4.0},{"not_picked":["Heatsinks","Defragment","Hello World"],"picked":"Sweeping Beam","floor":5.0},{"not_picked":["Chill","Stack","Genetic Algorithm"],"picked":"Cold Snap","floor":6.0},{"not_picked":["Static Discharge","MostiFishMod:DeathFromBelow","Tempest"],"picked":"Ball Lightning","floor":8.0},{"not_picked":["Ball Lightning","Barrage","Hologram"],"picked":"Leap","floor":10},{"not_picked":["Reinforced Body","Barrage","Sweeping Beam"],"picked":"Conserve Battery","floor":13},{"not_picked":["Double Energy","Beam Cell","Stack"],"picked":"Defragment","floor":14},{"not_picked":["Echo Form","MostiFishMod:IntelligentEquipment","Fission"],"picked":"Electrodynamics","floor":16},{"not_picked":["Force Field","Beam Cell","Reinforced Body"],"picked":"White Noise+1","floor":18},{"not_picked":["Leap","Hello World","Cold Snap+1"],"picked":"Coolheaded","floor":19},{"not_picked":["Ball Lightning","Turbo","Reinforced Body"],"picked":"Redo","floor":20},{"not_picked":["Blizzard","Coolheaded","Streamline","Genetic Algorithm"],"picked":"SKIP","floor":22},{"not_picked":["Ball Lightning+1","Doom and Gloom","Leap"],"picked":"Capacitor","floor":23},{"not_picked":["Ball Lightning","Redo","Fusion","Genetic Algorithm"],"picked":"SKIP","floor":25},{"not_picked":["Electrodynamics","Ball Lightning","BootSequence+1"],"picked":"MostiFishMod:PushDownKick","floor":27},{"not_picked":["Force Field","Coolheaded","Turbo+1"],"picked":"Barrage","floor":28},{"not_picked":["Storm","Cold Snap","Consume"],"picked":"Conserve Battery","floor":29},{"not_picked":["MostiFishMod:FluxCapactior","Reinforced Body","BootSequence","Conserve Battery"],"picked":"SKIP","floor":31},{"not_picked":["MostiFishMod:IntelligentEquipment","Buffer","Thunder Strike"],"picked":"Seek","floor":33},{"not_picked":["Glacier","Defragment","Streamline","Force Field+1"],"picked":"SKIP","floor":35},{"not_picked":["Doom and Gloom","Genetic Algorithm+1","BootSequence+1"],"picked":"Coolheaded+1","floor":36},{"not_picked":["Conserve Battery","Cold Snap","Streamline+1"],"picked":"Recycle","floor":37},{"not_picked":["Barrage","Conserve Battery+1","Chaos"],"picked":"Redo+1","floor":39},{"not_picked":["Fusion","Heatsinks","Streamline"],"picked":"Core Surge","floor":40},{"not_picked":["Recycle","Barrage+1","Coolheaded","Heatsinks+1"],"picked":"SKIP","floor":42},{"not_picked":["Blizzard","Darkness","Conserve Battery"],"picked":"MostiFishMod:Prepare","floor":44},{"not_picked":["White Noise","Self Repair","Redo","Blizzard+1"],"picked":"SKIP","floor":46},{"not_picked":["Stack","Redo","Tempest+1"],"picked":"Conserve Battery+1","floor":48},{"not_picked":["Redo","Streamline+1","Steam Power","Sweeping Beam+1"],"picked":"SKIP","floor":54}],"player_experience":557502,"relics_obtained":[{"floor":1.0,"key":"Question Card"},{"floor":1.0,"key":"PrismaticShard"},{"floor":6.0,"key":"Mercury Hourglass"},{"floor":8.0,"key":"Lantern"},{"floor":9.0,"key":"DataDisk"},{"floor":10,"key":"Bottled Tornado"},{"floor":13,"key":"Toy Ornithopter"},{"floor":16,"key":"ImportantClient"},{"floor":23,"key":"Blood Vial"},{"floor":26,"key":"ImprovedEquipment"},{"floor":27,"key":"Kunai"},{"floor":31,"key":"Pear"},{"floor":37,"key":"Peace Pipe"},{"floor":39,"key":"Turnip"},{"floor":40,"key":"Anchor"},{"floor":42,"key":"Symbiotic Virus"},{"floor":44,"key":"Orichalcum"},{"floor":54,"key":"Happy Flower"}],"event_choices":[{"damage_healed":0.0,"max_hp_gain":0.0,"max_hp_loss":0.0,"gold_gain":75.0,"event_name":"World of Goop","player_choice":"Gather Gold","floor":2.0,"gold_loss":0.0,"damage_taken":11.0},{"damage_healed":0.0,"max_hp_gain":0.0,"max_hp_loss":0.0,"gold_gain":0.0,"event_name":"Lab","player_choice":"Got Potions","floor":3.0,"gold_loss":0.0,"damage_taken":0.0},{"damage_healed":0,"gold_gain":0,"player_choice":"Ignored","damage_taken":0,"max_hp_gain":0,"max_hp_loss":0,"event_name":"Ghosts","floor":30,"gold_loss":0},{"damage_healed":0,"gold_gain":0,"player_choice":"Fight","damage_taken":0,"max_hp_gain":0,"max_hp_loss":0,"event_name":"Mysterious Sphere","floor":37,"gold_loss":0},{"damage_healed":0,"gold_gain":0,"player_choice":"Paid","damage_taken":0,"relics_obtained":["Red Mask"],"max_hp_gain":0,"max_hp_loss":0,"event_name":"Tomb of Lord Red Mask","floor":38,"gold_loss":372},{"damage_healed":0,"gold_gain":0,"player_choice":"Fight","damage_taken":0,"max_hp_gain":0,"max_hp_loss":0,"event_name":"MindBloom","floor":39,"gold_loss":0}],"is_beta":false,"boss_relics":[{"not_picked":["HereWithMe","BloodWine"],"picked":"SynthV:MejaisSoulstealer"},{"not_picked":["GuanYuAspect","FixedStarFall"],"picked":"Astrolabe"}],"items_purged_floors":[],"is_endless":false,"potions_floor_spawned":[4,5,6,8,13,16,19,23,28,29,31,33,37,39,44],"ascension_level":8}}