{"host":"raoabm19igg6waea","time":1607798037,"event":{"mods":["AchievementEnabler","BaseMod","Beaked The Cultist","Challenge The Spire","Clawfect","Colored Powertips","Conspire","Duelist Mod","EXCEPTION","Friendly Minions","GifTheSpireLib","Glutton Mod","Highlight Path","Hubris","Infinite Spire","Minty Spire (QoL Compilation)","READ ME - Snecko Mod","Replay The Spire","StSLib","The Construct","The Cursed","The Disciple","The Jungle","The Mystic","The Necromancer","The Poker Player","slay the spire mod where everything is the same but ironclad has a cowboy hat","vexMod"],"gold_per_floor":[117,117,117,117,132,145,158,170,170,182,207,207,207,207,224,149,149,253,253,264,164,164,164,524,524,535,535,560,435,435,467,467,484,499,515,515,615,615,629,629,629,629,629,661,661,661,661,691,541,561,589,414,414,414],"floor_reached":55,"playtime":1140,"items_purged":["Strike_G","ReplayTheSpireMod:Necrosis","Strike_G","Strike_G","Strike_G","Defend_G","Strike_G"],"score":1741,"play_id":"86ac6723-54d0-473b-8d50-7084c080feb3","local_time":"20201212193357","is_ascension_mode":true,"campfire_choices":[{"data":"Neutralize","floor":9.0,"key":"SMITH"},{"data":"Defend_G","floor":12.0,"key":"SMITH"},{"data":"Survivor","floor":17.0,"key":"SMITH"},{"data":"Defend_G","floor":27.0,"key":"SMITH"},{"data":"Defend_G","floor":45,"key":"SMITH"},{"data":"Defend_G","floor":53,"key":"SMITH"}],"circlet_count":0,"master_deck":["hubris:InfiniteBlow+13106","Defend_G+1","Defend_G+1","Defend_G+1","Defend_G+1","Survivor+1","Neutralize+1"],"relics":["Ring of the Snake"],"acts_visited":["Exordium","TheCity","TheBeyond"],"potions_floor_usage":[39,39,39,39,39],"damage_taken":[{"damage":0.0,"enemies":"conspire:RoseBush","floor":1.0,"turns":2.0},{"damage":0.0,"enemies":"Jaw Worm","floor":5.0,"turns":1.0},{"damage":0.0,"enemies":"Cultist","floor":6.0,"turns":2.0},{"damage":0.0,"enemies":"Exordium Wildlife","floor":7.0,"turns":3.0},{"damage":0.0,"enemies":"2 Fungi Beasts","floor":8.0,"turns":3.0},{"damage":0.0,"enemies":"Blue Slaver","floor":10.0,"turns":2.0},{"damage":8.0,"enemies":"Exordium Wildlife","floor":15.0,"turns":6.0},{"damage":0.0,"enemies":"Fading Forest","floor":18.0,"turns":1.0},{"damage":3.0,"enemies":"2 Thieves","floor":20.0,"turns":4.0},{"damage":0.0,"enemies":"3 Byrds","floor":26.0,"turns":4.0},{"damage":0.0,"enemies":"conspire:SneckoGhost","floor":28.0,"turns":1.0},{"damage":0.0,"enemies":"Nightmare","floor":31.0,"turns":1.0},{"damage":1.0,"enemies":"conspire:HollyBat","floor":33.0,"turns":3.0},{"damage":0.0,"enemies":"Cultist and Chosen","floor":34.0,"turns":5.0},{"damage":0.0,"enemies":"Chosen and Byrds","floor":35.0,"turns":3.0},{"damage":0.0,"enemies":"Champ","floor":37.0,"turns":1.0},{"damage":2,"enemies":"3 Darklings","floor":39,"turns":6},{"damage":0,"enemies":"Nemesis","floor":44,"turns":1},{"damage":0,"enemies":"Reptomancer","floor":48,"turns":1},{"damage":0,"enemies":"Orb Walker","floor":50,"turns":1},{"damage":0,"enemies":"Nightmare","floor":51,"turns":2},{"damage":0,"enemies":"Awakened One","floor":54,"turns":2}],"seed_played":"-884165858242618687","potions_obtained":[{"floor":1.0,"key":"Fire Potion"},{"floor":6.0,"key":"DistilledChaos"},{"floor":7.0,"key":"DuplicationPotion"},{"floor":35.0,"key":"ColorlessPotion"}],"is_trial":false,"path_per_floor":["M","?","PTL","PTL","M","M","M","M","R","M","T","R","?","?","M","$","R","B",null,"M","$","PTL","PTL","?","AVR","M","R","E","$","T","NM","?","M","M","M","R","B",null,"M","?","T","?","AVR","E","R","?","T","E","$","M","NM","$","R","B",null],"character_chosen":"THE_SILENT","items_purchased":[],"campfire_rested":0,"item_purchase_floors":[],"current_hp_per_floor":[63,63,63,63,63,63,63,63,63,63,63,63,63,63,55,55,55,55,66,63,63,63,63,27,27,27,27,27,27,27,27,27,26,26,26,47,47,64,62,62,62,62,62,62,62,62,62,62,62,62,62,62,62,62],"gold":414,"neow_bonus":"ONE_RANDOM_RARE_CARD","is_daily":false,"chose_seed":false,"campfire_upgraded":6,"win_rate":0.0,"timestamp":1607798037,"path_taken":["M","?","PTL","PTL","M","M","M","M","R","M","T","R","?","?","M","$","R","BOSS","M","$","PTL","PTL","?","AVR","M","R","E","?","T","NM","?","M","?","M","R","BOSS","M","?","?","?","AVR","E","R","?","T","E","$","M","NM","?","R","BOSS"],"items_purchased_type":[],"build_version":"2020-11-30","purchased_purges":7,"victory":true,"max_hp_per_floor":[70,70,70,70,70,70,70,70,70,70,70,70,70,70,70,70,70,70,70,70,70,70,70,70,70,70,70,70,70,70,70,70,70,70,70,70,70,70,70,70,70,66,66,66,66,66,66,66,66,66,66,66,66,66],"card_choices":[{"not_picked":["hubris:Counter","Sucker Punch","Underhanded Strike"],"picked":"SKIP","floor":1.0},{"not_picked":["Escape Plan","Dagger Throw","Masterful Stab"],"picked":"SKIP","floor":5.0},{"not_picked":["Quick Slash","Deflect","Flying Knee"],"picked":"SKIP","floor":6.0},{"not_picked":["Venomology","ReplayTheSpireMod:The Works","Bane"],"picked":"SKIP","floor":7.0},{"not_picked":["Poisoned Stab","Hidden Blade","Slice"],"picked":"SKIP","floor":8.0},{"not_picked":["Calculated Gamble","Dodge and Roll","Setup"],"picked":"SKIP","floor":10.0},{"not_picked":["hubris:TrickCloak","Noxious Fumes","Heel Hook"],"picked":"SKIP","floor":15.0},{"not_picked":["Quick Slash","Underhanded Strike","Well Laid Plans"],"picked":"SKIP","floor":20.0},{"not_picked":["Choke","Riddle With Holes","Dodge and Roll"],"picked":"SKIP","floor":26.0},{"not_picked":["Toxin Wave","hubris:SlightOfHand","hubris:TrickCloak+1"],"picked":"SKIP","floor":28.0},{"not_picked":["Dagger Spray+1","hubris:SlightOfHand+1","Corpse Explosion"],"picked":"SKIP","floor":31.0},{"not_picked":["hubris:SlightOfHand","Blade Dance","Poisoned Stab"],"picked":"SKIP","floor":33.0},{"not_picked":["Dodge and Roll","Reflex","Underhanded Strike"],"picked":"SKIP","floor":34.0},{"not_picked":["hubris:SlightOfHand","Tools of the Trade","Blade Dance"],"picked":"SKIP","floor":35.0},{"not_picked":["Backstab+1","Underhanded Strike+1","PiercingWail+1"],"picked":"SKIP","floor":39},{"not_picked":["Bouncing Flask+1","Infinite Blades","hubris:SlightOfHand+1"],"picked":"SKIP","floor":44},{"not_picked":["Fluid Movement+1","Sucker Punch+1","Flying Knee"],"picked":"SKIP","floor":48},{"not_picked":["PiercingWail+1","Infinite Blades+1","Deflect"],"picked":"SKIP","floor":50},{"not_picked":["Deadly Poison+1","Outmaneuver+1","hubris:SlightOfHand"],"picked":"SKIP","floor":51}],"player_experience":377123,"relics_obtained":[],"event_choices":[{"damage_healed":0.0,"max_hp_gain":0.0,"max_hp_loss":0.0,"gold_gain":0.0,"event_name":"Liars Game","player_choice":"Ignored","floor":2.0,"gold_loss":0.0,"damage_taken":0.0},{"damage_healed":0.0,"max_hp_gain":0.0,"max_hp_loss":0.0,"gold_gain":360.0,"event_name":"Knowing Skull","player_choice":"GOLD GOLD GOLD GOLD ","floor":24.0,"potions_obtained":[],"gold_loss":0.0,"damage_taken":36.0,"cards_obtained":[]},{"damage_healed":0.0,"max_hp_gain":0.0,"max_hp_loss":0.0,"gold_gain":0.0,"event_name":"Vampires","player_choice":"Ignored","floor":32.0,"gold_loss":0.0,"damage_taken":0.0},{"damage_healed":0,"gold_gain":0,"player_choice":"Memory 1","damage_taken":0,"max_hp_gain":0,"max_hp_loss":0,"event_name":"SensoryStone","floor":40,"gold_loss":0},{"damage_healed":0,"gold_gain":0,"player_choice":"Max HP","damage_taken":0,"max_hp_gain":0,"max_hp_loss":4,"event_name":"Winding Halls","floor":42,"gold_loss":0},{"damage_healed":0,"gold_gain":0,"player_choice":"Ignored","damage_taken":0,"max_hp_gain":0,"max_hp_loss":0,"event_name":"Tomb of Lord Red Mask","floor":46,"gold_loss":0}],"is_beta":false,"boss_relics":[{"not_picked":["vexMod:DeviousBotling","Runic Pyramid","Replay:Wanted Poster"]},{"not_picked":["HoveringKite","conspire:RunicOctahedron","beaked:MawFillet"]}],"items_purged_floors":[16,21,25,29,43,49,52],"is_endless":false,"potions_floor_spawned":[1,6,7,8,18,20,34,35,39,44,50],"ascension_level":8}}