{"host":"ow9msrs9p2ctkx99","time":1607812812,"event":{"mods":["AchievementEnabler","BaseMod","Colored Map","Colored Powertips","Minty Spire (QoL Compilation)","Permanent Neow","Quick Restart","SuperFastMode"],"gold_per_floor":[215,215,42,57,74,74,86,86,86,102,129,129,129],"floor_reached":12,"playtime":244,"items_purged":[],"score":123,"play_id":"1c513c29-9f35-4af1-96d3-26f875857e11","local_time":"20201212234012","is_ascension_mode":true,"campfire_choices":[{"data":"A Thousand Cuts","floor":6.0,"key":"SMITH"},{"data":"Terror","floor":8.0,"key":"SMITH"}],"circlet_count":0,"master_deck":["AscendersBane","Strike_G","Strike_G","Strike_G","Strike_G","Strike_G","Defend_G","Defend_G","Defend_G","Defend_G","Defend_G","Survivor","Neutralize","Choke","A Thousand Cuts+1","Sadistic Nature","Leg Sweep","Poisoned Stab","Terror+1","Deadly Poison","Tactician"],"relics":["Ring of the Snake","Ancient Tea Set","Odd Mushroom"],"acts_visited":["Exordium"],"potions_floor_usage":[12],"damage_taken":[{"damage":5.0,"enemies":"Jaw Worm","floor":1.0,"turns":4.0},{"damage":1.0,"enemies":"Cultist","floor":4.0,"turns":4.0},{"damage":1.0,"enemies":"Small Slimes","floor":5.0,"turns":4.0},{"damage":8.0,"enemies":"Blue Slaver","floor":7.0,"turns":3.0},{"damage":2.0,"enemies":"3 Louse","floor":10.0,"turns":3.0},{"damage":11.0,"enemies":"The Mushroom Lair","floor":11.0,"turns":3.0},{"damage":35,"enemies":"3 Sentries","floor":12,"turns":5}],"seed_played":"-4123293688392852429","potions_obtained":[{"floor":1.0,"key":"BlessingOfTheForge"},{"floor":7.0,"key":"SteroidPotion"},{"floor":10.0,"key":"ColorlessPotion"}],"is_trial":false,"path_per_floor":["M","?","$","M","M","R","M","R","T","M","?","E"],"character_chosen":"THE_SILENT","items_purchased":["Sadistic Nature"],"campfire_rested":0,"item_purchase_floors":[3],"current_hp_per_floor":[54,54,54,53,52,52,44,44,44,42,31,0,0],"gold":129,"neow_bonus":"HUNDRED_GOLD","is_daily":false,"chose_seed":false,"campfire_upgraded":2,"win_rate":0.0,"timestamp":1607812812,"path_taken":["M","?","$","M","?","R","M","R","T","M","?","E"],"items_purchased_type":["Card"],"build_version":"2020-11-30","purchased_purges":0,"victory":false,"max_hp_per_floor":[66,66,66,66,66,66,66,66,66,66,66,66,66],"card_choices":[{"not_picked":["Quick Slash","Slice"],"picked":"Choke","floor":1.0},{"not_picked":["Underhanded Strike","PiercingWail"],"picked":"Leg Sweep","floor":4.0},{"not_picked":["Well Laid Plans","Outmaneuver"],"picked":"Poisoned Stab","floor":5.0},{"not_picked":["Dash","Quick Slash"],"picked":"Terror","floor":7.0},{"not_picked":["All Out Attack","Poisoned Stab"],"picked":"Deadly Poison","floor":10.0},{"not_picked":["Concentrate","Dagger Throw"],"picked":"Tactician","floor":11.0}],"player_experience":968253,"relics_obtained":[{"floor":9.0,"key":"Ancient Tea Set"},{"floor":11.0,"key":"Odd Mushroom"}],"event_choices":[{"damage_healed":0.0,"max_hp_gain":0.0,"max_hp_loss":0.0,"gold_gain":0.0,"event_name":"Match and Keep!","player_choice":"1 cards matched","floor":2.0,"gold_loss":0.0,"damage_taken":0.0,"cards_obtained":["A Thousand Cuts"]},{"damage_healed":0.0,"max_hp_gain":0.0,"max_hp_loss":0.0,"gold_gain":0.0,"event_name":"Mushrooms","player_choice":"Fought Mushrooms","floor":11.0,"gold_loss":0.0,"damage_taken":0.0}],"is_beta":false,"boss_relics":[],"items_purged_floors":[],"is_endless":false,"potions_floor_spawned":[1,7,10],"killed_by":"3 Sentries","ascension_level":15}}