{"host":"jwbw4f4imxd0v0b0","time":1607800795,"event":{"mods":["BaseMod","Colored Map","Highlight Path","Minty Spire (QoL Compilation)","Relic Stats","StSLib"],"gold_per_floor":[113,113,126,25,25,68,86,86,134,158,181,214,179,14,14,134,134,159,174,188,36,57,88,88,132,185,185,226,226,226,247,247,372,372,397,75,90,90,108,149,0,0,0,44,44,377,377,387,387,387,387,387,24,53,53,53],"floor_reached":55,"playtime":2932,"items_purged":["Alpha"],"score":893,"play_id":"41f9437b-7b43-438d-95db-ca8b76d03e52","local_time":"20201212131955","is_ascension_mode":false,"campfire_choices":[{"data":"TalkToTheHand","floor":8.0,"key":"SMITH"},{"data":"Apotheosis","floor":15.0,"key":"SMITH"},{"data":"TalkToTheHand","floor":30.0,"key":"SMITH"},{"data":"LikeWater","floor":32.0,"key":"SMITH"},{"floor":42.0,"key":"RECALL"},{"floor":45.0,"key":"REST"},{"floor":49.0,"key":"REST"},{"floor":52,"key":"REST"}],"circlet_count":0,"master_deck":["Eruption+1","Vigilance+1","Vengeance","FlurryOfBlows","TalkToTheHand","ClearTheMind+1","TalkToTheHand+1","FearNoEvil","Tantrum","FlurryOfBlows","WaveOfTheHand","Apotheosis+1","Ragnarok","FollowUp","Indignation","Worship","WindmillStrike","EmptyBody","TalkToTheHand+1","Halt","Protect+1","WheelKick","DevaForm","Meditate","Devotion","TalkToTheHand","LikeWater+1","Omniscience","Fasting2","LikeWater","InnerPeace+1","Wallop","Adaptation","Madness","Madness","Halt","Vault"],"relics":["PureWater","War Paint","Art of War","Bird Faced Urn","Pandora\u0027s Box","Akabeko","MutagenicStrength","Oddly Smooth Stone","Lantern","MealTicket","Fusion Hammer","PreservedInsect","Meat on the Bone","Red Mask","Damaru","Toy Ornithopter","Gremlin Horn"],"acts_visited":["Exordium","TheCity","TheBeyond","TheEnding"],"potions_floor_usage":[50,55,55,55],"damage_taken":[{"damage":0.0,"enemies":"Small Slimes","floor":1.0,"turns":3.0},{"damage":0.0,"enemies":"2 Louse","floor":3.0,"turns":2.0},{"damage":27.0,"enemies":"3 Sentries","floor":6.0,"turns":6.0},{"damage":6.0,"enemies":"Jaw Worm","floor":7.0,"turns":3.0},{"damage":2.0,"enemies":"Blue Slaver","floor":10.0,"turns":3.0},{"damage":4.0,"enemies":"Exordium Thugs","floor":11.0,"turns":3.0},{"damage":0.0,"enemies":"Lagavulin","floor":12.0,"turns":4.0},{"damage":0.0,"enemies":"Hexaghost","floor":16.0,"turns":6.0},{"damage":0.0,"enemies":"Spheric Guardian","floor":18.0,"turns":2.0},{"damage":0.0,"enemies":"Shell Parasite","floor":19.0,"turns":2.0},{"damage":5.0,"enemies":"Snecko","floor":20.0,"turns":5.0},{"damage":7.0,"enemies":"Cultist and Chosen","floor":22.0,"turns":5.0},{"damage":13.0,"enemies":"Gremlin Leader","floor":23.0,"turns":4.0},{"damage":18.0,"enemies":"Book of Stabbing","floor":25.0,"turns":5.0},{"damage":6.0,"enemies":"Gremlin Leader","floor":28.0,"turns":4.0},{"damage":16.0,"enemies":"Shelled Parasite and Fungi","floor":31.0,"turns":4.0},{"damage":18.0,"enemies":"Champ","floor":33.0,"turns":8.0},{"damage":0.0,"enemies":"Orb Walker","floor":35.0,"turns":2.0},{"damage":0.0,"enemies":"3 Darklings","floor":37.0,"turns":1.0},{"damage":13.0,"enemies":"Maw","floor":39.0,"turns":7.0},{"damage":16.0,"enemies":"Giant Head","floor":40.0,"turns":6.0},{"damage":18.0,"enemies":"Nemesis","floor":44.0,"turns":5.0},{"damage":16.0,"enemies":"Sphere and 2 Shapes","floor":48.0,"turns":4.0},{"damage":30,"enemies":"Time Eater","floor":50,"turns":2},{"damage":24,"enemies":"Shield and Spear","floor":54,"turns":5},{"damage":82,"enemies":"The Heart","floor":55,"turns":6}],"seed_played":"-4509272129814217110","potions_obtained":[{"floor":1.0,"key":"Dexterity Potion"},{"floor":6.0,"key":"SmokeBomb"},{"floor":11.0,"key":"Ambrosia"},{"floor":16.0,"key":"Swift Potion"},{"floor":18.0,"key":"EssenceOfSteel"},{"floor":28.0,"key":"Energy Potion"},{"floor":31.0,"key":"Ancient Potion"},{"floor":35.0,"key":"Weak Potion"},{"floor":39.0,"key":"SteroidPotion"}],"is_trial":false,"path_per_floor":["M","?","M","$","?","E","M","R","T","M","M","E","?","$","R","B",null,"M","M","M","$","M","E","?","E","T","?","E","?","R","M","R","B",null,"M","$","M","?","M","E","?","R","T","E","R","?","?","M","R","B",null,"R","$","E","B"],"character_chosen":"WATCHER","items_purchased":["TalkToTheHand","ClearTheMind","Apotheosis","DevaForm","PreservedInsect","LikeWater","CultistPotion","SteroidPotion","Vault","Toy Ornithopter"],"campfire_rested":3,"item_purchase_floors":[4,4,14,21,36,36,36,53,53,53],"current_hp_per_floor":[79,60,60,60,44,17,11,11,11,9,5,5,24,24,24,24,79,79,79,74,74,69,58,58,42,42,42,40,40,40,28,28,16,79,79,79,79,79,74,66,66,66,66,56,79,79,69,57,79,49,79,79,79,59,0,0],"gold":53,"neow_bonus":"TEN_PERCENT_HP_BONUS","is_daily":false,"chose_seed":false,"campfire_upgraded":4,"win_rate":0.0,"timestamp":1607800795,"path_taken":["M","?","M","$","?","E","M","R","T","M","M","E","?","$","R","BOSS","M","M","M","$","M","E","?","E","T","?","E","?","R","M","R","BOSS","M","$","M","?","M","E","?","R","T","E","R","?","?","?","R","BOSS","R","$","E","BOSS"],"items_purchased_type":["Card","Card","Card","Card","Relic","Card","Potion","Potion","Card","Relic"],"build_version":"2020-11-30","purchased_purges":1,"victory":false,"max_hp_per_floor":[79,79,79,79,79,79,79,79,79,79,79,79,79,79,79,79,79,79,79,79,79,79,79,79,79,79,79,79,79,79,79,79,79,79,79,79,79,79,79,79,79,79,79,79,79,79,79,79,79,79,79,79,79,79,79,79],"relic_stats":{"Gremlin Horn":[0,0],"counters":[26,107],"Bird Faced Urn":[60],"Pandora\u0027s Box":["ThirdEye","Alpha","FollowUp","Indignation","Worship","WindmillStrike","EmptyBody","TalkToTheHand"],"MealTicket":0,"PreservedInsect":240,"Art of War":[7],"War Paint":["Vigilance","Defend_P"],"obtain_stats":[{"Lantern":26,"Gremlin Horn":54,"Golden Idol":2,"Oddly Smooth Stone":25,"Damaru":44,"PreservedInsect":36,"War Paint":6,"Akabeko":23,"Bird Faced Urn":12,"MutagenicStrength":24,"Pandora\u0027s Box":17,"MealTicket":28,"Fusion Hammer":34,"Art of War":9,"Red Mask":41,"PureWater":0,"Toy Ornithopter":53,"Meat on the Bone":40},{"Lantern":14,"Gremlin Horn":25,"Golden Idol":1,"Oddly Smooth Stone":14,"Damaru":22,"PreservedInsect":18,"War Paint":3,"Akabeko":13,"Bird Faced Urn":7,"MutagenicStrength":13,"Pandora\u0027s Box":8,"MealTicket":15,"Fusion Hammer":17,"Art of War":4,"Red Mask":21,"PureWater":0,"Toy Ornithopter":24,"Meat on the Bone":21},{"Lantern":53,"Gremlin Horn":101,"Golden Idol":3,"Oddly Smooth Stone":53,"Damaru":90,"PreservedInsect":71,"War Paint":11,"Akabeko":48,"Bird Faced Urn":24,"MutagenicStrength":48,"Pandora\u0027s Box":30,"MealTicket":57,"Fusion Hammer":69,"Art of War":14,"Red Mask":85,"PureWater":0,"Toy Ornithopter":96,"Meat on the Bone":85}],"Toy Ornithopter":15,"Meat on the Bone":0},"card_choices":[{"not_picked":["Indignation","Crescendo"],"picked":"Vengeance","floor":1.0},{"not_picked":["JustLucky","ThirdEye"],"picked":"FlurryOfBlows","floor":3.0},{"not_picked":["Scrawl","ThirdEye"],"picked":"TalkToTheHand","floor":6.0},{"not_picked":["Prostrate","Weave"],"picked":"FearNoEvil","floor":7.0},{"not_picked":["FollowUp","FearNoEvil"],"picked":"Tantrum","floor":10.0},{"not_picked":["Halt","ConjureBlade"],"picked":"FlurryOfBlows","floor":11.0},{"not_picked":["Conclude","ReachHeaven"],"picked":"WaveOfTheHand","floor":12.0},{"not_picked":["MasterReality","Establishment"],"picked":"Ragnarok","floor":16.0},{"not_picked":["Worship","FollowUp"],"picked":"Halt","floor":18.0},{"not_picked":["FearNoEvil","EmptyBody"],"picked":"Protect+1","floor":19.0},{"not_picked":["Sanctity","DeceiveReality"],"picked":"WheelKick","floor":20.0},{"not_picked":["SignatureMove","EmptyBody"],"picked":"Meditate","floor":22.0},{"not_picked":["EmptyBody","CrushJoints","PathToVictory"],"picked":"SKIP","floor":23.0},{"not_picked":["Worship","JustLucky"],"picked":"Devotion","floor":25.0},{"not_picked":["Protect+1","EmptyBody+1","ClearTheMind"],"picked":"SKIP","floor":28.0},{"not_picked":["FlurryOfBlows","PathToVictory+1"],"picked":"LikeWater","floor":31.0},{"not_picked":["LessonLearned","SpiritShield"],"picked":"Omniscience","floor":33.0},{"not_picked":["FlyingSleeves","EmptyFist"],"picked":"Fasting2","floor":35.0},{"not_picked":["Crescendo+1","Conclude"],"picked":"InnerPeace+1","floor":37.0},{"not_picked":["ClearTheMind","ThirdEye","EmptyBody+1"],"picked":"SKIP","floor":39.0},{"not_picked":["CutThroughFate","Blasphemy"],"picked":"Wallop","floor":40.0},{"not_picked":["Wallop","DeceiveReality"],"picked":"Adaptation","floor":44.0},{"not_picked":["FearNoEvil+1","EmptyFist+1"],"picked":"Halt","floor":48.0},{"not_picked":["JustLucky","SashWhip","EmptyBody+1"],"picked":"SKIP","floor":54}],"player_experience":918149,"relics_obtained":[{"floor":6.0,"key":"War Paint"},{"floor":9.0,"key":"Art of War"},{"floor":12.0,"key":"Bird Faced Urn"},{"floor":23.0,"key":"Akabeko"},{"floor":25.0,"key":"Oddly Smooth Stone"},{"floor":26.0,"key":"Lantern"},{"floor":28.0,"key":"MealTicket"},{"floor":40.0,"key":"Meat on the Bone"},{"floor":44.0,"key":"Damaru"},{"floor":54,"key":"Gremlin Horn"}],"event_choices":[{"damage_healed":0.0,"max_hp_gain":0.0,"max_hp_loss":0.0,"gold_gain":0.0,"event_name":"Golden Idol","player_choice":"Take Damage","floor":2.0,"gold_loss":0.0,"damage_taken":19.0,"relics_obtained":["Golden Idol"]},{"damage_healed":0.0,"max_hp_gain":0.0,"max_hp_loss":0.0,"gold_gain":0.0,"event_name":"Shining Light","player_choice":"Entered Light","floor":5.0,"gold_loss":0.0,"damage_taken":16.0,"cards_upgraded":["ClearTheMind","Eruption"]},{"damage_healed":19.0,"max_hp_gain":0.0,"max_hp_loss":0.0,"gold_gain":0.0,"event_name":"The Cleric","player_choice":"Healed","floor":13.0,"gold_loss":35.0,"damage_taken":0.0},{"damage_healed":0.0,"max_hp_gain":0.0,"max_hp_loss":0.0,"gold_gain":0.0,"event_name":"Drug Dealer","player_choice":"Inject Mutagens","floor":24.0,"gold_loss":0.0,"damage_taken":0.0,"relics_obtained":["MutagenicStrength"]},{"damage_healed":0.0,"max_hp_gain":0.0,"max_hp_loss":0.0,"gold_gain":0.0,"event_name":"Vampires","player_choice":"Ignored","floor":27.0,"gold_loss":0.0,"damage_taken":0.0},{"damage_healed":0.0,"max_hp_gain":0.0,"max_hp_loss":0.0,"gold_gain":0.0,"event_name":"The Library","player_choice":"Read","floor":29.0,"gold_loss":0.0,"damage_taken":0.0,"cards_obtained":["TalkToTheHand"]},{"cards_removed":["ThirdEye"],"damage_healed":0.0,"max_hp_gain":0.0,"max_hp_loss":0.0,"gold_gain":0.0,"event_name":"Falling","player_choice":"Removed Skill","floor":38.0,"gold_loss":0.0,"damage_taken":0.0},{"damage_healed":0.0,"max_hp_gain":0.0,"max_hp_loss":0.0,"gold_gain":0.0,"event_name":"Tomb of Lord Red Mask","player_choice":"Paid","floor":41.0,"gold_loss":149.0,"damage_taken":0.0,"relics_obtained":["Red Mask"]},{"damage_healed":0.0,"max_hp_gain":0.0,"max_hp_loss":0.0,"gold_gain":333.0,"event_name":"The Moai Head","player_choice":"Gave Idol","floor":46.0,"relics_lost":["Golden Idol"],"gold_loss":0.0,"damage_taken":0.0},{"damage_healed":0.0,"max_hp_gain":0.0,"max_hp_loss":0.0,"gold_gain":0.0,"event_name":"Winding Halls","player_choice":"Embrace Madness","floor":47.0,"gold_loss":0.0,"damage_taken":10.0,"cards_obtained":["Madness","Madness"]}],"is_beta":false,"boss_relics":[{"not_picked":["Busted Crown","Calling Bell"],"picked":"Pandora\u0027s Box"},{"not_picked":["Velvet Choker","SacredBark"],"picked":"Fusion Hammer"}],"items_purged_floors":[21],"is_endless":false,"potions_floor_spawned":[1,6,11,16,18,19,28,31,35,39,44],"killed_by":"The Heart","ascension_level":0}}