{"host":"5f8ute538gzudddu","time":1607817370,"event":{"mods":["BaseMod","Highlight Path","Minty Spire (QoL Compilation)","Relic Stats","StSLib"],"gold_per_floor":[110,123,123,73,89,133,133,185,185,208,208,231,267,282,282,282,282],"floor_reached":16,"playtime":645,"items_purged":[],"score":244,"play_id":"092d8eb2-fff9-42f5-9bbc-35028805793f","local_time":"20201212155610","is_ascension_mode":true,"campfire_choices":[{"data":"Eruption","floor":7.0,"key":"SMITH"},{"floor":11.0,"key":"REST"},{"floor":15,"key":"DIG"}],"circlet_count":0,"master_deck":["AscendersBane","Strike_P","Strike_P","Strike_P","Strike_P","Defend_P","Defend_P","Defend_P","Defend_P","Eruption+1","Vigilance","FlyingSleeves","ReachHeaven","Consecrate","ThirdEye","Meditate","ThirdEye"],"relics":["PureWater","Mango","Golden Idol","CeramicFish","Mummified Hand","Nunchaku","Shovel","Question Card"],"acts_visited":["Exordium"],"potions_floor_usage":[13],"damage_taken":[{"damage":1.0,"enemies":"Cultist","floor":1.0,"turns":4.0},{"damage":6.0,"enemies":"Small Slimes","floor":2.0,"turns":3.0},{"damage":0.0,"enemies":"Jaw Worm","floor":5.0,"turns":3.0},{"damage":22.0,"enemies":"Lagavulin","floor":6.0,"turns":7.0},{"damage":17.0,"enemies":"3 Sentries","floor":8.0,"turns":6.0},{"damage":4.0,"enemies":"Exordium Wildlife","floor":10.0,"turns":3.0},{"damage":13.0,"enemies":"Lots of Slimes","floor":12.0,"turns":5.0},{"damage":4,"enemies":"Gremlin Nob","floor":13,"turns":3},{"damage":3,"enemies":"Red Slaver","floor":14,"turns":3},{"damage":42,"enemies":"The Guardian","floor":16,"turns":6}],"seed_played":"-1554771298591966816","potions_obtained":[{"floor":2.0,"key":"PowerPotion"},{"floor":5.0,"key":"AttackPotion"},{"floor":13,"key":"SteroidPotion"}],"is_trial":false,"path_per_floor":["M","M","?","$","M","E","R","E","T","M","R","M","E","M","R","B"],"character_chosen":"WATCHER","items_purchased":["Consecrate"],"campfire_rested":1,"item_purchase_floors":[4],"current_hp_per_floor":[74,68,68,68,68,46,46,29,29,25,45,32,28,25,25,0,0],"gold":282,"neow_bonus":"ONE_RARE_RELIC","is_daily":false,"chose_seed":false,"campfire_upgraded":1,"win_rate":0.0,"timestamp":1607817370,"path_taken":["M","?","?","$","M","E","R","E","T","M","R","M","E","M","R","BOSS"],"items_purchased_type":["Card"],"build_version":"2020-11-30","purchased_purges":0,"victory":false,"max_hp_per_floor":[76,76,69,69,69,69,69,69,69,69,69,69,69,69,69,69,69],"relic_stats":{"Nunchaku":[4],"Shovel":1,"counters":[10,43],"Golden Idol":37,"Mummified Hand":[0],"CeramicFish":27,"Question Card":0,"obtain_stats":[{"Nunchaku":9,"Shovel":13,"Golden Idol":3,"Mummified Hand":8,"CeramicFish":6,"Mango":0,"PureWater":0,"Question Card":15},{"Nunchaku":5,"Shovel":8,"Golden Idol":2,"Mummified Hand":5,"CeramicFish":4,"Mango":0,"PureWater":0,"Question Card":9},{"Nunchaku":23,"Shovel":34,"Golden Idol":7,"Mummified Hand":23,"CeramicFish":17,"Mango":0,"PureWater":0,"Question Card":37}]},"card_choices":[{"not_picked":["Prostrate","SashWhip"],"picked":"FlyingSleeves","floor":1.0},{"not_picked":["Vengeance","BowlingBash"],"picked":"ReachHeaven","floor":2.0},{"not_picked":["Consecrate","Evaluate","FlurryOfBlows"],"picked":"SKIP","floor":5.0},{"not_picked":["Alpha","Worship"],"picked":"ThirdEye","floor":6.0},{"not_picked":["ReachHeaven","FearNoEvil"],"picked":"Meditate","floor":8.0},{"not_picked":["BowlingBash","Crescendo","Halt"],"picked":"SKIP","floor":10.0},{"not_picked":["Protect","JustLucky"],"picked":"ThirdEye","floor":12.0},{"not_picked":["Protect","Prostrate","JustLucky"],"picked":"SKIP","floor":13},{"not_picked":["FlyingSleeves","Prostrate","PathToVictory"],"picked":"SKIP","floor":14}],"player_experience":867990,"relics_obtained":[{"floor":6.0,"key":"CeramicFish"},{"floor":8.0,"key":"Mummified Hand"},{"floor":9.0,"key":"Nunchaku"},{"floor":13,"key":"Shovel"},{"floor":15,"key":"Question Card"}],"event_choices":[{"damage_healed":0.0,"max_hp_gain":0.0,"max_hp_loss":7.0,"gold_gain":0.0,"event_name":"Golden Idol","player_choice":"Lose Max HP","floor":3.0,"gold_loss":0.0,"damage_taken":0.0,"relics_obtained":["Golden Idol"]}],"is_beta":false,"boss_relics":[],"items_purged_floors":[],"is_endless":false,"potions_floor_spawned":[2,5,6,13],"killed_by":"The Guardian","ascension_level":20}}