{"host":"bf1tnxyvjw6wp3cl","time":1607814475,"event":{"mods":["AchievementEnabler","BaseMod","Block Reminder","Colored Powertips","Minty Spire (QoL Compilation)","Quick Restart","Relic Stats","StSLib","SuperFastMode"],"gold_per_floor":[114,114,36,55,72,105,105,124,124,144,144,144,144,173,173,274,274,289,289,309,178,196,196,196],"floor_reached":23,"playtime":581,"items_purged":[],"score":191,"play_id":"7f2e003e-32be-49f7-99d2-7296c0e6f505","local_time":"20201212180755","is_ascension_mode":false,"campfire_choices":[{"data":"A Thousand Cuts","floor":7,"key":"SMITH"},{"data":"Cloak And Dagger","floor":11,"key":"SMITH"},{"data":"Cloak And Dagger","floor":15,"key":"SMITH"}],"circlet_count":0,"master_deck":["Strike_G","Strike_G","Strike_G","Strike_G","Strike_G","Defend_G","Defend_G","Defend_G","Defend_G","Defend_G","Survivor","Neutralize","Bane","Crippling Poison","Cloak And Dagger+1","Backflip","A Thousand Cuts+1","Heel Hook","Cloak And Dagger+1","Regret","Poisoned Stab","A Thousand Cuts","Blade Dance","Accuracy","Deadly Poison","Accuracy","Cloak And Dagger","Endless Agony+1"],"relics":["Ring of the Snake","NeowsBlessing","Letter Opener","Meat on the Bone","Gremlin Horn","Nunchaku","Odd Mushroom","Cursed Key"],"acts_visited":["Exordium","TheCity"],"potions_floor_usage":[14,16,18],"damage_taken":[{"damage":0,"enemies":"Small Slimes","floor":1,"turns":1},{"damage":0,"enemies":"Cultist","floor":4,"turns":1},{"damage":0,"enemies":"2 Louse","floor":5,"turns":1},{"damage":25,"enemies":"Gremlin Nob","floor":6,"turns":6},{"damage":0,"enemies":"2 Fungi Beasts","floor":8,"turns":3},{"damage":1,"enemies":"Blue Slaver","floor":10,"turns":4},{"damage":2,"enemies":"The Mushroom Lair","floor":14,"turns":3},{"damage":34,"enemies":"Hexaghost","floor":16,"turns":9},{"damage":13,"enemies":"2 Thieves","floor":18,"turns":4},{"damage":3,"enemies":"Spheric Guardian","floor":20,"turns":3},{"damage":23,"enemies":"Snecko","floor":22,"turns":4},{"damage":43,"enemies":"Book of Stabbing","floor":23,"turns":4}],"seed_played":"-8599745856627394004","potions_obtained":[{"floor":5,"key":"SpeedPotion"},{"floor":6,"key":"PowerPotion"},{"floor":8,"key":"BlessingOfTheForge"},{"floor":14,"key":"AttackPotion"},{"floor":20,"key":"FearPotion"}],"is_trial":false,"path_per_floor":["M","?","$","M","M","E","R","M","T","M","R","?","?","?","R","B",null,"M","?","M","$","M","E"],"character_chosen":"THE_SILENT","items_purchased":["Crippling Poison","Accuracy","Cloak And Dagger"],"campfire_rested":0,"item_purchase_floors":[3,21,21],"current_hp_per_floor":[70,70,70,70,70,45,45,45,45,44,44,32,32,42,42,20,70,57,57,54,54,43,0,0],"gold":196,"neow_bonus":"THREE_ENEMY_KILL","is_daily":false,"chose_seed":false,"campfire_upgraded":3,"win_rate":0.0,"timestamp":1607814475,"path_taken":["M","?","$","M","M","E","R","M","T","?","R","?","?","?","R","BOSS","M","?","M","$","M","E"],"items_purchased_type":["Card","Card","Card"],"build_version":"2020-11-30","purchased_purges":0,"victory":false,"max_hp_per_floor":[70,70,70,70,70,70,70,70,70,70,70,70,70,70,70,70,70,70,70,70,70,70,70,70],"relic_stats":{"Nunchaku":[7],"Gremlin Horn":[3,3],"counters":[12,43],"Letter Opener":[25],"Cursed Key":0,"obtain_stats":[{"Nunchaku":13,"NeowsBlessing":0,"Gremlin Horn":12,"Letter Opener":6,"Odd Mushroom":14,"Cursed Key":17,"Ring of the Snake":0,"Meat on the Bone":9},{"Nunchaku":6,"NeowsBlessing":0,"Gremlin Horn":6,"Letter Opener":4,"Odd Mushroom":7,"Cursed Key":8,"Ring of the Snake":0,"Meat on the Bone":5},{"Nunchaku":16,"NeowsBlessing":0,"Gremlin Horn":16,"Letter Opener":9,"Odd Mushroom":19,"Cursed Key":28,"Ring of the Snake":0,"Meat on the Bone":12}],"Ring of the Snake":[24],"Meat on the Bone":36},"card_choices":[{"not_picked":["PiercingWail","Slice"],"picked":"Bane","floor":1},{"not_picked":["Calculated Gamble","Dagger Throw"],"picked":"Cloak And Dagger","floor":4},{"not_picked":["Skewer","Leg Sweep"],"picked":"Backflip","floor":5},{"not_picked":["Eviscerate","Acrobatics"],"picked":"A Thousand Cuts","floor":6},{"not_picked":["Caltrops","Flying Knee"],"picked":"Heel Hook","floor":8},{"not_picked":["Quick Slash","Poisoned Stab"],"picked":"Cloak And Dagger","floor":10},{"not_picked":["Caltrops","Flechettes"],"picked":"Poisoned Stab","floor":14},{"not_picked":["Doppelganger","Burst"],"picked":"A Thousand Cuts","floor":16},{"not_picked":["Dodge and Roll","Concentrate+1"],"picked":"Blade Dance","floor":18},{"not_picked":["Sucker Punch","Flechettes"],"picked":"Deadly Poison","floor":20},{"not_picked":["Dagger Spray","Flechettes"],"picked":"Endless Agony+1","floor":22}],"player_experience":145260,"relics_obtained":[{"floor":6,"key":"Letter Opener"},{"floor":9,"key":"Meat on the Bone"},{"floor":14,"key":"Odd Mushroom"}],"event_choices":[{"damage_healed":0,"gold_gain":0,"player_choice":"Bought 0 Potions","damage_taken":0,"max_hp_gain":0,"max_hp_loss":0,"event_name":"The Woman in Blue","floor":2,"gold_loss":0},{"damage_healed":0,"gold_gain":0,"player_choice":"Success","damage_taken":12,"relics_obtained":["Gremlin Horn"],"max_hp_gain":0,"max_hp_loss":0,"event_name":"Scrap Ooze","floor":12,"gold_loss":0},{"damage_healed":0,"gold_gain":0,"player_choice":"Box","damage_taken":0,"relics_obtained":["Nunchaku"],"max_hp_gain":0,"max_hp_loss":0,"event_name":"Big Fish","floor":13,"gold_loss":0,"cards_obtained":["Regret"]},{"damage_healed":0,"gold_gain":0,"player_choice":"Fought Mushrooms","damage_taken":0,"max_hp_gain":0,"max_hp_loss":0,"event_name":"Mushrooms","floor":14,"gold_loss":0},{"damage_healed":0,"gold_gain":0,"player_choice":"Read","damage_taken":0,"max_hp_gain":0,"max_hp_loss":0,"event_name":"The Library","floor":19,"gold_loss":0,"cards_obtained":["Accuracy"]}],"is_beta":false,"boss_relics":[{"not_picked":["Snecko Eye","Empty Cage"],"picked":"Cursed Key"}],"items_purged_floors":[],"is_endless":false,"potions_floor_spawned":[5,6,8,14,20],"killed_by":"Book of Stabbing","ascension_level":0}}