{"host":"1lcvmslm5dvu1wk7","time":1607763441,"event":{"mods":["BaseMod","Colored Powertips","Minty Spire (QoL Compilation)","Remilia£®¿Ÿ√◊¿Ú—«£©","Shop Mod","StSLib"],"gold_per_floor":[109,34,34,46,58,98,110,154,166,192,204,232,244,282,294,384,396,427,439,470,497,522,562,574,611,648,672,717,729,741,430,430,506,506,516,533,550,569,569,569,597,597,679,137,153,183,194,222,222,222],"floor_reached":51,"playtime":3306,"items_purged":["Defend_RM","Defend_RM","Strike_RM"],"score":1712,"play_id":"86153e6f-a3c1-4083-8763-a8b6cfd4e771","local_time":"20201212165720","is_ascension_mode":true,"campfire_choices":[{"data":"ScarletDevil","floor":11.0,"key":"SMITH"},{"floor":13.0,"key":"REST"},{"data":"EndlessAdversity","floor":15.0,"key":"SMITH"},{"data":"UnderTheZenith","floor":24.0,"key":"SMITH"},{"data":"DiffusionOfMisfortune","floor":32.0,"key":"SMITH"},{"data":"ScarletSymphony","floor":40.0,"key":"SMITH"},{"data":"Deep Breath","floor":42.0,"key":"SMITH"},{"data":"ScarletSymphony","floor":49.0,"key":"SMITH"}],"circlet_count":0,"master_deck":["AscendersBane","Strike_RM","Strike_RM","Strike_RM","RedMoon","ScarletShoot+1","EndlessAdversity+1","ScarletDevil+1","TransientEternity","HunterOfTheNight+1","UnderTheZenith+1","DiffusionOfMisfortune+1","MastersStateliness+1","BloodyCatastrophe","CurseOfTheBell","ScarletDream","ScarletSymphony+1","Deep Breath+1","Impatience","Thinking Ahead","UnderTheZenith","MastersStateliness","GlobalNightmare","ScarletSymphony+1"],"relics":["ScarletHat","Darkstone Periapt","Question Card","AntiCross","Pantograph","Gambling Chip","Anchor","Akabeko","Happy Flower","MerchantsRug","Toolbox","Calling Bell","Vajra","Kunai","Torii","Calipers","Bottled Tornado","ClockworkSouvenir","Bronze Scales","Letter Opener","Boot"],"acts_visited":["Exordium","TheCity","TheBeyond"],"potions_floor_usage":[],"damage_taken":[{"damage":0.0,"enemies":"Small Slimes","floor":1.0,"turns":3.0},{"damage":13.0,"enemies":"3 Sentries","floor":6.0,"turns":9.0},{"damage":20.0,"enemies":"Gremlin Nob","floor":8.0,"turns":5.0},{"damage":6.0,"enemies":"Jaw Worm","floor":10.0,"turns":3.0},{"damage":0.0,"enemies":"Cultist","floor":12.0,"turns":2.0},{"damage":10.0,"enemies":"Lagavulin","floor":14.0,"turns":4.0},{"damage":28.0,"enemies":"Hexaghost","floor":16.0,"turns":7.0},{"damage":0.0,"enemies":"Spheric Guardian","floor":18.0,"turns":2.0},{"damage":20.0,"enemies":"2 Thieves","floor":20.0,"turns":3.0},{"damage":4.0,"enemies":"Snecko","floor":21.0,"turns":3.0},{"damage":0.0,"enemies":"3 Cultists","floor":22.0,"turns":2.0},{"damage":0.0,"enemies":"Gremlin Leader","floor":23.0,"turns":3.0},{"damage":28.0,"enemies":"Slavers","floor":25.0,"turns":6.0},{"damage":4.0,"enemies":"Chosen and Byrds","floor":27.0,"turns":3.0},{"damage":6.0,"enemies":"Gremlin Leader","floor":28.0,"turns":3.0},{"damage":16.0,"enemies":"Champ","floor":33.0,"turns":5.0},{"damage":0.0,"enemies":"3 Shapes","floor":35.0,"turns":1.0},{"damage":4.0,"enemies":"3 Darklings","floor":36.0,"turns":2.0},{"damage":0.0,"enemies":"Sphere and 2 Shapes","floor":37.0,"turns":2.0},{"damage":14.0,"enemies":"Writhing Mass","floor":38.0,"turns":3.0},{"damage":0.0,"enemies":"Reptomancer","floor":41.0,"turns":1.0},{"damage":0.0,"enemies":"Spire Growth","floor":45.0,"turns":1.0},{"damage":4.0,"enemies":"Nemesis","floor":46.0,"turns":1.0},{"damage":52.0,"enemies":"Transient","floor":47.0,"turns":5.0},{"damage":0.0,"enemies":"Reptomancer","floor":48.0,"turns":1.0},{"damage":53,"enemies":"Awakened One","floor":50,"turns":2}],"seed_played":"5915022354574889266","potions_obtained":[{"floor":6.0,"key":"EssenceOfSteel"},{"floor":8.0,"key":"AttackPotion"},{"floor":10.0,"key":"Fire Potion"},{"floor":20.0,"key":"FearPotion"},{"floor":22.0,"key":"AttackPotion"},{"floor":27.0,"key":"GamblersBrew"},{"floor":33.0,"key":"Dexterity Potion"},{"floor":37.0,"key":"DistilledChaos"},{"floor":41.0,"key":"PowerPotion"}],"is_trial":false,"path_per_floor":["M","$","?","?","$","E","T","E","T","M","R","M","R","E","R","B",null,"M","?","M","M","M","E","R","E","T","M","E","?","?","$","R","B",null,"M","M","M","M","?","R","E","R","T","$","M","E","M","E","R","B",null],"character_chosen":"REMILIA","items_purchased":["MerchantsRug","Toolbox","UnderTheZenith","MastersStateliness","Swift Potion","ClockworkSouvenir","Bronze Scales"],"campfire_rested":1,"item_purchase_floors":[31,31,44,44,44,44,44],"current_hp_per_floor":[64,64,57,62,62,51,51,31,31,25,25,25,47,44,44,63,72,72,72,52,53,59,60,60,39,39,39,33,19,90,90,90,90,96,96,92,94,87,77,77,89,89,89,89,89,96,81,81,81,61],"gold":222,"neow_bonus":"UPGRADE_CARD","is_daily":false,"chose_seed":false,"campfire_upgraded":7,"win_rate":0.0,"timestamp":1607763440,"path_taken":["M","$","?","?","$","E","?","E","T","M","R","?","R","E","R","BOSS","M","?","M","M","M","E","R","E","T","M","E","?","?","$","R","BOSS","M","M","M","M","?","R","E","R","T","$","M","E","M","E","R","BOSS"],"items_purchased_type":["Relic","Relic","Card","Card","Potion","Relic","Relic"],"build_version":"2020-11-30","purchased_purges":3,"victory":true,"max_hp_per_floor":[70,70,70,75,75,75,75,75,75,75,75,75,75,75,75,75,75,75,75,75,75,75,75,75,75,75,75,75,80,90,90,90,90,96,96,96,96,96,96,96,96,96,96,96,96,96,96,96,96,96],"card_choices":[{"not_picked":["UnstableMagic","BlasphemousPunishment"],"picked":"EndlessAdversity","floor":1.0},{"not_picked":["DevilSight","AfternoonTea","ForecastOfChange"],"picked":"SKIP","floor":6.0},{"not_picked":["MillenniumVampire","Maim","BlasphemousPunishment"],"picked":"ScarletDevil","floor":8.0},{"not_picked":["RedNightlessCastle","Stigmanizer","EmergencyRegeneration","VampireKiss"],"picked":"SKIP","floor":10.0},{"not_picked":["UnderTheZenith","CeilingFear","ChainGang","Stigmanizer"],"picked":"SKIP","floor":12.0},{"not_picked":["CharismaGuard","DevilSight","BloodyMagicSquare","VampireKiss"],"picked":"SKIP","floor":14.0},{"not_picked":["ScarletMeister","KillingBlow","TricksterDevil"],"picked":"TransientEternity","floor":16.0},{"not_picked":["ScarletDream","CharismaGuard","FavorOfDestiny"],"picked":"HunterOfTheNight+1","floor":18.0},{"not_picked":["Septette","NightLord","RedNightlessCastle","UnstableMagic"],"picked":"SKIP","floor":20.0},{"not_picked":["NightDance","LeisurelyOfLord","BloodyHallows"],"picked":"UnderTheZenith","floor":21.0},{"not_picked":["FavorOfDestiny","ScarletGensokyo","VampireClaw","RedRainbow"],"picked":"SKIP","floor":22.0},{"not_picked":["BloodAndWine","ChaoticDestiny","CharismaGuard","TwelveNightmare"],"picked":"SKIP","floor":23.0},{"not_picked":["Septette","AfternoonTea","LeisurelyOfLord"],"picked":"DiffusionOfMisfortune","floor":25.0},{"not_picked":["RedRainbow","DiffusionOfMisfortune","BloodHunter","EndlessAdversity"],"picked":"SKIP","floor":25.0},{"not_picked":["VampireSweep","BloodHunter","NightDance"],"picked":"MastersStateliness+1","floor":27.0},{"not_picked":["UnstableMagic+1","EternalNight","UltimateOffering","BloodyTrap"],"picked":"SKIP","floor":28.0},{"not_picked":["TransientEternity","DemonKingCradle","KillingBlow"],"picked":"BloodyCatastrophe","floor":33.0},{"not_picked":["BloodHunter","ScarletMeister","DiffusionOfMisfortune"],"picked":"ScarletDream","floor":35.0},{"not_picked":["ChainGang","EternalNight","UnstableMagic+1","BlasphemousPunishment"],"picked":"SKIP","floor":36.0},{"not_picked":["DevilSight","EternalNight","BloodHunter"],"picked":"ScarletSymphony","floor":37.0},{"not_picked":["SuperhumanBloodyKnife","UnstableMagic","BlasphemousPunishment","LeisurelyOfLord"],"picked":"SKIP","floor":38.0},{"not_picked":["Good Instincts","Secret Weapon","Mind Blast"],"picked":"Deep Breath","floor":39.0},{"not_picked":["Dark Shackles","HandOfGreed","Discovery"],"picked":"Impatience","floor":39.0},{"not_picked":["Chrysalis","Finesse","Forethought"],"picked":"Thinking Ahead","floor":39.0},{"not_picked":["DiffusionOfMisfortune+1","EndlessAdversity+1","UnstableMagic","ChainGang+1"],"picked":"SKIP","floor":41.0},{"not_picked":["EndlessAdversity","MiserableFate","ScarletDream+1"],"picked":"GlobalNightmare","floor":45.0},{"not_picked":["BloodyMagicSquare","TricksterDevil","ScarletDevilSign","HeartBreak"],"picked":"SKIP","floor":46.0},{"not_picked":["RedRainbow+1","LeisurelyOfLord","BlasphemousPunishment"],"picked":"ScarletSymphony","floor":47.0},{"not_picked":["DiffusionOfMisfortune","TwelveNightmare+1","UnstableMagic+1","ScarletDevilSign"],"picked":"SKIP","floor":48.0}],"player_experience":187784,"relics_obtained":[{"floor":6.0,"key":"Darkstone Periapt"},{"floor":7.0,"key":"Question Card"},{"floor":8.0,"key":"AntiCross"},{"floor":9.0,"key":"Pantograph"},{"floor":14.0,"key":"Gambling Chip"},{"floor":23.0,"key":"Anchor"},{"floor":25.0,"key":"Potion Belt"},{"floor":26.0,"key":"Akabeko"},{"floor":28.0,"key":"Happy Flower"},{"floor":34.0,"key":"Vajra"},{"floor":34.0,"key":"Kunai"},{"floor":34.0,"key":"Torii"},{"floor":41.0,"key":"Calipers"},{"floor":43.0,"key":"Bottled Tornado"},{"floor":46.0,"key":"Letter Opener"},{"floor":48.0,"key":"Boot"}],"event_choices":[{"damage_healed":0.0,"max_hp_gain":0.0,"max_hp_loss":0.0,"gold_gain":0.0,"event_name":"Scrap Ooze","player_choice":"Success","floor":3.0,"gold_loss":0.0,"damage_taken":7.0,"relics_obtained":["MawBank"]},{"damage_healed":0.0,"max_hp_gain":5.0,"max_hp_loss":0.0,"gold_gain":0.0,"event_name":"Big Fish","player_choice":"Donut","floor":4.0,"gold_loss":0.0,"damage_taken":0.0},{"damage_healed":0.0,"max_hp_gain":0.0,"max_hp_loss":0.0,"gold_gain":0.0,"event_name":"Cursed Tome","player_choice":"Ignored","floor":19.0,"gold_loss":0.0,"damage_taken":0.0},{"damage_healed":0.0,"max_hp_gain":5.0,"max_hp_loss":0.0,"gold_gain":0.0,"event_name":"Forgotten Altar","player_choice":"Shed Blood","floor":29.0,"gold_loss":0.0,"damage_taken":19.0},{"damage_healed":0.0,"max_hp_gain":0.0,"max_hp_loss":0.0,"gold_gain":0.0,"event_name":"SensoryStone","player_choice":"Memory 3","floor":39.0,"gold_loss":0.0,"damage_taken":10.0}],"is_beta":false,"boss_relics":[{"not_picked":["Pandora\u0027s Box","Runic Pyramid"],"picked":"Empty Cage"},{"not_picked":["APieceOfRedMist","Snecko Eye"],"picked":"Calling Bell"}],"items_purged_floors":[2,31,44],"is_endless":false,"potions_floor_spawned":[6,8,10,20,22,27,33,37,41,48],"ascension_level":14}}