{"host":"kx62hxkutszy5nb0","time":1607781404,"event":{"mods":["2.2 Compatiblity","AchievementEnabler","Aspiration","BaseMod","Better Altar","Better Match","Better Note","Better Sensory Stone","Better Skull","Better Third Choice","Better Vampires","CCEM","Colored Map","Colored Powertips","Conspire","Custom Start","Defuse TimeMaze Blight","Displayed Cursed Tome","Downfall","Hermit","Hubris","Infinite Spire","Jorbs\u0027s Wanderer Trilogy","Koishi","Marked Mod","Minty Spire (QoL Compilation)","Prisma Mod","Relic Sorter","Relic Stats","Replay The Spire","Shade Mod","Shop Mod","Spikes Relics","StSLib","Td1madao Mod","The Alterego","The Bladedancer","The Construct","The Cursed","The Exalted","The Forsaken","The Hierophant","The Judge","The Jungle","TheSwordswoman","Virulent Crown","everything is the same but u backflip on backflip"],"gold_per_floor":[113,113,129,139,139,156,156,169,169,187,207,236,236,253,253,352,352,335,335],"floor_reached":18,"playtime":1017,"items_purged":[],"score":168,"play_id":"30cf8588-9cd7-4946-8854-b5ebddc91e57","local_time":"20201212235644","is_ascension_mode":false,"campfire_choices":[{"data":"PrismaMod:IllyaPoisonTippedWeapons","floor":7,"key":"SMITH"},{"data":"PrismaMod:IllyaUncommonDefend","floor":15,"key":"SMITH"}],"circlet_count":0,"master_deck":["PrismaMod:IllyaCommonAttack","PrismaMod:IllyaCommonDefend","PrismaMod:IllyaCommonAttack","PrismaMod:IllyaCommonDefend","PrismaMod:IllyaCommonAttack","PrismaMod:IllyaCommonDefend","PrismaMod:IllyaCommonDefend","PrismaMod:IllyaCommonAttack","PrismaMod:IllyaCommonDefend","PrismaMod:IllyaUncommonAttack","PrismaMod:IllyaUncommonDefend+1","PrismaMod:IllyaFriendMaker","PrismaMod:IllyaCheapChannelPoison","PrismaMod:IllyaBoysLove","PrismaMod:IllyaPoisonTippedWeapons+1","PrismaMod:IllyaReinForce","PrismaMod:IllyaRubysPotion","PrismaMod:IllyaCommandSeal","PrismaMod:IllyaUberChannel","PrismaMod:IllyaPoisonBlock","PrismaMod:IllyaUncommonAOEAttack","PrismaMod:IllyaInstallAvenger"],"relics":["PrismaMod:PrismaRuby","NeowsBlessing","Replay:Bottled Flurry","PreservedInsect","theForsaken:PaleLantern"],"acts_visited":["Exordium","TheCity"],"potions_floor_usage":[6,12,12,12,18],"damage_taken":[{"damage":0,"enemies":"Small Slimes","floor":1,"turns":1},{"damage":0,"enemies":"Cultist","floor":3,"turns":1},{"damage":0,"enemies":"Jaw Worm","floor":4,"turns":1},{"damage":0,"enemies":"Red Slaver","floor":6,"turns":5},{"damage":0,"enemies":"Blue Slaver","floor":8,"turns":5},{"damage":9,"enemies":"Gremlin Gang","floor":10,"turns":7},{"damage":1,"enemies":"2 Fungi Beasts","floor":11,"turns":5},{"damage":13,"enemies":"3 Sentries","floor":12,"turns":6},{"damage":6,"enemies":"Blue Slaver","floor":14,"turns":5},{"damage":10,"enemies":"Slime Boss","floor":16,"turns":14},{"damage":14,"enemies":"2 Thieves","floor":18,"turns":4}],"seed_played":"-1060073852212011120","potions_obtained":[{"floor":1,"key":"Block Potion"},{"floor":8,"key":"Strength Potion"},{"floor":10,"key":"LiquidBronze"},{"floor":11,"key":"Dexterity Potion"},{"floor":12,"key":"SpeedPotion"}],"is_trial":false,"path_per_floor":["M","?","M","M","?","M","R","M","T","M","M","E","?","M","R","B",null,"M"],"character_chosen":"ILLYA","items_purchased":[],"campfire_rested":0,"item_purchase_floors":[],"current_hp_per_floor":[75,68,68,68,68,68,68,68,68,64,71,61,61,60,60,58,75,61,61],"gold":335,"neow_bonus":"THREE_ENEMY_KILL","is_daily":false,"chose_seed":false,"campfire_upgraded":2,"win_rate":0.0,"timestamp":1607781404,"path_taken":["M","?","M","?","?","M","R","?","T","M","M","E","?","M","R","BOSS","M"],"items_purchased_type":[],"build_version":"2020-11-30","purchased_purges":0,"victory":false,"max_hp_per_floor":[75,75,75,75,75,75,75,75,75,75,75,75,75,75,75,75,75,75,75],"relic_stats":{"counters":[11,54],"PreservedInsect":0,"obtain_stats":[{"PrismaMod:PrismaRuby":0,"NeowsBlessing":0,"PreservedInsect":12,"theForsaken:PaleLantern":17,"Replay:Bottled Flurry":9},{"PrismaMod:PrismaRuby":0,"NeowsBlessing":0,"PreservedInsect":8,"theForsaken:PaleLantern":10,"Replay:Bottled Flurry":5},{"PrismaMod:PrismaRuby":0,"NeowsBlessing":0,"PreservedInsect":31,"theForsaken:PaleLantern":50,"Replay:Bottled Flurry":13}]},"card_choices":[{"not_picked":["PrismaMod:IllyaEvokeAll","PrismaMod:IllyaUncommonEvoke"],"picked":"PrismaMod:IllyaFriendMaker","floor":1},{"not_picked":["PrismaMod:IllyaUberPoisonBlock","PrismaMod:IllyaUpgradeOrbs"],"picked":"PrismaMod:IllyaCheapChannelPoison","floor":3},{"not_picked":["PrismaMod:IllyaCommandSeal","PrismaMod:IllyaPoisoningPhantasm"],"picked":"PrismaMod:IllyaBoysLove","floor":4},{"not_picked":["PrismaMod:IllyaRussianRoulette","PrismaMod:IllyaMinorZwei"],"picked":"PrismaMod:IllyaReinForce","floor":6},{"not_picked":["PrismaMod:IllyaAssassinRevenge","PrismaMod:IllyaUncommonAOEAttack"],"picked":"PrismaMod:IllyaRubysPotion","floor":8},{"not_picked":["PrismaMod:IllyaGun","PrismaMod:IllyaGrail"],"picked":"PrismaMod:IllyaCommandSeal","floor":10},{"not_picked":["PrismaMod:IllyaPartialInstallAssassin","PrismaMod:IllyaInstallRuler"],"picked":"PrismaMod:IllyaUberChannel","floor":11},{"not_picked":["PrismaMod:IllyaMinorRapidFire","PrismaMod:IllyaGun"],"picked":"PrismaMod:IllyaPoisonBlock","floor":12},{"not_picked":["PrismaMod:IllyaGrailKun","PrismaMod:IllyaCheapDefend"],"picked":"PrismaMod:IllyaUncommonAOEAttack","floor":14},{"not_picked":["PrismaMod:IllyaUberAttackChannel","PrismaMod:IllyaCarnivalAttack"],"picked":"PrismaMod:IllyaInstallAvenger","floor":16}],"player_experience":739659,"relics_obtained":[{"floor":9,"key":"Replay:Bottled Flurry"},{"floor":12,"key":"PreservedInsect"}],"event_choices":[{"damage_healed":0,"gold_gain":0,"player_choice":"Damaged","damage_taken":7,"max_hp_gain":0,"max_hp_loss":0,"event_name":"Wheel of Change","floor":2,"gold_loss":0},{"damage_healed":0,"gold_gain":0,"cards_transformed":["PrismaMod:IllyaCommonAttack"],"player_choice":"Transformed","damage_taken":0,"max_hp_gain":0,"max_hp_loss":0,"event_name":"Transmorgrifier","floor":5,"gold_loss":0,"cards_obtained":["PrismaMod:IllyaPoisonTippedWeapons"]},{"damage_healed":0,"gold_gain":0,"player_choice":"3","damage_taken":0,"max_hp_gain":0,"max_hp_loss":0,"event_name":"betterMatch:BetterMatch","floor":13,"gold_loss":0,"cards_obtained":[]}],"is_beta":false,"boss_relics":[{"not_picked":["Painkiller Herb","construct:WeddingRing"],"picked":"theForsaken:PaleLantern"}],"items_purged_floors":[],"is_endless":false,"potions_floor_spawned":[1,8,10,11,12],"killed_by":"2 Thieves","ascension_level":0}}