{"host":"yllrlz30c75z9571","time":1607817087,"event":{"mods":["AchievementEnabler","Aspiration","Bard","BaseMod","Beaked The Cultist","Better Altar","Better Match","Better Note","Better Sensory Stone","Better Skull","Better Third Choice","BetterRewards","CCEM","Clawfect","Colored Map","Conspire","Downfall","GifTheSpireLib","Googly Eyes","Halation","Hermit","Highlight Path","Hubris","Hunter ??","Infinite Spire","Jedi Mod","Jorbs\u0027s Wanderer Trilogy","Mad Scientist","Marisa????????","Mimic Mod","Minty Spire (QoL Compilation)","Permanent Neow","Replay The Spire","Shade Mod","Shop Mod","Spicy Shops","StSLib","Stuff the Spire","The Administrix","The Blackbeard","The Bug Knight","The Construct","The Cursed","The Gatherer","The Hierophant","The IronCluck","The Jungle","The Mystic","The Necromancer","The Problem Sleuth","The Runesmith","The Servant 0.9.4","The Spell Scribe","The Witch","Unceasing Turn Reminder","[IsaacMod]????","everything is the same but u backflip on backflip","slay the spire mod where everything is the same but ironclad has a cowboy hat"],"gold_per_floor":[116,133,133,133,133,153,6,6,19,19,19,29,44,62,62,80,80,175,175,195,44,44,54,65,65,97,97,151,181,256,290,306,320,320,424,424,436,436,450,192,192,192,192,192,192],"floor_reached":43,"playtime":2977,"items_purged":[],"score":528,"play_id":"c22c054f-62bd-46c5-9924-f7020825ac07","local_time":"20201212235127","is_ascension_mode":true,"campfire_choices":[{"data":"blackbeard:Cutlass","floor":8,"key":"SMITH"},{"data":"blackbeard:Sword","floor":10,"key":"SMITH"},{"data":"StuffTheSpire:Ambrosia","floor":17,"key":"SMITH"},{"data":"blackbeard:RearmingStrike","floor":25,"key":"SMITH"},{"data":"blackbeard:AgileStrike","floor":27,"key":"SMITH"},{"floor":34,"key":"REST"},{"data":"blackbeard:IntimidatingStrike","floor":42,"key":"SMITH"}],"circlet_count":0,"master_deck":["blackbeard:BlackbeardStrike","blackbeard:BlackbeardStrike","blackbeard:BlackbeardStrike","blackbeard:BlackbeardStrike","blackbeard:IntimidatingStrike+1","blackbeard:BlackbeardDefend","blackbeard:BlackbeardDefend","blackbeard:BlackbeardDefend","blackbeard:BlackbeardDefend","blackbeard:Cutlass+1","blackbeard:AgileStrike+1","blackbeard:GoldenStrike","blackbeard:CloakAndCannonball","blackbeard:Sword+1","blackbeard:RearmingStrike+1","blackbeard:SwordDance","blackbeard:FieryDefense","Injury","StuffTheSpire:Ambrosia+1","blackbeard:CaptainsHat","blackbeard:Dagger","blackbeard:Spear","blackbeard:TerrorOfTheSeas","blackbeard:GoldenCannonball+1","blackbeard:FishingNets","blackbeard:BeatUp+1","blackbeard:Dagger+1","blackbeard:Halberd+1","blackbeard:RemoveScurvy+1","blackbeard:Upgrade+1","blackbeard:BlindAttacks+1","blackbeard:GoldenStrike+1","Wraith"],"relics":["blackbeard:LoadTheCannons","HushsDoor","aspiration:FetidBarrel","Molten Egg 2","hubris:Backtick","beaked:MendingPlumage","halation:Thesaurus","CCEMRelics:BiPhaseBiplane","Blood Vial","Replay:Wax Seal","Replay:Rubber Ducky","conspire:TopHat","halation:TwoAmDonut","Astrolabe","YumHeart","Ornamental Fan"],"acts_visited":["Exordium","TheCity","TheBeyond"],"potions_floor_usage":[16,16,18,18,23,33,35,37],"damage_taken":[{"damage":4,"enemies":"2 Louse","floor":1,"turns":3},{"damage":4,"enemies":"Cultist","floor":2,"turns":4},{"damage":0,"enemies":"Small Slimes","floor":6,"turns":3},{"damage":0,"enemies":"Exordium Wildlife","floor":9,"turns":2},{"damage":0,"enemies":"3 Louse","floor":12,"turns":2},{"damage":0,"enemies":"Exordium Thugs","floor":13,"turns":2},{"damage":13,"enemies":"Large Slime","floor":14,"turns":4},{"damage":3,"enemies":"3 Louse","floor":16,"turns":3},{"damage":34,"enemies":"Fading Forest","floor":18,"turns":11},{"damage":19,"enemies":"Shell Parasite","floor":20,"turns":6},{"damage":13,"enemies":"2 Thieves","floor":23,"turns":5},{"damage":0,"enemies":"Shelled Parasite and Fungi","floor":24,"turns":3},{"damage":42,"enemies":"Slavers","floor":26,"turns":6},{"damage":1,"enemies":"conspire:Head Lice","floor":29,"turns":7},{"damage":45,"enemies":"conspire:SneckoGhost","floor":31,"turns":5},{"damage":21,"enemies":"3 Cultists","floor":32,"turns":4},{"damage":25,"enemies":"conspire:HollyBat","floor":33,"turns":7},{"damage":76,"enemies":"Champ","floor":35,"turns":10},{"damage":18,"enemies":"3 Darklings","floor":37,"turns":4},{"damage":28,"enemies":"3 Shapes","floor":39,"turns":3},{"damage":155,"enemies":"Nemesis","floor":43,"turns":8}],"seed_played":"9086011342757070053","potions_obtained":[{"floor":2,"key":"Elixir"},{"floor":12,"key":"AttackPotion"},{"floor":13,"key":"ColorlessPotion"},{"floor":16,"key":"SpeedPotion"},{"floor":18,"key":"PowerPotion"},{"floor":20,"key":"sneckomod:MuddlingPotion"},{"floor":23,"key":"Ancient Potion"},{"floor":31,"key":"Toxic Potion"},{"floor":33,"key":"LifebloodPotion"}],"is_trial":false,"path_per_floor":["M","M","PTL","PTL","?","M","$","R","M","R","T","M","M","M","?","M","R","B",null,"M","$","?","M","M","R","E","R","T","E","?","E","M","M","R","B",null,"M","?","M","$","?","R","E"],"character_chosen":"BLACKBEARD_CLASS","items_purchased":["StuffTheSpire:Saxophone","halation:Thesaurus","Ornamental Fan"],"campfire_rested":1,"item_purchase_floors":[7,21,40],"current_hp_per_floor":[78,74,74,74,82,82,82,82,82,82,82,82,82,69,69,67,67,55,85,81,81,66,80,91,91,71,71,71,95,86,65,64,61,91,49,103,98,98,84,84,84,84,0,0,0],"gold":192,"neow_bonus":"TEN_PERCENT_HP_BONUS","is_daily":false,"chose_seed":false,"campfire_upgraded":6,"win_rate":0.0,"timestamp":1607817087,"path_taken":["M","M","PTL","PTL","?","M","$","R","M","R","T","M","M","M","?","M","R","BOSS","M","$","?","M","M","R","E","R","T","E","?","E","M","M","R","BOSS","M","?","M","$","?","R","E"],"items_purchased_type":["Relic","Relic","Relic"],"build_version":"2020-11-30","purchased_purges":0,"victory":false,"max_hp_per_floor":[82,82,82,82,82,82,82,82,82,82,82,82,82,82,82,83,83,85,85,87,87,87,89,91,91,93,93,93,95,95,97,99,101,101,103,103,105,105,107,107,107,107,109,109,109],"card_choices":[{"not_picked":["blackbeard:DeadlyArsenal","blackbeard:TacticalRetreat"],"picked":"blackbeard:AgileStrike","floor":1},{"not_picked":["blackbeard:PiratesWill","blackbeard:DangerousBlow"],"picked":"blackbeard:GoldenStrike","floor":2},{"not_picked":["blackbeard:WiseDefense","blackbeard:Bandana"],"picked":"blackbeard:CloakAndCannonball","floor":6},{"not_picked":["blackbeard:CannonBarrage","blackbeard:Dagger"],"picked":"blackbeard:Sword","floor":9},{"not_picked":["blackbeard:Shrapnel","Bomb"],"picked":"blackbeard:RearmingStrike","floor":12},{"not_picked":["blackbeard:WiseDefense","blackbeard:Scrap"],"picked":"blackbeard:SwordDance","floor":13},{"not_picked":["blackbeard:PirateHook","blackbeard:Sword"],"picked":"blackbeard:FieryDefense","floor":14},{"not_picked":["blackbeard:Toast","blackbeard:DoubleBottom"],"picked":"blackbeard:CaptainsHat","floor":16},{"not_picked":["blackbeard:Salvager","blackbeard:GoldenGuillotine+1"],"picked":"blackbeard:Intoxication","floor":18},{"not_picked":["blackbeard:CloakAndCannonball+1","blackbeard:Recklessness"],"picked":"blackbeard:Dagger","floor":20},{"not_picked":["blackbeard:SwordDance","blackbeard:GoldenCannonball+1"],"picked":"blackbeard:Spear","floor":23},{"not_picked":["blackbeard:GoldenDefense","blackbeard:Fencing"],"picked":"blackbeard:TerrorOfTheSeas","floor":24},{"not_picked":["blackbeard:WoodenLeg+1","blackbeard:PowderKeg"],"picked":"blackbeard:RearmingStrike+1","floor":26},{"not_picked":["blackbeard:CloakAndCannonball","blackbeard:InfiniteBarrage"],"picked":"blackbeard:GoldenCannonball+1","floor":29},{"not_picked":["blackbeard:Upgrade","blackbeard:GoldenStrike+1"],"picked":"blackbeard:FishingNets","floor":31},{"not_picked":["blackbeard:Salvager","blackbeard:AgileStrike+1"],"picked":"blackbeard:BeatUp+1","floor":32},{"not_picked":["blackbeard:GhostInTheRum","blackbeard:Shrapnel+1"],"picked":"blackbeard:Dagger+1","floor":33},{"not_picked":["blackbeard:ReapersScythe","blackbeard:GoldenGuillotine+1"],"picked":"blackbeard:FinalBarrage+1","floor":35},{"not_picked":["blackbeard:Fencing","blackbeard:TacticalRetreat+1"],"picked":"blackbeard:BlindAttacks+1","floor":37},{"not_picked":["blackbeard:PowderKeg+1","blackbeard:Sword"],"picked":"blackbeard:GoldenStrike+1","floor":39}],"player_experience":129700,"relics_obtained":[{"floor":11,"key":"aspiration:FetidBarrel"},{"floor":26,"key":"Replay:Wax Seal"},{"floor":28,"key":"Replay:Rubber Ducky"},{"floor":29,"key":"conspire:TopHat"},{"floor":31,"key":"halation:TwoAmDonut"}],"event_choices":[{"damage_healed":0,"gold_gain":75,"player_choice":"Touch","damage_taken":9,"max_hp_gain":0,"max_hp_loss":0,"event_name":"FaceTrader","floor":30,"gold_loss":0},{"damage_healed":0,"gold_gain":0,"player_choice":"Ignored","damage_taken":0,"max_hp_gain":0,"max_hp_loss":0,"event_name":"OrinTheCat","floor":41,"gold_loss":0}],"is_beta":false,"boss_relics":[{"not_picked":["Replay:Grab Bag","Replay:Bronze Core"],"picked":"hubris:Backtick"},{"not_picked":[]},{"not_picked":["ChewingGum","conspire:RoyalGoblet"],"picked":"Astrolabe"},{"not_picked":[]}],"items_purged_floors":[],"is_endless":false,"potions_floor_spawned":[2,12,13,16,18,20,23,31,33],"killed_by":"Nemesis","ascension_level":1}}