{"host":"owp3md0algd3028i","time":1607742108,"event":{"mods":["AchievementEnabler","Aspiration","BaseMod","BetterRewards","Card Forge","Colored Map","Colored Powertips","Conspire","Custom Start","DeckTracker","Defuse TimeMaze Blight","Downfall","Energized Spire","GifTheSpireLib","Halation","Hermit","Highlight Path","Hubris","Infinite Spire","Marisa????????","Minty Spire (QoL Compilation)","Permanent Neow","Quick Restart","Replay The Spire","Reworked Bosses","Shop Mod","StSLib","Stuff the Spire","SuperFastMode","UnlockEverythingMod","vexMod"],"gold_per_floor":[118,133,133,133,133,168,168,194,194,228,246,317,327,338,338,338,338],"floor_reached":16,"playtime":898,"items_purged":[],"score":195,"play_id":"d6d166ba-e7d4-4cc0-9e94-2ae45f18abe9","local_time":"20201211210148","is_ascension_mode":false,"campfire_choices":[{"floor":15,"key":"REST"}],"circlet_count":0,"master_deck":["hermit:Strike_Hermit","hermit:Strike_Hermit","hermit:Strike_Hermit","hermit:Strike_Hermit","hermit:Defend_Hermit","hermit:Defend_Hermit","hermit:Defend_Hermit","hermit:Defend_Hermit","hermit:Snapshot","hermit:Covet","hermit:Ricochet","hermit:GhostlyPresence","hermit:BigShot","infinitespire:SevenWalls","Regret","hermit:Snipe","hermit:Vantage","hermit:Purgatory","hermit:WideOpen","hermit:CalledShot","hermit:Manifest"],"relics":["hermit:Momento","Hammer of Thor","Seething Fire","Anvil of the Gods","vexMod:Spyglass","InkBottle","Pet Ghost","hubris:CuriousFeather","Pondfish Scales","hubris:OldNail","halation:WeightlessCrab","halation:SelfBoilingWater","hubris:PeanutButter"],"acts_visited":[],"potions_floor_usage":[10,14],"damage_taken":[{"damage":7,"enemies":"conspire:RoseBush","floor":1,"turns":3},{"damage":0,"enemies":"Cultist","floor":2,"turns":5},{"damage":34,"enemies":"Lagavulin","floor":6,"turns":8},{"damage":0,"enemies":"Gremlin Nob","floor":8,"turns":4},{"damage":22,"enemies":"Replay:BlueRogue","floor":10,"turns":6},{"damage":7,"enemies":"2 Louse","floor":11,"turns":4},{"damage":0,"enemies":"conspire:2 RoseBushes","floor":13,"turns":5},{"damage":1,"enemies":"Exordium Wildlife","floor":14,"turns":3},{"damage":29,"enemies":"The Guardian","floor":16,"turns":9}],"seed_played":"-1575448857404745949","potions_obtained":[{"floor":2,"key":"SpeedPotion"},{"floor":13,"key":"Flashbang"},{"floor":14,"key":"Block Potion"}],"is_trial":false,"path_per_floor":["M","M","AVR","T","?","E","?","E","T","E","M","T","M","M","R","B"],"character_chosen":"HERMIT","items_purchased":["vexMod:Spyglass","hermit:Ricochet"],"campfire_rested":1,"item_purchase_floors":[0,0],"current_hp_per_floor":[63,63,63,63,63,29,32,32,32,10,3,3,3,2,25,0,0],"gold":338,"neow_bonus":"","is_daily":false,"chose_seed":false,"campfire_upgraded":0,"win_rate":0.0,"timestamp":1607742108,"path_taken":["M","M","AVR","?","?","E","?","E","T","E","M","?","M","M","R","BOSS"],"items_purchased_type":["Relic","Card"],"build_version":"2020-11-30","purchased_purges":0,"victory":false,"max_hp_per_floor":[75,75,75,75,75,75,78,78,78,78,78,78,78,78,78,78,78],"card_choices":[{"not_picked":["hermit:WideOpen","hermit:Roulette"],"picked":"hermit:GhostlyPresence","floor":1},{"not_picked":["hermit:Misfire","hermit:Spite"],"picked":"hermit:BigShot","floor":2},{"not_picked":["hermit:Showdown","hermit:Glare"],"picked":"hermit:Snipe","floor":6},{"not_picked":["hermit:Roulette","hermit:Determination"],"picked":"hermit:Vantage","floor":8},{"not_picked":["hermit:BodyArmor","hermit:Misfire"],"picked":"hermit:Purgatory","floor":10},{"not_picked":["hermit:Quickdraw","hermit:Malice"],"picked":"hermit:WideOpen","floor":11},{"not_picked":["hermit:DeadMansHand","hermit:ItchyTrigger"],"picked":"hermit:CalledShot","floor":13},{"not_picked":["hermit:Misfire","hermit:Feint"],"picked":"hermit:Manifest","floor":14}],"player_experience":39459,"relics_obtained":[{"floor":4,"key":"Pet Ghost"},{"floor":6,"key":"Pondfish Scales"},{"floor":8,"key":"hubris:OldNail"},{"floor":9,"key":"halation:WeightlessCrab"},{"floor":10,"key":"halation:SelfBoilingWater"},{"floor":12,"key":"hubris:PeanutButter"}],"event_choices":[{"damage_healed":0,"gold_gain":0,"player_choice":"Box","damage_taken":0,"relics_obtained":["hubris:CuriousFeather"],"max_hp_gain":0,"max_hp_loss":0,"event_name":"Big Fish","floor":5,"gold_loss":0,"cards_obtained":["Regret"]}],"is_beta":false,"boss_relics":[],"items_purged_floors":[],"is_endless":false,"potions_floor_spawned":[2,13,14],"killed_by":"The Guardian","ascension_level":0}}