{"host":"k88fqnqg39joo1wf","time":1607817110,"event":{"mods":["Act Like it!","BaseMod","Colored Powertips","Highlight Path","Hubris","Infinite Spire","Mimic Mod","Minty Spire (QoL Compilation)","Pale of the Ancients","StSLib","Wandering Minibosses"],"gold_per_floor":[12,12,12,73,85,85,118,134,134,159,209,239,239,265,265,365,365,544,594,644,694,758,758,776,776,776,805,955,1113,1133,1163,1163,1262,1262,1274,1324,1344,816,866,901,901,951,976,995,1118,1138,1170,589,589,589,664,683,733,195,195,214,214,214,214,214],"floor_reached":61,"playtime":2840,"items_purged":["Strike_R+1","Strike_R"],"score":1841,"play_id":"615dae49-a83c-4184-8989-ecf921eac598","local_time":"20201212175150","is_ascension_mode":true,"campfire_choices":[{"data":"Demon Form","floor":6.0,"key":"SMITH"},{"data":"infinitespire:DeathsTouch","floor":13.0,"key":"SMITH"},{"data":"Armaments","floor":15.0,"key":"SMITH"},{"floor":23.0,"key":"REST"},{"floor":25.0,"key":"REST"},{"data":"Feed","floor":32.0,"key":"SMITH"},{"floor":41.0,"key":"REST"},{"data":"Crescendo","floor":49.0,"key":"SMITH"},{"floor":55.0,"key":"RECALL"},{"data":"Double Tap","floor":57,"key":"SMITH"}],"circlet_count":0,"master_deck":["Strike_R","Defend_R","Defend_R","Defend_R","Defend_R","Bash","Demon Form+1","Clash+1","Cleave","Dropkick","Thunderclap","Heavy Blade","hubris:CleavingFinish","Spot Weakness","infinitespire:DeathsTouch+1","Clash","Armaments+1","Feed+1","Iron Wave+1","Cleave+1","Clash","Reaper","Metallicize","Double Tap+1","CurseOfTheBell","Heavy Blade+1","Shockwave+1","Armaments+1","hubris:ReadiedAction+1","Iron Wave+1","CrushJoints","Crescendo+1","Clash","SandsOfTime","Thunderclap+1"],"relics":["Burning Blood","SsserpentHead","hubris:64BitClover","Incense Burner","Whetstone","Ornamental Fan","hubris:Metronome","SlaversCollar","Oddly Smooth Stone","Meat on the Bone","TungstenRod","Darkstone Periapt","hubris:CuriousFeather","Thread and Needle","Calling Bell","Tiny Chest","hubris:SphereOfDissonance","Dead Branch","hubris:Icosahedron","StoneCalendar","Bag of Preparation","hubris:Towel","hubris:DisguiseKit","hubris:ChampionShield","Eternal Feather","hubris:MysteriousPyramids","hubris:SlimyHat","MealTicket","Orrery","paleoftheancients:Timepiece","paleoftheancients:KeyRelic","Sozu","CultistMask","wanderingMiniBosses:LockLocket","Kunai","hubris:HerbalPaste","infinitespire:BottledMercury","Art of War","paleoftheancients:SoulOfTheVixen"],"acts_visited":["Exordium","TheCity","TheBeyond","paleoftheancients:PaleOfTheAncients"],"potions_floor_usage":[],"damage_taken":[{"damage":8.0,"enemies":"2 Louse","floor":1.0,"turns":4.0},{"damage":2.0,"enemies":"Jaw Worm","floor":4.0,"turns":3.0},{"damage":1.0,"enemies":"Cultist","floor":5.0,"turns":3.0},{"damage":16.0,"enemies":"Gremlin Nob","floor":7.0,"turns":3.0},{"damage":2.0,"enemies":"Exordium Wildlife","floor":8.0,"turns":3.0},{"damage":20.0,"enemies":"Lagavulin","floor":10.0,"turns":7.0},{"damage":0.0,"enemies":"Gremlin Nob","floor":12.0,"turns":2.0},{"damage":0.0,"enemies":"Lagavulin","floor":14.0,"turns":4.0},{"damage":30.0,"enemies":"Hexaghost","floor":16.0,"turns":6.0},{"damage":13.0,"enemies":"Shell Parasite","floor":18.0,"turns":7.0},{"damage":24.0,"enemies":"3 Byrds","floor":22.0,"turns":4.0},{"damage":14.0,"enemies":"Shelled Parasite and Fungi","floor":24.0,"turns":3.0},{"damage":17.0,"enemies":"Book of Stabbing","floor":27.0,"turns":3.0},{"damage":11.0,"enemies":"Colosseum Slavers","floor":28.0,"turns":4.0},{"damage":1.0,"enemies":"Colosseum Nobs","floor":28.0,"turns":2.0},{"damage":45.0,"enemies":"Cultist and Chosen","floor":29.0,"turns":6.0},{"damage":28.0,"enemies":"Snake Plant","floor":30.0,"turns":3.0},{"damage":0.0,"enemies":"Gremlin Leader","floor":31.0,"turns":2.0},{"damage":47.0,"enemies":"Champ","floor":33.0,"turns":7.0},{"damage":31.0,"enemies":"3 Darklings","floor":35.0,"turns":4.0},{"damage":33.0,"enemies":"3 Shapes","floor":37.0,"turns":3.0},{"damage":41.0,"enemies":"Reptomancer","floor":40.0,"turns":6.0},{"damage":29.0,"enemies":"Maw","floor":44.0,"turns":6.0},{"damage":39.0,"enemies":"Writhing Mass","floor":46.0,"turns":4.0},{"damage":8.0,"enemies":"Nemesis","floor":47.0,"turns":7.0},{"damage":29.0,"enemies":"infinitespire:MassOfShapes","floor":50.0,"turns":6.0},{"damage":40.0,"enemies":"infinitespire:MassOfShapes","floor":51.0,"turns":4.0},{"damage":0.0,"enemies":"","floor":52.0,"turns":5.0},{"damage":17,"enemies":"","floor":56,"turns":7},{"damage":167,"enemies":"paleoftheancients:N","floor":60,"turns":11}],"seed_played":"-2620231388139362855","potions_obtained":[{"floor":4.0,"key":"Regen Potion"},{"floor":5.0,"key":"DuplicationPotion"},{"floor":12.0,"key":"Fire Potion"},{"floor":24.0,"key":"LiquidMemories"},{"floor":28.0,"key":"DuplicationPotion"},{"floor":30.0,"key":"infinitespire:BlackPotion"},{"floor":35.0,"key":"Weak Potion"},{"floor":44.0,"key":"DistilledChaos"}],"is_trial":false,"path_per_floor":["M","?","?","M","M","R","E","M","T","E","?","E","R","E","R","B",null,"M","?","?","?","M","R","M","R","T","E","?","M","M","E","R","B",null,"M","?","M","$","?","E","R","?","T","M","T","M","E","$","R","B","M","M","?","$","R","M","R","$","?","B",null],"character_chosen":"IRONCLAD","items_purchased":["StoneCalendar","Bag of Preparation","hubris:SlimyHat","MealTicket","Orrery","Clash","hubris:HerbalPaste","infinitespire:BottledMercury","Art of War"],"campfire_rested":3,"item_purchase_floors":[38,38,48,48,48,48,54,54,54],"current_hp_per_floor":[78,78,78,80,80,80,70,74,74,60,40,46,46,52,52,28,67,60,45,45,45,30,56,51,78,78,67,70,43,36,62,62,42,89,64,64,49,49,49,57,87,87,87,79,79,58,69,69,87,93,81,103,103,103,103,103,103,103,103,103],"gold":214,"neow_bonus":"THREE_RARE_CARDS","is_daily":false,"chose_seed":false,"campfire_upgraded":6,"win_rate":0.0,"timestamp":1607817110,"path_taken":["M","?","?","?","M","R","E","M","T","E","?","E","R","E","R","BOSS","M","?","?","?","?","R","M","R","T","E","?","M","M","E","R","BOSS","M","?","M","$","?","E","R","?","T","M","?","M","E","$","R","BOSS","M","M","?","$","R","M","R","$","?","BOSS"],"items_purchased_type":["Relic","Relic","Relic","Relic","Relic","Card","Relic","Relic","Relic"],"build_version":"2020-11-30","purchased_purges":2,"victory":true,"max_hp_per_floor":[80,80,80,80,80,80,80,80,80,80,80,80,80,80,80,80,80,80,85,85,85,88,88,91,91,91,91,94,94,97,97,97,97,103,103,103,103,103,103,103,103,103,103,103,103,103,103,103,103,103,103,103,103,103,103,103,103,103,103,103],"card_choices":[{"not_picked":["Corruption","Reaper"],"picked":"Demon Form","floor":0.0},{"not_picked":["Warcry","Whirlwind"],"picked":"Clash","floor":1.0},{"not_picked":["Body Slam","Entrench"],"picked":"Dropkick","floor":4.0},{"not_picked":["Body Slam","Havoc"],"picked":"Thunderclap","floor":5.0},{"not_picked":["Flex","Feel No Pain"],"picked":"Heavy Blade","floor":7.0},{"not_picked":["Ghostly Armor","Warcry"],"picked":"hubris:CleavingFinish","floor":8.0},{"not_picked":["Fire Breathing","Impervious"],"picked":"Spot Weakness","floor":10.0},{"not_picked":["infinitespire:SealOfDarkness+","hubris:Rewind"],"picked":"infinitespire:DeathsTouch","floor":11.0},{"not_picked":["Feel No Pain","Flex"],"picked":"Clash","floor":12.0},{"not_picked":["Warcry","Power Through"],"picked":"Armaments","floor":14.0},{"not_picked":["Demon Form","Double Tap"],"picked":"Feed","floor":16.0},{"not_picked":["Anger+1","True Grit"],"picked":"Iron Wave+1","floor":18.0},{"not_picked":["Warcry","Carnage","Havoc"],"picked":"SKIP","floor":22.0},{"not_picked":["Flex+1","Twin Strike"],"picked":"Cleave+1","floor":24.0},{"not_picked":["Battle Trance","Wild Strike"],"picked":"Clash","floor":27.0},{"not_picked":["Sentinel","Body Slam","Warcry"],"picked":"SKIP","floor":29.0},{"not_picked":["Perfected Strike","Twin Strike"],"picked":"Reaper","floor":30.0},{"not_picked":["Combust","Fire Breathing"],"picked":"Metallicize","floor":31.0},{"not_picked":["Immolate","Brutality"],"picked":"Double Tap","floor":33.0},{"not_picked":["Pommel Strike+1","Seeing Red"],"picked":"Heavy Blade+1","floor":35.0},{"not_picked":["Sever Soul+1","Flex"],"picked":"Shockwave+1","floor":37.0},{"not_picked":["Barricade","Feel No Pain+1"],"picked":"Armaments+1","floor":40.0},{"not_picked":["Twin Strike","Disarm","Dark Embrace","ThirdEye"],"picked":"SKIP","floor":44.0},{"not_picked":["Havoc","Power Through","Indignation"],"picked":"hubris:ReadiedAction+1","floor":46.0},{"not_picked":["Berserk","True Grit+1","Pommel Strike","Evaluate"],"picked":"SKIP","floor":47.0},{"not_picked":["Cleave","Pommel Strike","CrushJoints"],"picked":"Iron Wave+1","floor":48.0},{"not_picked":["Reckless Charge+1","Anger","Perfected Strike"],"picked":"CrushJoints","floor":48.0},{"not_picked":["Brutality","Sentinel+1","True Grit+1"],"picked":"Crescendo","floor":48.0},{"not_picked":["Armaments","Thunderclap","Body Slam+1","Sanctity"],"picked":"SKIP","floor":51.0},{"not_picked":["Spot Weakness","Feel No Pain+1","Reaper"],"picked":"SandsOfTime","floor":52.0},{"not_picked":["Dropkick","True Grit","EmptyFist"],"picked":"Thunderclap+1","floor":56}],"player_experience":183516,"relics_obtained":[{"floor":7.0,"key":"hubris:64BitClover"},{"floor":9.0,"key":"Incense Burner"},{"floor":10.0,"key":"Whetstone"},{"floor":12.0,"key":"Ornamental Fan"},{"floor":14.0,"key":"hubris:Metronome"},{"floor":21.0,"key":"Oddly Smooth Stone"},{"floor":27.0,"key":"Meat on the Bone"},{"floor":28.0,"key":"TungstenRod"},{"floor":28.0,"key":"Darkstone Periapt"},{"floor":30.0,"key":"hubris:CuriousFeather"},{"floor":31.0,"key":"Thread and Needle"},{"floor":34.0,"key":"Tiny Chest"},{"floor":34.0,"key":"hubris:SphereOfDissonance"},{"floor":34.0,"key":"Dead Branch"},{"floor":40.0,"key":"hubris:DisguiseKit"},{"floor":43.0,"key":"hubris:ChampionShield"},{"floor":45.0,"key":"Eternal Feather"},{"floor":47.0,"key":"hubris:MysteriousPyramids"},{"floor":51.0,"key":"wanderingMiniBosses:LockLocket"},{"floor":52.0,"key":"Kunai"},{"floor":56,"key":"paleoftheancients:SoulOfTheVixen"}],"event_choices":[{"damage_healed":0.0,"max_hp_gain":0.0,"max_hp_loss":0.0,"gold_gain":0.0,"event_name":"FaceTrader","player_choice":"Trade","floor":3.0,"gold_loss":0.0,"damage_taken":0.0,"relics_obtained":["SsserpentHead"]},{"damage_healed":0.0,"max_hp_gain":5.0,"max_hp_loss":0.0,"gold_gain":0.0,"event_name":"Forgotten Altar","player_choice":"Shed Blood","floor":19.0,"gold_loss":0.0,"damage_taken":20.0},{"damage_healed":0.0,"max_hp_gain":0.0,"max_hp_loss":0.0,"gold_gain":0.0,"event_name":"Wheel of Change","player_choice":"Relic","floor":21.0,"gold_loss":0.0,"damage_taken":0.0},{"damage_healed":0.0,"max_hp_gain":0.0,"max_hp_loss":0.0,"gold_gain":0.0,"event_name":"Colosseum","player_choice":"Fight","floor":28.0,"gold_loss":0.0,"damage_taken":0.0},{"damage_healed":0.0,"max_hp_gain":0.0,"max_hp_loss":0.0,"gold_gain":0.0,"event_name":"Colosseum","player_choice":"Fought Nobs","floor":28.0,"gold_loss":0.0,"damage_taken":0.0},{"cards_removed":["Strike_R"],"damage_healed":0.0,"max_hp_gain":0.0,"max_hp_loss":0.0,"gold_gain":0.0,"event_name":"Purifier","player_choice":"Purged","floor":42.0,"gold_loss":0.0,"damage_taken":0.0},{"cards_removed":["Strike_R"],"damage_healed":0.0,"max_hp_gain":0.0,"max_hp_loss":0.0,"gold_gain":0.0,"event_name":"Purifier","player_choice":"Purged","floor":53.0,"gold_loss":0.0,"damage_taken":0.0}],"is_beta":false,"boss_relics":[{"not_picked":["Snecko Eye","hubris:BlackHole"],"picked":"SlaversCollar"},{"not_picked":["Runic Pyramid","Black Blood"],"picked":"Calling Bell"}],"items_purged_floors":[38,48],"is_endless":false,"potions_floor_spawned":[4,5,12,14,16,24,27,28,30,35,44,52,56],"ascension_level":5}}