{"host":"y76x98twjnyyxs83","time":1607768273,"event":{"mods":["BaseMod","Colored Powertips","Minty Spire (QoL Compilation)","Permanent Neow","Quick Restart","Rare Cards Sparkle","Relic Stats","StSLib"],"gold_per_floor":[365,381,392,94,94,94,94,121,121,156,156,170,170,187,187,266,266,277,296,296,296,296,321,321,351,396,101,101,101,113,132,132,206,206,226,292,347,347],"floor_reached":37,"playtime":2484,"items_purged":["Strike_P"],"score":884,"play_id":"d1f0ea59-0cfc-4666-81ed-855d116b4174","local_time":"20201212181753","is_ascension_mode":true,"campfire_choices":[{"data":"EmptyFist","floor":6.0,"key":"SMITH"},{"data":"FlurryOfBlows","floor":11.0,"key":"SMITH"},{"floor":13.0,"key":"REST"},{"data":"Wireheading","floor":15.0,"key":"SMITH"},{"floor":24.0,"key":"REST"},{"data":"Wallop","floor":28.0,"key":"SMITH"},{"data":"Omniscience","floor":32.0,"key":"SMITH"}],"circlet_count":0,"master_deck":["AscendersBane","Eruption","Vigilance","EmptyFist+1","Wireheading+1","Vengeance+1","CarveReality","FlurryOfBlows+1","CutThroughFate","DeceiveReality","LessonLearned+1","EmptyBody+1","Weave","EmptyBody","FlyingSleeves+1","Nirvana+1","ClearTheMind+1","InnerPeace","Meditate+1","FlurryOfBlows+1","Omniscience+1","Wallop+1","J.A.X.+1","Indignation","Wish+1","Wish","Halt"],"relics":["HolyWater","HornCleat","Orichalcum","Yang","Pandora\u0027s Box","Meat on the Bone","Bag of Preparation","Ornamental Fan","Bronze Scales"],"acts_visited":["Exordium","TheCity","TheBeyond"],"potions_floor_usage":[],"damage_taken":[{"damage":1.0,"enemies":"Small Slimes","floor":1.0,"turns":3.0},{"damage":8.0,"enemies":"Jaw Worm","floor":2.0,"turns":5.0},{"damage":0.0,"enemies":"2 Louse","floor":3.0,"turns":2.0},{"damage":0.0,"enemies":"Gremlin Nob","floor":8.0,"turns":2.0},{"damage":14.0,"enemies":"3 Sentries","floor":10.0,"turns":6.0},{"damage":3.0,"enemies":"Blue Slaver","floor":12.0,"turns":3.0},{"damage":10.0,"enemies":"Large Slime","floor":14.0,"turns":2.0},{"damage":17.0,"enemies":"The Guardian","floor":16.0,"turns":10.0},{"damage":0.0,"enemies":"Chosen","floor":18.0,"turns":5.0},{"damage":0.0,"enemies":"Spheric Guardian","floor":19.0,"turns":3.0},{"damage":50.0,"enemies":"Slavers","floor":23.0,"turns":6.0},{"damage":12.0,"enemies":"Gremlin Leader","floor":25.0,"turns":6.0},{"damage":13.0,"enemies":"Shelled Parasite and Fungi","floor":30.0,"turns":2.0},{"damage":7.0,"enemies":"Sentry and Sphere","floor":31.0,"turns":3.0},{"damage":29.0,"enemies":"Champ","floor":33.0,"turns":9.0},{"damage":13.0,"enemies":"Orb Walker","floor":35.0,"turns":4.0},{"damage":20.0,"enemies":"3 Darklings","floor":36.0,"turns":6.0},{"damage":35,"enemies":"Writhing Mass","floor":37,"turns":6}],"seed_played":"-2158274831425041466","potions_obtained":[{"floor":3.0,"key":"Fruit Juice"},{"floor":8.0,"key":"AttackPotion"},{"floor":10.0,"key":"SteroidPotion"},{"floor":18.0,"key":"Explosive Potion"},{"floor":25.0,"key":"AttackPotion"},{"floor":33.0,"key":"Weak Potion"}],"is_trial":false,"path_per_floor":["M","M","M","$","?","R","?","E","T","E","R","M","R","M","R","B",null,"M","M","?","T","?","E","R","E","T","$","R","?","M","M","R","B",null,"M","M","M"],"character_chosen":"WATCHER","items_purchased":["Vengeance","CarveReality","Explosive Potion","Wallop","Bronze Scales","PowerPotion"],"campfire_rested":2,"item_purchase_floors":[4,4,4,27,27,27],"current_hp_per_floor":[60,52,52,52,33,33,33,33,33,19,19,16,34,24,24,7,48,53,53,53,53,53,15,35,35,35,35,35,35,34,39,39,22,56,43,35,0,0],"gold":347,"neow_bonus":"TWO_FIFTY_GOLD","is_daily":false,"chose_seed":false,"campfire_upgraded":5,"win_rate":0.0,"timestamp":1607768273,"path_taken":["M","M","M","$","?","R","?","E","T","E","R","M","R","M","R","BOSS","M","M","?","?","?","E","R","E","T","$","R","?","M","?","R","BOSS","M","M","M"],"items_purchased_type":["Card","Card","Potion","Card","Relic","Potion"],"build_version":"2020-11-30","purchased_purges":1,"victory":false,"max_hp_per_floor":[62,62,62,62,62,62,62,62,62,62,62,62,62,62,62,62,62,67,67,67,67,67,67,67,67,67,67,67,67,67,67,67,67,67,67,67,67,67],"relic_stats":{"counters":[18,83],"Ornamental Fan":[84],"Bronze Scales":[60],"Yang":[180],"Pandora\u0027s Box":["EmptyBody","Weave","EmptyBody","FlyingSleeves","Nirvana","ClearTheMind","InnerPeace"],"Bag of Preparation":[14],"Orichalcum":[66],"obtain_stats":[{"HornCleat":8,"Ornamental Fan":25,"Bronze Scales":27,"HolyWater":34,"Yang":10,"Pandora\u0027s Box":17,"Bag of Preparation":23,"PureWater":0,"Orichalcum":9,"Meat on the Bone":21},{"HornCleat":4,"Ornamental Fan":12,"Bronze Scales":12,"HolyWater":15,"Yang":5,"Pandora\u0027s Box":8,"Bag of Preparation":11,"PureWater":0,"Orichalcum":4,"Meat on the Bone":10},{"HornCleat":12,"Ornamental Fan":53,"Bronze Scales":53,"HolyWater":67,"Yang":18,"Pandora\u0027s Box":33,"Bag of Preparation":47,"PureWater":0,"Orichalcum":12,"Meat on the Bone":41}],"Meat on the Bone":72},"card_choices":[{"not_picked":["Crescendo","JustLucky","EmptyMind"],"picked":"SKIP","floor":1.0},{"not_picked":["EmptyBody","Protect"],"picked":"EmptyFist","floor":2.0},{"not_picked":["Fasting2","WaveOfTheHand"],"picked":"Wireheading","floor":3.0},{"not_picked":["WreathOfFlame","Study","DeceiveReality"],"picked":"SKIP","floor":8.0},{"not_picked":["CarveReality","BowlingBash"],"picked":"FlurryOfBlows","floor":10.0},{"not_picked":["SpiritShield","Crescendo"],"picked":"CutThroughFate","floor":12.0},{"not_picked":["ReachHeaven","SignatureMove"],"picked":"DeceiveReality","floor":14.0},{"not_picked":["DeusExMachina","Alpha"],"picked":"LessonLearned","floor":16.0},{"not_picked":["EmptyBody","ReachHeaven"],"picked":"Meditate","floor":18.0},{"not_picked":["Prostrate+1","EmptyBody"],"picked":"FlurryOfBlows","floor":19.0},{"not_picked":["Evaluate","JustLucky"],"picked":"Omniscience","floor":23.0},{"not_picked":["EmptyBody","WindmillStrike","SignatureMove"],"picked":"SKIP","floor":25.0},{"not_picked":["EmptyBody","FlyingSleeves"],"picked":"Indignation","floor":30.0},{"not_picked":["PathToVictory","Prostrate"],"picked":"Wish","floor":31.0},{"not_picked":["DeusExMachina","Ragnarok"],"picked":"Wish","floor":33.0},{"not_picked":["Consecrate","FlurryOfBlows","EmptyBody"],"picked":"SKIP","floor":35.0},{"not_picked":["Crescendo","Brilliance"],"picked":"Halt","floor":36.0}],"player_experience":1072140,"relics_obtained":[{"floor":8.0,"key":"HornCleat"},{"floor":9.0,"key":"Orichalcum"},{"floor":10.0,"key":"Yang"},{"floor":21.0,"key":"Meat on the Bone"},{"floor":23.0,"key":"Bag of Preparation"},{"floor":25.0,"key":"Ornamental Fan"}],"event_choices":[{"damage_healed":0.0,"max_hp_gain":0.0,"max_hp_loss":0.0,"gold_gain":0.0,"event_name":"Shining Light","player_choice":"Entered Light","floor":5.0,"gold_loss":0.0,"damage_taken":19.0,"cards_upgraded":["Defend_P","Vengeance"]},{"damage_healed":0.0,"max_hp_gain":0.0,"max_hp_loss":0.0,"gold_gain":0.0,"event_name":"Liars Game","player_choice":"Ignored","floor":7.0,"gold_loss":0.0,"damage_taken":0.0},{"damage_healed":0.0,"max_hp_gain":0.0,"max_hp_loss":0.0,"gold_gain":0.0,"event_name":"Back to Basics","player_choice":"Simplicity","floor":20.0,"gold_loss":0.0,"damage_taken":0.0,"cards_upgraded":[]},{"damage_healed":0.0,"max_hp_gain":0.0,"max_hp_loss":0.0,"gold_gain":0.0,"event_name":"Vampires","player_choice":"Ignored","floor":22.0,"gold_loss":0.0,"damage_taken":0.0},{"damage_healed":0.0,"max_hp_gain":0.0,"max_hp_loss":0.0,"gold_gain":0.0,"event_name":"Drug Dealer","player_choice":"Obtain J.A.X.","floor":29.0,"gold_loss":0.0,"damage_taken":0.0,"cards_obtained":["J.A.X."]}],"is_beta":false,"boss_relics":[{"not_picked":["Velvet Choker","Ectoplasm"],"picked":"Pandora\u0027s Box"},{"not_picked":["Runic Dome","Black Star"],"picked":"HolyWater"}],"items_purged_floors":[4],"is_endless":false,"potions_floor_spawned":[3,8,10,18,25,30,33,35],"killed_by":"Writhing Mass","ascension_level":20}}