{"host":"Ruben","time":1607813348,"event":{"mods":["AchievementEnabler","Aspiration","Bard","BaseMod","Beaked The Cultist","Better Altar","Better Match","Better Note","Better Sensory Stone","Better Skull","Better Third Choice","BetterRewards","CCEM","Clawfect","Colored Map","Conspire","Downfall","GifTheSpireLib","Googly Eyes","Halation","Hermit","Highlight Path","Hubris","Hunter ??","Infinite Spire","Jedi Mod","Jorbs\u0027s Wanderer Trilogy","Mad Scientist","Marisa????????","Mimic Mod","Minty Spire (QoL Compilation)","Permanent Neow","Replay The Spire","Shade Mod","Shop Mod","Spicy Shops","StSLib","Stuff the Spire","The Administrix","The Blackbeard","The Bug Knight","The Construct","The Cursed","The Disciple","The Gatherer","The Hierophant","The IronCluck","The Jungle","The Mystic","The Necromancer","The Problem Sleuth","The Runesmith","The Servant 0.9.4","The Spell Scribe","The Witch","Unceasing Turn Reminder","[IsaacMod]????","everything is the same but u backflip on backflip","slay the spire mod where everything is the same but ironclad has a cowboy hat"],"gold_per_floor":[99,33,46,59,59,59,59,24,24,24,52,52,68,84,96,111,131,179,179,29,29,44,116,206,261,336,348,361,361,185,198,198,198,208,208,208],"floor_reached":35,"playtime":2984,"items_purged":["Guardian:Strike_Guardian","Guardian:Strike_Guardian"],"score":308,"play_id":"95341ef2-1161-468c-9387-eb13f016c40f","local_time":"20201212234908","is_ascension_mode":false,"campfire_choices":[{"floor":1,"key":"RECALL"},{"floor":6,"key":"REST"},{"floor":12,"key":"REST"},{"data":"Guardian:PrismaticBeam","floor":20,"key":"SMITH"},{"floor":29,"key":"REST"}],"circlet_count":0,"master_deck":["Guardian:Strike_Guardian","Guardian:Defend_Guardian","Guardian:Defend_Guardian","Guardian:Defend_Guardian","Guardian:Defend_Guardian","Guardian:CurlUp+1","Guardian:TwinSlam+1","Guardian:PrimingBeam","Guardian:Suspension","Guardian:CrystalBeam","Guardian:CrystalBeam","Guardian:PiercingHide","Guardian:PrimingBeam","Guardian:BronzeArmor","Guardian:MultiBeam","Guardian:PrismaticBeam+1","Guardian:PrimingBeam+1","Guardian:DecasProtection","Guardian:PrimingBeam+1","Guardian:PrimingBeam","Guardian:EvasiveProtocol","Guardian:PiercingHide+1","Guardian:Gem_Red","Guardian:Clone","infinitespire:SealOfDarkness+","Guardian:Gem_Lightblue"],"relics":["Guardian:ModeShifter","HushsDoor","D6","hubris:Icosahedron","Onion Ring","conspire:RunicOctahedron","downfall:HeartBlessingRed","downfall:HeartBlessingBlue","downfall:KnowingSkull","jedi:cryingmask","DoctorsRemote","Bag of Marbles","UnicornStump"],"acts_visited":["Exordium","TheCity"],"potions_floor_usage":[18,18,24,28],"damage_taken":[{"damage":5,"enemies":"downfall:FleeingMerchant","floor":2,"turns":4},{"damage":12,"enemies":"2 Louse","floor":3,"turns":3},{"damage":9,"enemies":"Cultist","floor":4,"turns":4},{"damage":3,"enemies":"Small Slimes","floor":8,"turns":4},{"damage":24,"enemies":"3 Sentries","floor":11,"turns":9},{"damage":7,"enemies":"Blue Slaver","floor":13,"turns":2},{"damage":6,"enemies":"Red Slaver","floor":14,"turns":3},{"damage":10,"enemies":"Exordium Thugs","floor":15,"turns":4},{"damage":0,"enemies":"Blue Slaver","floor":16,"turns":3},{"damage":0,"enemies":"2 Fungi Beasts","floor":17,"turns":2},{"damage":37,"enemies":"downfall:Silent","floor":18,"turns":13},{"damage":0,"enemies":"Spheric Guardian","floor":22,"turns":2},{"damage":34,"enemies":"Nightmare","floor":23,"turns":8},{"damage":10,"enemies":"Hiden Room Battle","floor":24,"turns":4},{"damage":3,"enemies":"Cultist and Chosen","floor":25,"turns":3},{"damage":18,"enemies":"Centurion and Healer","floor":26,"turns":7},{"damage":9,"enemies":"Centurion and Healer","floor":27,"turns":4},{"damage":0,"enemies":"Snecko","floor":28,"turns":2},{"damage":18,"enemies":"downfall:FleeingMerchant","floor":30,"turns":4},{"damage":0,"enemies":"Chosen and Byrds","floor":31,"turns":2},{"damage":0,"enemies":"Snake Plant","floor":34,"turns":5},{"damage":14,"enemies":"downfall:Defect","floor":35,"turns":7}],"seed_played":"-6606310720904266530","potions_obtained":[{"floor":4,"key":"Guardian:AcceleratePotion"},{"floor":11,"key":"SpeedPotion"},{"floor":15,"key":"Guardian:DefensiveModePotion"},{"floor":16,"key":"DistilledChaos"},{"floor":23,"key":"FearPotion"},{"floor":24,"key":"Strength Potion"},{"floor":27,"key":"Swift Potion"},{"floor":34,"key":"Weak Potion"}],"is_trial":false,"path_per_floor":["R_BF","$","M","M","?","R","T","M","PTL","PTL","E","R","M","M","M","M","M","B",null,"R_BF","?","M","NM","?","M","MIM","M","M","R","$","M","AVR","?","M","B"],"character_chosen":"GUARDIAN","items_purchased":["Guardian:Suspension","Guardian:Gem_Red"],"campfire_rested":3,"item_purchase_floors":[2,30],"current_hp_per_floor":[80,75,63,54,54,78,78,75,75,75,51,75,68,62,52,52,52,15,80,90,82,82,48,38,35,17,8,8,35,17,17,17,9,9,0,0],"gold":208,"neow_bonus":"UPGRADE_CARD","is_daily":false,"chose_seed":false,"campfire_upgraded":1,"win_rate":0.0,"timestamp":1607813348,"path_taken":["R_BF","$","M","M","?","R","T","M","PTL","PTL","E","R","M","M","M","?","M","BOSS","R_BF","?","M","NM","?","M","MIM","M","M","R","?","?","AVR","?","M","BOSS"],"items_purchased_type":["Card","Card"],"build_version":"2020-12-07","purchased_purges":2,"victory":false,"max_hp_per_floor":[80,80,80,80,80,80,80,80,80,80,80,80,80,80,80,80,80,80,80,90,90,90,90,90,90,90,90,90,90,90,90,90,90,90,90,90],"card_choices":[{"not_picked":[],"picked":"Bomb","floor":0},{"not_picked":["Guardian:RollAttack","Guardian:BronzeOrb"],"picked":"Guardian:PrimingBeam","floor":2},{"not_picked":["Guardian:ChargeUp","Guardian:PiercingHide"],"picked":"Guardian:CrystalBeam","floor":3},{"not_picked":["Guardian:Incinerate","Guardian:SentryBeam"],"picked":"Guardian:CrystalBeam","floor":4},{"not_picked":["Guardian:TimeCapacitor","Guardian:CrystalBeam"],"picked":"Guardian:PiercingHide","floor":8},{"not_picked":["Guardian:StasisField","Guardian:Repulse"],"picked":"Guardian:PrimingBeam","floor":11},{"not_picked":["Guardian:PiercingHide","Guardian:VentSteam"],"picked":"Guardian:BronzeArmor","floor":13},{"not_picked":["Guardian:Emergency","Guardian:Suspension"],"picked":"Guardian:Gem_Red","floor":14},{"not_picked":["Guardian:Suspension","Guardian:EvasiveProtocol"],"picked":"Guardian:MultiBeam","floor":15},{"not_picked":["Guardian:Suspension","Guardian:ExploitGems"],"picked":"Guardian:Gem_Green","floor":16},{"not_picked":["Guardian:Recover","Guardian:Incinerate"],"picked":"Guardian:PrismaticBeam","floor":17},{"not_picked":["Guardian:StasisStrike","Guardian:TimeSifter"],"picked":"Guardian:Gem_Orange","floor":18},{"not_picked":["Guardian:Gem_Crimson","Guardian:TemporalShield+1"],"picked":"Guardian:Gem_Red","floor":22},{"not_picked":["Guardian:TimeCapacitor","Guardian:Gem_Green"],"picked":"Guardian:PrimingBeam+1","floor":23},{"not_picked":["Guardian:Gem_Purple","Guardian:TemporalShield+1"],"picked":"Guardian:Gem_Cyan","floor":24},{"not_picked":["Guardian:TemporalStrike","Guardian:Preprogram"],"picked":"Guardian:DecasProtection","floor":25},{"not_picked":["Guardian:ShieldSpikes","Guardian:Gem_Green"],"picked":"Guardian:PrimingBeam+1","floor":26},{"not_picked":["Guardian:Gem_Cyan","Guardian:HyperBeam_Guardian"],"picked":"Guardian:PrimingBeam","floor":27},{"not_picked":["Guardian:PiercingHide","Guardian:TemporalStrike"],"picked":"Guardian:EvasiveProtocol","floor":28},{"not_picked":["Guardian:Suspension+1","Guardian:TemporalShield+1"],"picked":"Guardian:PiercingHide+1","floor":30},{"not_picked":["Guardian:HyperBeam_Guardian","Guardian:PiercingHide"],"picked":"Guardian:Clone","floor":31},{"not_picked":["Guardian:MultiBeam+1","Guardian:Incinerate"],"picked":"Guardian:Gem_Lightblue","floor":34}],"player_experience":222030,"relics_obtained":[{"floor":11,"key":"Onion Ring"},{"floor":23,"key":"jedi:cryingmask"},{"floor":24,"key":"DoctorsRemote"},{"floor":24,"key":"Bag of Marbles"},{"floor":26,"key":"UnicornStump"}],"event_choices":[{"damage_healed":0,"gold_gain":0,"player_choice":"Fight","damage_taken":0,"max_hp_gain":0,"max_hp_loss":0,"event_name":"HidenRoomEvent","floor":24,"gold_loss":0}],"is_beta":true,"boss_relics":[{"not_picked":["hubris:RunicObelisk","hubris:Backtick"],"picked":"conspire:RunicOctahedron"},{"not_picked":[]}],"items_purged_floors":[30,30],"is_endless":true,"potions_floor_spawned":[4,11,15,16,17,23,24,27,34],"killed_by":"downfall:Defect","ascension_level":0}}