{"host":"Ilker","time":1607803066,"event":{"mods":["BaseMod","Bestiary","Block Reminder","Colored Map","DeckTracker","Highlight Path","Minty Spire (QoL Compilation)","Quick Restart","Relic Sorter","Relic Stats"],"gold_per_floor":[114,133,143,157,173,207,223,223,223],"floor_reached":8,"playtime":673,"items_purged":[],"score":149,"play_id":"3bea1860-bcdd-4a9c-9b94-5f5dd23e360e","local_time":"20201212225746","is_ascension_mode":true,"campfire_choices":[],"circlet_count":0,"master_deck":["AscendersBane","Strike_P","Strike_P","Strike_P","Strike_P","Defend_P","Defend_P","Defend_P","Defend_P","Eruption","Vigilance","Halt","BowlingBash","BattleHymn","Ragnarok","InnerPeace","WreathOfFlame","ClearTheMind"],"relics":["PureWater","Mango"],"acts_visited":["Exordium"],"potions_floor_usage":[],"damage_taken":[{"damage":2.0,"enemies":"2 Louse","floor":1.0,"turns":3.0},{"damage":2.0,"enemies":"Small Slimes","floor":2.0,"turns":4.0},{"damage":0.0,"enemies":"Jaw Worm","floor":3.0,"turns":2.0},{"damage":2.0,"enemies":"Red Slaver","floor":4.0,"turns":3.0},{"damage":4.0,"enemies":"Large Slime","floor":5.0,"turns":5.0},{"damage":12.0,"enemies":"Lagavulin","floor":6.0,"turns":5.0},{"damage":16.0,"enemies":"Exordium Wildlife","floor":7.0,"turns":5.0},{"damage":56,"enemies":"Gremlin Nob","floor":8,"turns":3}],"seed_played":"6696803439448379686","potions_obtained":[{"floor":2.0,"key":"LiquidMemories"},{"floor":6.0,"key":"SpeedPotion"}],"is_trial":false,"path_per_floor":["M","M","M","M","M","E","M","E"],"character_chosen":"WATCHER","items_purchased":[],"campfire_rested":0,"item_purchase_floors":[],"current_hp_per_floor":[65,63,63,61,57,59,43,0,0],"gold":223,"neow_bonus":"TEN_PERCENT_HP_BONUS","is_daily":false,"chose_seed":false,"campfire_upgraded":0,"win_rate":0.0,"timestamp":1607803066,"path_taken":["M","M","M","M","M","E","M","E"],"items_purchased_type":[],"build_version":"2020-12-07","purchased_purges":0,"victory":false,"max_hp_per_floor":[74,74,74,74,74,88,88,88,88],"relic_stats":{"counters":[8,30],"obtain_stats":[{"Mango":6,"PureWater":0},{"Mango":6,"PureWater":0},{"Mango":22,"PureWater":0}]},"card_choices":[{"not_picked":["ThirdEye","EmptyBody"],"picked":"Halt","floor":1.0},{"not_picked":["ClearTheMind","Nirvana"],"picked":"BowlingBash","floor":2.0},{"not_picked":["Consecrate","Wireheading"],"picked":"BattleHymn","floor":3.0},{"not_picked":["BowlingBash","CrushJoints"],"picked":"Ragnarok","floor":4.0},{"not_picked":["FlyingSleeves","SandsOfTime"],"picked":"InnerPeace","floor":5.0},{"not_picked":["Prostrate","BowlingBash"],"picked":"WreathOfFlame","floor":6.0},{"not_picked":["JustLucky","Consecrate"],"picked":"ClearTheMind","floor":7.0}],"player_experience":1634777,"relics_obtained":[{"floor":6.0,"key":"Mango"}],"event_choices":[],"is_beta":true,"boss_relics":[],"items_purged_floors":[],"is_endless":false,"potions_floor_spawned":[2,6],"killed_by":"Gremlin Nob","ascension_level":20}}