{"host":"r5cycnjhcbwgkpkf","time":1607745787,"event":{"mods":["2.2 Compatiblity","AchievementEnabler","BaseMod","Bestiary","Better Match","Better Note","Better Skull","Better Third Choice","BetterRewards","Colored Map","Colored Powertips","Infinite Spire","Minty Spire (QoL Compilation)","Replay The Spire","Robot Space Explorer","Spicy Shops","StSLib","The Gatherer"],"gold_per_floor":[112,112,112,129,141,141,169,169,193,222,222,248,276,55,55,165,165,185,185,185,37,37,79,105,105,175,175,215,63,63,100,100,216,216,271,295,221,267,45,45,80,119,119,119,160,160,204,204,204,218,218],"floor_reached":50,"playtime":2595,"items_purged":[],"score":645,"play_id":"fa5277ce-ab0c-438c-8b49-84d411a8a44c","local_time":"20201211200307","is_ascension_mode":false,"campfire_choices":[{"floor":8.0,"key":"REST"},{"floor":11.0,"key":"REST"},{"floor":25.0,"key":"REST"},{"data":"Sadistic Nature","floor":27.0,"key":"SMITH"},{"data":"RobotSpaceExplorer:GlueShot","floor":30.0,"key":"SMITH"},{"data":"RobotSpaceExplorer:PowerCollector","floor":40.0,"key":"SMITH"},{"data":"RobotSpaceExplorer:Electropulse","floor":44,"key":"SMITH"},{"floor":49,"key":"REST"}],"circlet_count":0,"master_deck":["RobotSpaceExplorer:Strike","RobotSpaceExplorer:Strike","RobotSpaceExplorer:Strike","RobotSpaceExplorer:Strike","RobotSpaceExplorer:Defend","RobotSpaceExplorer:Defend","RobotSpaceExplorer:Defend","RobotSpaceExplorer:Defend","RobotSpaceExplorer:Scan","RobotSpaceExplorer:MiniLasers","RobotSpaceExplorer:GearShield+1","infinitespire:Collect+1","RobotSpaceExplorer:ShovelStrike","RobotSpaceExplorer:ToxicBomb+1","RobotSpaceExplorer:ShockKick","RobotSpaceExplorer:StunGrenade","RobotSpaceExplorer:RigExplosive+1","RobotSpaceExplorer:SurgingStrike","RobotSpaceExplorer:Autoloader","Violence","Sadistic Nature+1","Dramatic Entrance","RobotSpaceExplorer:SelfCleaning+1","RobotSpaceExplorer:ScrapMissile+1","RobotSpaceExplorer:GlueShot+1","RobotSpaceExplorer:Discharger+1","RobotSpaceExplorer:BlastShield","RobotSpaceExplorer:PowerCollector+1","RobotSpaceExplorer:Electropulse+1","RobotSpaceExplorer:Fix","Madness","Madness"],"relics":["RobotSpaceExplorer:TurboCore","NeowsBlessing","GremlinMask","Regal Pillow","RobotSpaceExplorer:RingOfTheNewt","Bronze Scales","Replay:Bandana","Vajra","Guide Book","Black Star","ReplayTheSpireMod:Ninjato","ClockworkSouvenir","ReplayTheSpireMod:ShopPack","Anchor","Potion Belt","infinitespire:Broken Mirror","RobotSpaceExplorer:ClockworkSextant","infinitespire:EvilPickle","Bag of Marbles","RobotSpaceExplorer:FoglandsKnife","Replay:Mystery Machine","Replay:Towering Pillar of Hats","Thread and Needle"],"acts_visited":["Exordium","TheCity","TheBeyond"],"potions_floor_usage":[45,47,50,50,50],"damage_taken":[{"damage":0.0,"enemies":"Small Slimes","floor":1.0,"turns":1.0},{"damage":0.0,"enemies":"Cultist","floor":4.0,"turns":1.0},{"damage":0.0,"enemies":"Jaw Worm","floor":5.0,"turns":1.0},{"damage":32.0,"enemies":"Gremlin Nob","floor":7.0,"turns":5.0},{"damage":23.0,"enemies":"Lagavulin","floor":10.0,"turns":7.0},{"damage":7.0,"enemies":"Looter","floor":12.0,"turns":3.0},{"damage":1.0,"enemies":"Red Slaver","floor":13.0,"turns":2.0},{"damage":29.0,"enemies":"The Guardian","floor":16.0,"turns":8.0},{"damage":18.0,"enemies":"Shell Parasite","floor":18.0,"turns":5.0},{"damage":17.0,"enemies":"Replay:Snechameleon","floor":23.0,"turns":4.0},{"damage":11.0,"enemies":"2 Thieves","floor":24.0,"turns":3.0},{"damage":10.0,"enemies":"Centurion and Healer","floor":28.0,"turns":4.0},{"damage":0.0,"enemies":"Chosen and Byrds","floor":31.0,"turns":3.0},{"damage":47.0,"enemies":"Pondfish","floor":33.0,"turns":8.0},{"damage":13.0,"enemies":"3 Darklings","floor":35.0,"turns":3.0},{"damage":0.0,"enemies":"Orb Walker","floor":38.0,"turns":1.0},{"damage":0.0,"enemies":"Jaw Worm Horde","floor":41.0,"turns":2.0},{"damage":0,"enemies":"4 Shapes","floor":42,"turns":1},{"damage":5,"enemies":"3 Darklings","floor":45,"turns":2},{"damage":16,"enemies":"Spire Growth","floor":47,"turns":4},{"damage":93,"enemies":"infinitespire:MassOfShapes","floor":50,"turns":9}],"seed_played":"4211943991106714491","potions_obtained":[{"floor":1.0,"key":"Regen Potion"},{"floor":4.0,"key":"SteroidPotion"},{"floor":13.0,"key":"SteroidPotion"},{"floor":18.0,"key":"ColorlessPotion"},{"floor":31.0,"key":"Adrenaline Potion"},{"floor":47,"key":"SpeedPotion"}],"is_trial":false,"path_per_floor":["M","?","?","M","M","?","E","R","T","E","R","M","M","$","R_BF","B",null,"M","?","T","$","AVR","E","M","R","T","R","M","$","R","M","R_BF","B",null,"M","T","$","M","$","R","M","M","T","R","M","AVR","M","?","R","B"],"character_chosen":"RobotSpaceExplorer","items_purchased":["Vajra","Guide Book","ClockworkSouvenir","RobotSpaceExplorer:ClockworkSextant","RobotSpaceExplorer:PowerCollector","RobotSpaceExplorer:FoglandsKnife","Replay:Mystery Machine"],"campfire_rested":4,"item_purchase_floors":[14,14,21,29,37,39,39],"current_hp_per_floor":[75,57,57,57,57,50,18,55,55,32,69,62,61,61,75,46,75,57,57,57,57,57,40,29,66,66,66,56,56,56,56,75,28,75,62,62,62,62,62,62,62,62,62,62,57,57,45,36,73,0,0],"gold":218,"neow_bonus":"THREE_ENEMY_KILL","is_daily":false,"chose_seed":false,"campfire_upgraded":4,"win_rate":0.0,"timestamp":1607745787,"path_taken":["M","?","?","M","?","?","E","R","T","E","R","M","M","$","R_BF","BOSS","M","?","?","?","AVR","E","M","R","T","R","M","$","R","M","R_BF","BOSS","M","?","$","M","$","R","M","M","T","R","M","AVR","M","?","R","BOSS"],"items_purchased_type":["Relic","Relic","Relic","Relic","Card","Relic","Relic"],"build_version":"2020-11-30","purchased_purges":0,"victory":false,"max_hp_per_floor":[75,75,75,75,75,75,75,75,75,75,75,75,75,75,75,75,75,75,75,75,75,75,75,75,75,75,75,75,75,75,75,75,75,75,75,75,75,75,75,75,75,75,75,75,75,75,75,75,75,75,75],"card_choices":[{"not_picked":["RobotSpaceExplorer:LuckyStrike","RobotSpaceExplorer:JunkDive"],"picked":"RobotSpaceExplorer:GearShield","floor":1.0},{"not_picked":["ReplayTheSpireMod:Haul","ReplayTheSpireMod:??????????????????????"],"picked":"infinitespire:Collect","floor":2.0},{"not_picked":["RobotSpaceExplorer:Calculate","RobotSpaceExplorer:Ammunition"],"picked":"RobotSpaceExplorer:ShovelStrike","floor":4.0},{"not_picked":["RobotSpaceExplorer:ShockKick","RobotSpaceExplorer:MetalStrike"],"picked":"RobotSpaceExplorer:ToxicBomb","floor":5.0},{"not_picked":["RobotSpaceExplorer:TurboDodge","RobotSpaceExplorer:FreezingShield"],"picked":"RobotSpaceExplorer:ShockKick","floor":7.0},{"not_picked":["RobotSpaceExplorer:Electroshield","RobotSpaceExplorer:MiniDrones"],"picked":"RobotSpaceExplorer:StunGrenade","floor":10.0},{"not_picked":["RobotSpaceExplorer:SwiftStep","RobotSpaceExplorer:Calculate"],"picked":"RobotSpaceExplorer:RigExplosive","floor":12.0},{"not_picked":["RobotSpaceExplorer:Ammunition","RobotSpaceExplorer:BigMissile"],"picked":"RobotSpaceExplorer:SurgingStrike","floor":13.0},{"not_picked":["RobotSpaceExplorer:Explosion","RobotSpaceExplorer:Scanner"],"picked":"RobotSpaceExplorer:Autoloader","floor":16.0},{"not_picked":["RobotSpaceExplorer:DoubleBlock","RobotSpaceExplorer:ShovelStrike","RobotSpaceExplorer:JunkDive"],"picked":"SKIP","floor":18.0},{"not_picked":["Magnetism","Midas Touch"],"picked":"Violence","floor":22.0},{"not_picked":["PanicButton","ReplayTheSpireMod:Private Reserves"],"picked":"Sadistic Nature","floor":22.0},{"not_picked":["The Bomb","Panacea"],"picked":"Dramatic Entrance","floor":22.0},{"not_picked":["RobotSpaceExplorer:ScrapMissile","RobotSpaceExplorer:StarDust"],"picked":"RobotSpaceExplorer:SelfCleaning+1","floor":23.0},{"not_picked":["RobotSpaceExplorer:ShovelStrike+1","RobotSpaceExplorer:Pulsar"],"picked":"RobotSpaceExplorer:ScrapMissile+1","floor":24.0},{"not_picked":["RobotSpaceExplorer:LaserBurst","RobotSpaceExplorer:StunGrenade"],"picked":"RobotSpaceExplorer:GlueShot","floor":28.0},{"not_picked":["RobotSpaceExplorer:PlasmaMissile","RobotSpaceExplorer:MiniDrones"],"picked":"RobotSpaceExplorer:Discharger+1","floor":31.0},{"not_picked":["RobotSpaceExplorer:ShockMissile","RobotSpaceExplorer:Exploration"],"picked":"RobotSpaceExplorer:BlastShield","floor":33.0},{"not_picked":["RobotSpaceExplorer:StarDust+1","RobotSpaceExplorer:GlueShot","RobotSpaceExplorer:Probe"],"picked":"SKIP","floor":35.0},{"not_picked":["RobotSpaceExplorer:Counterblock+1","RobotSpaceExplorer:Ammunition+1","RobotSpaceExplorer:SwiftStep+1"],"picked":"SKIP","floor":38.0},{"not_picked":["RobotSpaceExplorer:StunGrenade+1","RobotSpaceExplorer:SwiftStep+1","RobotSpaceExplorer:ShockKick+1"],"picked":"SKIP","floor":41.0},{"not_picked":["RobotSpaceExplorer:Ammunition+1","RobotSpaceExplorer:GlueShot"],"picked":"RobotSpaceExplorer:Electropulse","floor":42},{"not_picked":["RobotSpaceExplorer:SelfCleaning","RobotSpaceExplorer:LuckyStrike"],"picked":"RobotSpaceExplorer:Fix","floor":45},{"not_picked":["RobotSpaceExplorer:MiniDrones+1","RobotSpaceExplorer:Pulsar+1","RobotSpaceExplorer:Calculate"],"picked":"SKIP","floor":47}],"player_experience":298389,"relics_obtained":[{"floor":7.0,"key":"RobotSpaceExplorer:RingOfTheNewt"},{"floor":9.0,"key":"Bronze Scales"},{"floor":10.0,"key":"Replay:Bandana"},{"floor":20.0,"key":"ReplayTheSpireMod:Ninjato"},{"floor":23.0,"key":"Anchor"},{"floor":23.0,"key":"Potion Belt"},{"floor":26.0,"key":"infinitespire:Broken Mirror"},{"floor":36.0,"key":"Bag of Marbles"},{"floor":43,"key":"Replay:Towering Pillar of Hats"}],"event_choices":[{"damage_healed":0.0,"max_hp_gain":0.0,"max_hp_loss":0.0,"gold_gain":0.0,"event_name":"FaceTrader","player_choice":"Trade","floor":3.0,"gold_loss":0.0,"damage_taken":0.0,"relics_obtained":["GremlinMask"]},{"damage_healed":0.0,"max_hp_gain":0.0,"max_hp_loss":0.0,"gold_gain":0.0,"event_name":"betterThird:BetterScrap","player_choice":"Relic ","floor":6.0,"gold_loss":0.0,"damage_taken":7.0,"cards_obtained":["Intimidate"]},{"cards_removed":["infinitespire:Collect"],"damage_healed":0.0,"max_hp_gain":0.0,"max_hp_loss":0.0,"gold_gain":0.0,"event_name":"betterNote:BetterNote","player_choice":"Give","floor":19.0,"gold_loss":0.0,"damage_taken":0.0,"cards_obtained":["None"]},{"damage_healed":0,"gold_gain":0,"player_choice":"Embrace Madness","damage_taken":9,"max_hp_gain":0,"max_hp_loss":0,"event_name":"Winding Halls","floor":48,"gold_loss":0,"cards_obtained":["Madness","Madness"]}],"is_beta":false,"boss_relics":[{"not_picked":["Runic Dome","Kintsugi"],"picked":"Black Star"},{"not_picked":["infinitespire:Cupcake","Philosopher\u0027s Stone"],"picked":"RobotSpaceExplorer:TurboCore"}],"items_purged_floors":[],"is_endless":false,"potions_floor_spawned":[1,4,13,18,31,47],"killed_by":"infinitespire:MassOfShapes","ascension_level":0}}