{"host":"u0pt4wuoyrjgzhh2","time":1607774692,"event":{"mods":["AchievementEnabler","Act Like it!","Aspiration","BaseMod","Better Note","Better Vampires","Better-Laid Plans","BetterRewards","Block Reminder","Challenge The Spire","Colored Map","Colored Powertips","Conspire","Dota2Spire","Downfall-Rebalance","Highlight Path","Hubris","Minty Spire (QoL Compilation)","MostiFishMod","Quarter Circle Forward PUNCH!","Quick Restart","Relic Stats","Replay The Spire","Robot Space Explorer","RumiaBox-露米娅的神秘盒子","Shop Mod","Spicy Shops","StSLib","SuperFastMode","TestMod","The Dragon Tamer","The Jungle","vexMod","【功能Mod】混沌之环修复补丁","【遗物卡牌】REMEMod"],"gold_per_floor":[113,113,127,142,153,184,184,218,298,353,28,28,28,46,46,145,145,161,180,200,100,111,141,141,82,82,113,113,113,113,113,113,209,209,221,237,257,257,74,106,106,118,143,143,143,170,170,186,186,186,186,186,68,230],"floor_reached":56,"playtime":2103,"items_purged":["RobotSpaceExplorer:Strike","RobotSpaceExplorer:Strike","RobotSpaceExplorer:Defend"],"score":1553,"play_id":"a5cacdc2-a7e1-44a1-8613-e99ed796865c","local_time":"20201212200452","is_ascension_mode":false,"campfire_choices":[{"floor":7.0,"key":"REST"},{"floor":13.0,"key":"REST"},{"data":"Injury","floor":15.0,"key":"PURGE"},{"floor":24.0,"key":"RECALL"},{"floor":32.0,"key":"REST"},{"data":"RobotSpaceExplorer:MiniBoosters","floor":41.0,"key":"SMITH"},{"data":"RobotSpaceExplorer:Defend","floor":49.0,"key":"SMITH"},{"data":"RobotSpaceExplorer:Defend","floor":52.0,"key":"SMITH"}],"circlet_count":0,"master_deck":["RobotSpaceExplorer:Defend+1","RobotSpaceExplorer:Defend+6","RobotSpaceExplorer:Scan+1","RobotSpaceExplorer:MiniLasers+1","RobotSpaceExplorer:PowerCollector+1","RobotSpaceExplorer:GearShield+1","RobotSpaceExplorer:Reload+1","RobotSpaceExplorer:StunGrenade+1","RobotSpaceExplorer:Blaster+1","RobotSpaceExplorer:BigMissile+1","RobotSpaceExplorer:ExhaustFan+1","RobotSpaceExplorer:Fix+1","RobotSpaceExplorer:FranticSearch+1","RobotSpaceExplorer:ScrapToss+1","RobotSpaceExplorer:PlasmaMissile+1","RobotSpaceExplorer:FranticSearch+1","RobotSpaceExplorer:ShockMissile+1","RobotSpaceExplorer:BlastShield+1","RobotSpaceExplorer:FranticSearch+1","RobotSpaceExplorer:RigExplosive+1","RobotSpaceExplorer:PlasmaMissile+1","RobotSpaceExplorer:Arsenal+1","RobotSpaceExplorer:Comet+1","Turbo+1","RobotSpaceExplorer:MiniBoosters+1","Undo+1","Aggregate+1","Eviscerate+1","MostiFishMod:Confrontation+1","Endless Agony+1","Turbo+1","Aggregate+1","Fission+1"],"relics":["RobotSpaceExplorer:RoboCore","testmod-TestBox","REME_ComplimentaryCards","DaveBox","testmod-Fanaticism","Replay:Rubber Ducky","vexMod:GhostlyGear","SynthV:C4","testmod-TurbochargingSystem","MerchantsRug","testmod-BloodSacrificeSpiritualization","RhineCircuit","Question Card","ThornShield","DaCapo","Molten Egg 2","TimeFreeze","Toxic Egg 2","ImportantClient","testmod-EnergyCheck","Prayer Wheel","hubris:AstralHammer","Orrery","vexMod:ScavengeHelm","Garlic","hubris:Towel","aspiration:DefectSkillbook","Ying","Simple Rune","SecretRecord","Dota2Spire:ArcaneBoots","hubris:Icosahedron","REME_HandOfSuture","Ccalipers","DollysMirror","REME_ArchaeologicalTools"],"acts_visited":["Exordium","TheCity","TheBeyond","TheEnding","TheEnding"],"potions_floor_usage":[55],"damage_taken":[{"damage":11.0,"enemies":"Small Slimes","floor":1.0,"turns":3.0},{"damage":7.0,"enemies":"Cultist","floor":3.0,"turns":2.0},{"damage":11.0,"enemies":"Jaw Worm","floor":4.0,"turns":3.0},{"damage":7.0,"enemies":"Exordium Wildlife","floor":5.0,"turns":1.0},{"damage":0.0,"enemies":"3 Sentries","floor":6.0,"turns":3.0},{"damage":18.0,"enemies":"Lagavulin","floor":8.0,"turns":4.0},{"damage":7.0,"enemies":"Exordium Thugs","floor":14.0,"turns":1.0},{"damage":0.0,"enemies":"Hexaghost","floor":16.0,"turns":4.0},{"damage":7.0,"enemies":"Shell Parasite","floor":18.0,"turns":2.0},{"damage":7.0,"enemies":"2 Thieves","floor":19.0,"turns":1.0},{"damage":7.0,"enemies":"Chosen and Byrds","floor":20.0,"turns":2.0},{"damage":7.0,"enemies":"Snake Plant","floor":22.0,"turns":2.0},{"damage":7.0,"enemies":"Replay:Snechameleon","floor":23.0,"turns":2.0},{"damage":7.0,"enemies":"conspire:Head Lice","floor":27.0,"turns":2.0},{"damage":10.0,"enemies":"Collector","floor":33.0,"turns":4.0},{"damage":14.0,"enemies":"Orb Walker","floor":35.0,"turns":2.0},{"damage":10.0,"enemies":"3 Darklings","floor":36.0,"turns":2.0},{"damage":47.0,"enemies":"Writhing Mass","floor":37.0,"turns":2.0},{"damage":8.0,"enemies":"R_Hoarder","floor":40.0,"turns":2.0},{"damage":8.0,"enemies":"Sphere and 2 Shapes","floor":42.0,"turns":1.0},{"damage":20.0,"enemies":"Nemesis","floor":46.0,"turns":4.0},{"damage":8.0,"enemies":"Jaw Worm Horde","floor":48.0,"turns":1.0},{"damage":8.0,"enemies":"conspire:OrnateMirror","floor":50.0,"turns":2.0},{"damage":8.0,"enemies":"Shield and Spear","floor":54.0,"turns":1.0},{"damage":36,"enemies":"The Heart","floor":55,"turns":5}],"seed_played":"-4805213767046312183","potions_obtained":[{"floor":4.0,"key":"Fire Potion"},{"floor":5.0,"key":"LifebloodPotion"},{"floor":14.0,"key":"PowerPotion"},{"floor":33.0,"key":"Fruit Juice"},{"floor":36.0,"key":"Toxic Potion"},{"floor":48.0,"key":"testmod-SpacePotion"}],"is_trial":false,"path_per_floor":["M","?","M","M","M","E","R","E","T","T","$","?","R","M","R_BF","B",null,"M","M","M","$","M","E","R","$","T","E","?","$","?","?","R","B",null,"M","M","M","?","$","E","R","M","T","?","T","E","?","M","R","B",null,"R","$","E","B",null],"character_chosen":"RobotSpaceExplorer","items_purchased":["Replay:Rubber Ducky","vexMod:GhostlyGear","SynthV:C4","RobotSpaceExplorer:PowerCollector","testmod-TurbochargingSystem","MerchantsRug","RobotSpaceExplorer:ExhaustFan","RobotSpaceExplorer:Fix","TimeFreeze","Orrery","Ying","Simple Rune","DollysMirror"],"campfire_rested":3,"item_purchase_floors":[0,0,0,0,0,0,11,11,11,25,39,39,53],"current_hp_per_floor":[31,31,25,16,9,9,31,16,16,16,16,16,38,31,31,35,75,69,72,68,68,63,67,67,67,67,68,68,68,68,68,75,79,80,69,63,79,79,79,80,80,72,72,72,72,62,62,56,56,80,80,80,80,80],"gold":230,"neow_bonus":"","is_daily":false,"chose_seed":false,"campfire_upgraded":3,"win_rate":0.0,"timestamp":1607774692,"path_taken":["M","?","M","M","?","E","R","E","T","?","$","?","R","M","R_BF","BOSS","M","M","M","$","M","E","R","$","T","E","?","?","?","?","R","BOSS","M","M","M","?","$","E","R","?","T","?","?","E","?","M","R","BOSS","R","$","E","BOSS","BOSS","BOSS"],"items_purchased_type":["Relic","Relic","Relic","Card","Relic","Relic","Card","Card","Relic","Relic","Relic","Relic","Relic"],"build_version":"2020-11-30","purchased_purges":3,"victory":true,"max_hp_per_floor":[75,75,75,75,75,75,75,75,75,75,75,75,75,75,75,75,75,75,75,75,75,75,75,75,75,75,75,75,75,75,75,75,80,80,80,80,80,80,80,80,80,80,80,80,80,80,80,80,80,80,80,80,80,80],"relic_stats":{"counters":[27,60],"Prayer Wheel":14,"Question Card":55,"obtain_stats":[{"Ying":39,"DaveBox":0,"SecretRecord":40,"testmod-BloodSacrificeSpiritualization":0,"SynthV:C4":0,"Replay:Rubber Ducky":0,"testmod-Fanaticism":0,"hubris:Icosahedron":44,"aspiration:DefectSkillbook":34,"hubris:AstralHammer":23,"Ccalipers":46,"DollysMirror":53,"Prayer Wheel":18,"DaCapo":8,"REME_ArchaeologicalTools":54,"Dota2Spire:ArcaneBoots":43,"Toxic Egg 2":12,"ImportantClient":16,"MerchantsRug":0,"testmod-TestBox":0,"NeowsBlessing":0,"vexMod:ScavengeHelm":26,"testmod-CardMagician":0,"RobotSpaceExplorer:RoboCore":0,"testmod-TurbochargingSystem":0,"hubris:Towel":30,"Question Card":1,"ThornShield":6,"TimeFreeze":11,"RhineCircuit":0,"vexMod:GhostlyGear":0,"Orrery":25,"Molten Egg 2":9,"Simple Rune":39,"REME_HandOfSuture":45,"Garlic":27,"PureWater":0,"testmod-EnergyCheck":17,"REME_ComplimentaryCards":0},{"Ying":19,"DaveBox":0,"SecretRecord":20,"testmod-BloodSacrificeSpiritualization":1,"SynthV:C4":1,"Replay:Rubber Ducky":1,"testmod-Fanaticism":1,"hubris:Icosahedron":21,"aspiration:DefectSkillbook":16,"hubris:AstralHammer":14,"Ccalipers":22,"DollysMirror":24,"Prayer Wheel":10,"DaCapo":7,"REME_ArchaeologicalTools":25,"Dota2Spire:ArcaneBoots":21,"Toxic Egg 2":7,"ImportantClient":9,"MerchantsRug":1,"testmod-TestBox":0,"NeowsBlessing":0,"vexMod:ScavengeHelm":14,"testmod-CardMagician":1,"RobotSpaceExplorer:RoboCore":0,"testmod-TurbochargingSystem":1,"hubris:Towel":15,"Question Card":2,"ThornShield":6,"TimeFreeze":7,"RhineCircuit":1,"vexMod:GhostlyGear":1,"Orrery":14,"Molten Egg 2":7,"Simple Rune":19,"REME_HandOfSuture":21,"Garlic":15,"PureWater":0,"testmod-EnergyCheck":9,"REME_ComplimentaryCards":0},{"Ying":43,"DaveBox":0,"SecretRecord":45,"testmod-BloodSacrificeSpiritualization":1,"SynthV:C4":1,"Replay:Rubber Ducky":1,"testmod-Fanaticism":1,"hubris:Icosahedron":46,"aspiration:DefectSkillbook":37,"hubris:AstralHammer":31,"Ccalipers":50,"DollysMirror":53,"Prayer Wheel":23,"DaCapo":17,"REME_ArchaeologicalTools":54,"Dota2Spire:ArcaneBoots":46,"Toxic Egg 2":17,"ImportantClient":22,"MerchantsRug":1,"testmod-TestBox":0,"NeowsBlessing":0,"vexMod:ScavengeHelm":31,"testmod-CardMagician":1,"RobotSpaceExplorer:RoboCore":0,"testmod-TurbochargingSystem":1,"hubris:Towel":33,"Question Card":4,"ThornShield":13,"TimeFreeze":17,"RhineCircuit":1,"vexMod:GhostlyGear":1,"Orrery":31,"Molten Egg 2":17,"Simple Rune":43,"REME_HandOfSuture":46,"Garlic":33,"PureWater":0,"testmod-EnergyCheck":22,"REME_ComplimentaryCards":0}]},"card_choices":[{"not_picked":["RobotSpaceExplorer:DoubleFind","RobotSpaceExplorer:Ammunition"],"picked":"RobotSpaceExplorer:GearShield","floor":1.0},{"not_picked":["RobotSpaceExplorer:FrostMissile","RobotSpaceExplorer:SurgingShield","RobotSpaceExplorer:Blitz"],"picked":"RobotSpaceExplorer:Reload","floor":3.0},{"not_picked":["RobotSpaceExplorer:ScrapMissile","RobotSpaceExplorer:LuckyStrike","RobotSpaceExplorer:SurgingStrike"],"picked":"RobotSpaceExplorer:StunGrenade","floor":4.0},{"not_picked":["RobotSpaceExplorer:ScrapMissile","RobotSpaceExplorer:ScrapShield","RobotSpaceExplorer:SlimeMissile","RobotSpaceExplorer:SwiftStep"],"picked":"SKIP","floor":5.0},{"not_picked":["RobotSpaceExplorer:RigExplosive","RobotSpaceExplorer:SurgingStrike","RobotSpaceExplorer:LuckyStrike"],"picked":"RobotSpaceExplorer:Blaster","floor":6.0},{"not_picked":["RobotSpaceExplorer:ShockKick","RobotSpaceExplorer:MakeshiftVolley","RobotSpaceExplorer:ScrapShield"],"picked":"RobotSpaceExplorer:BigMissile","floor":8.0},{"not_picked":["RobotSpaceExplorer:MakeshiftVolley+1","RobotSpaceExplorer:Discharger","RobotSpaceExplorer:ImprovisedAttack+1"],"picked":"RobotSpaceExplorer:FranticSearch+1","floor":14.0},{"not_picked":["RobotSpaceExplorer:Electropulse+1","RobotSpaceExplorer:SurgingShield+1","RobotSpaceExplorer:SwiftStep+1"],"picked":"RobotSpaceExplorer:ScrapToss+1","floor":18.0},{"not_picked":["RobotSpaceExplorer:SurgingStrike+1","RobotSpaceExplorer:MetalStrike+1","RobotSpaceExplorer:ImprovisedAttack+1","RobotSpaceExplorer:Smokescreen+1"],"picked":"SKIP","floor":18.0},{"not_picked":["RobotSpaceExplorer:SurgingStrike+1","RobotSpaceExplorer:MetalStrike+1","RobotSpaceExplorer:ImprovisedAttack+1","RobotSpaceExplorer:Smokescreen+1"],"picked":"SKIP","floor":18.0},{"not_picked":["RobotSpaceExplorer:Counterblock+1","RobotSpaceExplorer:ScrapToss+1","RobotSpaceExplorer:DualCore"],"picked":"RobotSpaceExplorer:PlasmaMissile+1","floor":19.0},{"not_picked":["RobotSpaceExplorer:GlueShot+1","RobotSpaceExplorer:ScrapMissile+1","RobotSpaceExplorer:SelfCleaning+1","RobotSpaceExplorer:StunGrenade+1"],"picked":"SKIP","floor":19.0},{"not_picked":["RobotSpaceExplorer:IronShell+1","RobotSpaceExplorer:ShockKick+1","RobotSpaceExplorer:Pulsar+1"],"picked":"RobotSpaceExplorer:FranticSearch+1","floor":20.0},{"not_picked":["RobotSpaceExplorer:ExhaustFan+1","RobotSpaceExplorer:SwiftStep+1","RobotSpaceExplorer:ChargingLaser+1","RobotSpaceExplorer:Fix+1"],"picked":"SKIP","floor":20.0},{"not_picked":["RobotSpaceExplorer:Jetpack+1","RobotSpaceExplorer:ShovelStrike+1","RobotSpaceExplorer:Electroshield+1"],"picked":"RobotSpaceExplorer:ShockMissile+1","floor":22.0},{"not_picked":["RobotSpaceExplorer:ImprovisedAttack+1","RobotSpaceExplorer:TurboDodge+1","RobotSpaceExplorer:ShovelStrike+1","RobotSpaceExplorer:DoubleFind+1"],"picked":"SKIP","floor":22.0},{"not_picked":["RobotSpaceExplorer:ShockKick+1","RobotSpaceExplorer:Pulsar+1","RobotSpaceExplorer:SurgingShield+1"],"picked":"RobotSpaceExplorer:BlastShield+1","floor":23.0},{"not_picked":["RobotSpaceExplorer:ToxicBomb+1","RobotSpaceExplorer:Smokescreen+1","RobotSpaceExplorer:StunGrenade+1"],"picked":"RobotSpaceExplorer:FranticSearch+1","floor":25.0},{"not_picked":["RobotSpaceExplorer:Ammunition+1","RobotSpaceExplorer:ShockKick+1","RobotSpaceExplorer:Blitz+1"],"picked":"RobotSpaceExplorer:RigExplosive+1","floor":25.0},{"not_picked":["RobotSpaceExplorer:FreezeRay+1","RobotSpaceExplorer:StunGrenade+1","RobotSpaceExplorer:Probe+1"],"picked":"RobotSpaceExplorer:PlasmaMissile+1","floor":27.0},{"not_picked":["RobotSpaceExplorer:Asteroid+1","RobotSpaceExplorer:HighVoltage+1","RobotSpaceExplorer:Blaster+1"],"picked":"RobotSpaceExplorer:Comet+1","floor":33.0},{"not_picked":["RobotSpaceExplorer:ScrapMissile+1","RobotSpaceExplorer:SurgingShield+1","Crystallizer+1","Rebound+1","RobotSpaceExplorer:Probe+1"],"picked":"SKIP","floor":35.0},{"not_picked":["MostiFishMod:GoodWordForIt+1","RobotSpaceExplorer:MetalStrike+1","RobotSpaceExplorer:MiniDrones+1","ReplayTheSpireMod:Reroute Power+1","Sweeping Beam+1"],"picked":"SKIP","floor":35.0},{"not_picked":["Fusion+1","RobotSpaceExplorer:StunGrenade+1","RobotSpaceExplorer:Counterblock+1","RobotSpaceExplorer:PowerGlove","Gash+1"],"picked":"SKIP","floor":36.0},{"not_picked":["Lockon+1","Melter+1","RobotSpaceExplorer:Calculate+1","Chaos+1","Sweeping Beam+1"],"picked":"SKIP","floor":36.0},{"not_picked":["hubris:PowerSurge","Hologram+1","Streamline+1","RobotSpaceExplorer:Counterblock+1"],"picked":"Turbo+1","floor":37.0},{"not_picked":["RobotSpaceExplorer:Fix+1","RobotSpaceExplorer:Counterblock+1","Redo+1","RobotSpaceExplorer:SurgingStrike+1","RobotSpaceExplorer:Electropulse+1"],"picked":"SKIP","floor":37.0},{"not_picked":["RobotSpaceExplorer:SurgingStrike+1","ReplaySolidLightProjector+1","REME_Whirling+1","Rebound+1"],"picked":"Undo+1","floor":40.0},{"not_picked":["RobotSpaceExplorer:ShovelStrike+1","RobotSpaceExplorer:Electropulse+1","RobotSpaceExplorer:SelfCleaning+1","Streamline+1","RobotSpaceExplorer:FranticSearch+1"],"picked":"SKIP","floor":42.0},{"not_picked":["RobotSpaceExplorer:FrostMissile+1","hubris:Prefetch+1","Coolheaded+1","ReplayTheSpireMod:Calculation Training+1","RobotSpaceExplorer:SurgingStrike+1"],"picked":"SKIP","floor":42.0},{"not_picked":["Fission+1","ReplayTheSpireMod:Repulse+1","Blizzard+1","RobotSpaceExplorer:MetalStrike+1"],"picked":"Aggregate+1","floor":46.0},{"not_picked":["RobotSpaceExplorer:ScrapShield+1","Glacier+1","Go for the Eyes+1","Hologram+1"],"picked":"Turbo+1","floor":48.0},{"not_picked":["RobotSpaceExplorer:Probe+1","Force Field+1","Glacier+1","RobotSpaceExplorer:GearShield+1","Hyperbeam+1"],"picked":"SKIP","floor":48.0},{"not_picked":["conspire:SharedLibrary","Multi-Cast+1","Loop","RobotSpaceExplorer:SwiftStep+1"],"picked":"Fission+1","floor":54.0}],"player_experience":123049,"relics_obtained":[{"floor":1.0,"key":"Question Card"},{"floor":6.0,"key":"ThornShield"},{"floor":8.0,"key":"DaCapo"},{"floor":9.0,"key":"Molten Egg 2"},{"floor":16.0,"key":"ImportantClient"},{"floor":23.0,"key":"hubris:AstralHammer"},{"floor":26.0,"key":"vexMod:ScavengeHelm"},{"floor":27.0,"key":"Garlic"},{"floor":40.0,"key":"SecretRecord"},{"floor":43.0,"key":"Dota2Spire:ArcaneBoots"},{"floor":45.0,"key":"REME_HandOfSuture"},{"floor":46.0,"key":"Ccalipers"},{"floor":54.0,"key":"REME_ArchaeologicalTools"}],"event_choices":[{"damage_healed":0.0,"max_hp_gain":0.0,"max_hp_loss":0.0,"gold_gain":0.0,"event_name":"Upgrade Shrine","player_choice":"Upgraded","floor":2.0,"gold_loss":0.0,"damage_taken":0.0,"cards_upgraded":["RobotSpaceExplorer:MiniLasers"]},{"cards_removed":["RobotSpaceExplorer:Defend"],"damage_healed":0.0,"max_hp_gain":0.0,"max_hp_loss":0.0,"gold_gain":0.0,"event_name":"betterNote:BetterNote","player_choice":"Give","floor":28.0,"gold_loss":0.0,"damage_taken":0.0,"cards_obtained":["None"]},{"damage_healed":0.0,"max_hp_gain":0.0,"max_hp_loss":0.0,"gold_gain":0.0,"event_name":"The Library","player_choice":"Read","floor":31.0,"gold_loss":0.0,"damage_taken":0.0,"cards_obtained":["RobotSpaceExplorer:Arsenal"]},{"damage_healed":0.0,"max_hp_gain":0.0,"max_hp_loss":0.0,"gold_gain":0.0,"cards_transformed":["RobotSpaceExplorer:Strike"],"event_name":"Transmorgrifier","player_choice":"Transformed","floor":38.0,"gold_loss":0.0,"damage_taken":0.0,"cards_obtained":["RobotSpaceExplorer:MiniBoosters"]}],"is_beta":false,"boss_relics":[{"not_picked":["Replay:Fungal Core","FrostBlade"],"picked":"testmod-EnergyCheck"},{"not_picked":["Empty Cage","testmod-KeyOfTheVoid"],"picked":"aspiration:DefectSkillbook"}],"items_purged_floors":[0,11,21],"is_endless":false,"potions_floor_spawned":[4,5,14,19,20,33,36,42,48],"ascension_level":0}}