{"host":"dij4iqdhjit0agg1","time":1607767535,"event":{"mods":["Act Like it!","BaseMod","Better Note","Colored Powertips","Minty Spire (QoL Compilation)","Permanent Neow","Rare Cards Sparkle","StSLib","The Servant 0.9.4"],"gold_per_floor":[110,185,16,91,109,109,128,128,128,142,172,172,7,27,27,131,131,147,162,174,174,194,229,229,229,284,294,312,338,364,364,364,459,459,475,475,486,113,126,151,151,170,219,234,19,30,30,44,44,44],"floor_reached":51,"playtime":3654,"items_purged":["Bash","Strike_R","Defend_R"],"score":686,"play_id":"1e6673f4-0b80-4b2f-b750-5c6204a73d97","local_time":"20201212110535","is_ascension_mode":false,"campfire_choices":[{"data":"Armaments","floor":6,"key":"SMITH"},{"data":"Whirlwind","floor":8,"key":"SMITH"},{"data":"Blood for Blood","floor":12,"key":"SMITH"},{"data":"Pommel Strike","floor":15,"key":"SMITH"},{"floor":25,"key":"REST"},{"floor":32,"key":"REST"},{"floor":47,"key":"REST"},{"floor":49,"key":"REST"}],"circlet_count":0,"master_deck":["Strike_R","Strike_R","Strike_R","Strike_R","Defend_R","Defend_R","Defend_R","Armaments+1","Whirlwind+1","Blood for Blood+1","Pommel Strike+1","Offering","Body Slam+1","Shrug It Off+1","Shrug It Off+1","Immolate+1","Body Slam+1","Metallicize","Brutality","Combust+1","Trip","Blind+1","Metamorphosis+1","Sadistic Nature","Entrench+1","Rupture+1","Twin Strike+1"],"relics":["Burning Blood","Membership Card","Lantern","Happy Flower","Fusion Hammer","Darkstone Periapt","Centennial Puzzle","Red Mask","Anchor","Runic Pyramid","Bag of Preparation","Orichalcum","TheAbacus","Shuriken","War Paint","Bronze Scales","Bag of Marbles"],"acts_visited":["Exordium","TheCity","TheBeyond"],"potions_floor_usage":[10,16,16,20,22,27,28,28,33,37,40,46,46,50],"damage_taken":[{"damage":5,"enemies":"Jaw Worm","floor":1,"turns":5},{"damage":5,"enemies":"Small Slimes","floor":5,"turns":3},{"damage":1,"enemies":"Cultist","floor":7,"turns":5},{"damage":10,"enemies":"Looter","floor":10,"turns":3},{"damage":5,"enemies":"Exordium Wildlife","floor":14,"turns":3},{"damage":66,"enemies":"The Guardian","floor":16,"turns":10},{"damage":6,"enemies":"Shell Parasite","floor":18,"turns":3},{"damage":20,"enemies":"2 Thieves","floor":19,"turns":2},{"damage":23,"enemies":"Centurion and Healer","floor":20,"turns":4},{"damage":0,"enemies":"3 Cultists","floor":22,"turns":1},{"damage":23,"enemies":"Slavers","floor":23,"turns":5},{"damage":6,"enemies":"Cultist and Chosen","floor":27,"turns":1},{"damage":0,"enemies":"Sentry and Sphere","floor":28,"turns":3},{"damage":6,"enemies":"Masked Bandits","floor":29,"turns":1},{"damage":15,"enemies":"Gremlin Leader","floor":30,"turns":4},{"damage":77,"enemies":"Champ","floor":33,"turns":13},{"damage":19,"enemies":"Orb Walker","floor":35,"turns":3},{"damage":19,"enemies":"3 Shapes","floor":37,"turns":3},{"damage":3,"enemies":"Jaw Worm Horde","floor":39,"turns":2},{"damage":18,"enemies":"Nemesis","floor":40,"turns":5},{"damage":14,"enemies":"Sphere and 2 Shapes","floor":42,"turns":3},{"damage":17,"enemies":"Maw","floor":44,"turns":5},{"damage":6,"enemies":"Writhing Mass","floor":46,"turns":3},{"damage":9,"enemies":"4 Shapes","floor":48,"turns":3},{"damage":48,"enemies":"Awakened One","floor":50,"turns":6}],"seed_played":"6962867304957535911","potions_obtained":[{"floor":7,"key":"BloodPotion"},{"floor":16,"key":"PowerPotion"},{"floor":18,"key":"DuplicationPotion"},{"floor":24,"key":"DistilledChaos"},{"floor":24,"key":"SteroidPotion"},{"floor":24,"key":"EssenceOfSteel"},{"floor":28,"key":"ElixirPotion"},{"floor":30,"key":"SkillPotion"},{"floor":33,"key":"PowerPotion"},{"floor":35,"key":"Strength Potion"},{"floor":37,"key":"Block Potion"},{"floor":39,"key":"EssenceOfSteel"},{"floor":48,"key":"Swift Potion"}],"is_trial":false,"path_per_floor":["M","?","$","?","M","R","M","R","T","M","?","R","$","M","R","B",null,"M","M","M","?","M","E","?","R","T","M","M","?","E","?","R","B",null,"M","?","M","$","M","E","?","M","T","M","$","M","R","M","R","B",null],"character_chosen":"IRONCLAD","items_purchased":["Membership Card","Whirlwind","Happy Flower","Swift Potion","PowerPotion","Bag of Preparation","Orichalcum","TheAbacus","Sadistic Nature","Bronze Scales","Bag of Marbles"],"campfire_rested":4,"item_purchase_floors":[3,3,13,13,13,38,38,38,38,45,45],"current_hp_per_floor":[73,62,62,53,54,54,59,59,59,74,74,74,74,75,75,15,96,96,82,65,65,71,54,54,82,82,82,88,88,79,79,96,25,96,83,73,60,60,63,51,51,43,43,32,32,32,60,57,85,43],"gold":44,"neow_bonus":"TWENTY_PERCENT_HP_BONUS","is_daily":false,"chose_seed":false,"campfire_upgraded":4,"win_rate":0.0,"timestamp":1607767535,"path_taken":["M","?","$","?","M","R","?","R","T","M","?","R","?","M","R","BOSS","M","M","M","?","M","E","?","R","T","?","M","?","E","?","R","BOSS","M","?","M","$","M","E","?","?","T","M","$","M","R","M","R","BOSS"],"items_purchased_type":["Relic","Card","Relic","Potion","Potion","Relic","Relic","Relic","Card","Relic","Relic"],"build_version":"2020-11-30","purchased_purges":3,"victory":true,"max_hp_per_floor":[96,96,96,96,96,96,96,96,96,96,96,96,96,96,96,96,96,96,96,96,96,96,96,96,96,96,96,96,96,96,96,96,96,96,96,96,96,96,96,96,96,96,96,96,96,96,96,96,96,96],"card_choices":[{"not_picked":["Seeing Red","Warcry"],"picked":"Armaments","floor":1},{"not_picked":["Dropkick","Armaments","Infernal Blade"],"picked":"SKIP","floor":5},{"not_picked":["Thunderclap","Iron Wave"],"picked":"Blood for Blood","floor":7},{"not_picked":["Power Through","Clothesline","Sentinel"],"picked":"SKIP","floor":10},{"not_picked":["Headbutt","Dual Wield"],"picked":"Pommel Strike","floor":14},{"not_picked":["Corruption","Feed"],"picked":"Offering","floor":16},{"not_picked":["Warcry","Heavy Blade+1"],"picked":"Body Slam","floor":18},{"not_picked":["Feel No Pain+1","Fire Breathing"],"picked":"Shrug It Off+1","floor":19},{"not_picked":["Armaments","Headbutt"],"picked":"Shrug It Off+1","floor":20},{"not_picked":["Thunderclap+1","Clothesline","Pommel Strike"],"picked":"SKIP","floor":22},{"not_picked":["Pommel Strike","Infernal Blade"],"picked":"Body Slam+1","floor":23},{"not_picked":["Ghostly Armor","Feed","Clothesline+1"],"picked":"SKIP","floor":27},{"not_picked":["Dropkick","Anger+1","Pummel"],"picked":"SKIP","floor":28},{"not_picked":["Twin Strike","Havoc"],"picked":"Metallicize","floor":29},{"not_picked":["Dropkick","Thunderclap","Perfected Strike"],"picked":"SKIP","floor":30},{"not_picked":["Immolate","Barricade"],"picked":"Brutality","floor":33},{"not_picked":["Disarm","Clothesline+1"],"picked":"Combust+1","floor":35},{"not_picked":["Good Instincts","Dark Shackles"],"picked":"Trip","floor":36},{"not_picked":["Finesse","Secret Technique"],"picked":"Blind","floor":36},{"not_picked":["Dark Shackles","Blind"],"picked":"Metamorphosis","floor":36},{"not_picked":["Wild Strike","Body Slam+1","True Grit+1"],"picked":"SKIP","floor":37},{"not_picked":["Second Wind","Wild Strike","Sword Boomerang"],"picked":"SKIP","floor":39},{"not_picked":["Dark Embrace+1","Wild Strike+1","Clothesline+1"],"picked":"SKIP","floor":40},{"not_picked":["Bludgeon","True Grit+1","Whirlwind"],"picked":"SKIP","floor":42},{"not_picked":["Clash","Inflame+1"],"picked":"Entrench+1","floor":44},{"not_picked":["Whirlwind","True Grit"],"picked":"Rupture+1","floor":46},{"not_picked":["Feel No Pain","Iron Wave"],"picked":"Twin Strike+1","floor":48}],"player_experience":873555,"relics_obtained":[{"floor":9,"key":"Lantern"},{"floor":23,"key":"Darkstone Periapt"},{"floor":26,"key":"Centennial Puzzle"},{"floor":29,"key":"Red Mask"},{"floor":30,"key":"Anchor"},{"floor":40,"key":"Shuriken"},{"floor":43,"key":"War Paint"}],"event_choices":[{"damage_healed":0,"gold_gain":75,"player_choice":"Gather Gold","damage_taken":11,"max_hp_gain":0,"max_hp_loss":0,"event_name":"World of Goop","floor":2,"gold_loss":0},{"damage_healed":0,"gold_gain":75,"player_choice":"Touch","damage_taken":9,"max_hp_gain":0,"max_hp_loss":0,"event_name":"FaceTrader","floor":4,"gold_loss":0},{"damage_healed":0,"gold_gain":30,"player_choice":"Searched \u00271\u0027 times","damage_taken":0,"max_hp_gain":0,"max_hp_loss":0,"event_name":"Dead Adventurer","floor":11,"gold_loss":0},{"cards_removed":["Blood for Blood"],"damage_healed":0,"gold_gain":0,"player_choice":"Take \u0026 Give","damage_taken":0,"max_hp_gain":0,"max_hp_loss":0,"event_name":"betterNote:BetterNote","floor":21,"gold_loss":0,"cards_obtained":["Immolate"]},{"damage_healed":0,"gold_gain":0,"player_choice":"Got Potions","damage_taken":0,"max_hp_gain":0,"max_hp_loss":0,"event_name":"Lab","floor":24,"gold_loss":0},{"damage_healed":0,"gold_gain":0,"player_choice":"Fought Bandits","damage_taken":0,"max_hp_gain":0,"max_hp_loss":0,"event_name":"Masked Bandits","floor":29,"gold_loss":0},{"damage_healed":0,"gold_gain":0,"player_choice":"Ignored","damage_taken":0,"max_hp_gain":0,"max_hp_loss":0,"event_name":"Ghosts","floor":31,"gold_loss":0},{"damage_healed":0,"gold_gain":0,"player_choice":"Memory 3","damage_taken":10,"max_hp_gain":0,"max_hp_loss":0,"event_name":"SensoryStone","floor":36,"gold_loss":0},{"damage_healed":0,"gold_gain":0,"player_choice":"Forge","damage_taken":0,"max_hp_gain":0,"max_hp_loss":0,"event_name":"Accursed Blacksmith","floor":41,"gold_loss":0,"cards_upgraded":["Body Slam"]}],"is_beta":false,"boss_relics":[{"not_picked":["Coffee Dripper","Velvet Choker"],"picked":"Fusion Hammer"},{"not_picked":["Runic Dome","Astrolabe"],"picked":"Runic Pyramid"}],"items_purged_floors":[13,38,45],"is_endless":false,"potions_floor_spawned":[7,16,18,28,30,33,35,37,39,48],"ascension_level":0}}