{"host":"rcanb95qz4o6v6pp","time":1607795539,"event":{"mods":["AchievementEnabler","BaseMod","Better Third Choice","BetterRewards","Colored Map","Downfall","Googly Eyes","Hermit","Infinite Spire","Minty Spire (QoL Compilation)","Replay The Spire","Spicy Shops","StSLib","The Blue Laboratory"],"gold_per_floor":[110,125,200,200,217,217,248,248,248,268,281,294,294,309,309,410,410,426,439,439,439,454,487,506,506,506,33,60,83,83,100,100,100,100],"floor_reached":33,"playtime":1680,"items_purged":[],"score":294,"play_id":"3c87ffa6-8019-4f82-b71c-3af94c780715","local_time":"20201212125219","daily_mods":["downfall:Jewelcrafting"],"is_ascension_mode":false,"campfire_choices":[{"floor":13,"key":"REST"},{"floor":15,"key":"REST"},{"floor":25,"key":"REST"},{"floor":30,"key":"REST"}],"circlet_count":0,"master_deck":["Strike_R","Strike_R","Strike_R","Strike_R","Defend_R","Defend_R","Defend_R","Defend_R","Bash","Guardian:ExploitGems","Guardian:ExploitGems","Spot Weakness","Guardian:BronzeArmor","Heavy Blade","Shrug It Off","Guardian:PiercingHide","Clumsy","Fire Breathing","Exhume","Demonic Infusion","Guardian:Gem_Blue","Guardian:WalkerClaw","Guardian:DonusPower","ReplayTheSpireMod:Corrosion Curse+1","infinitespire:FutureSight","Armaments+1","Guardian:VentSteam+1","Guardian:FloatingOrbs","Guardian:Gem_Fragmented","Guardian:Gem_Blue"],"relics":["Burning Blood","Guardian:PickAxe","WarpedTongs","Replay:PocketPolymizer","Prayer Wheel","Letter Opener","Fusion Hammer","Bronze Scales","Blue Doll","hexamod:BolsterEngine","Bird Faced Urn","HandDrill","ReplayTheSpireMod:Lightbulb"],"acts_visited":["Exordium","TheCity"],"potions_floor_usage":[12,16,23,33,33,33],"damage_taken":[{"damage":7,"enemies":"Small Slimes","floor":1,"turns":3},{"damage":6,"enemies":"Cultist","floor":2,"turns":3},{"damage":8,"enemies":"Jaw Worm","floor":5,"turns":5},{"damage":19,"enemies":"Replay:BlueRogue","floor":7,"turns":4},{"damage":19,"enemies":"Large Slime","floor":10,"turns":6},{"damage":11,"enemies":"Exordium Wildlife","floor":11,"turns":4},{"damage":11,"enemies":"Blue Slaver","floor":12,"turns":2},{"damage":5,"enemies":"2 Fungi Beasts","floor":14,"turns":3},{"damage":29,"enemies":"Slime Boss","floor":16,"turns":6},{"damage":17,"enemies":"Spheric Guardian","floor":18,"turns":5},{"damage":14,"enemies":"Shell Parasite","floor":19,"turns":7},{"damage":23,"enemies":"Shelled Parasite and Fungi","floor":22,"turns":5},{"damage":1,"enemies":"Book of Stabbing","floor":23,"turns":4},{"damage":14,"enemies":"Snake Plant","floor":24,"turns":3},{"damage":17,"enemies":"Sentry and Sphere","floor":31,"turns":5},{"damage":70,"enemies":"Automaton","floor":33,"turns":6}],"seed_played":"-3539917686870629605","potions_obtained":[{"floor":5,"key":"BlessingOfTheForge"},{"floor":10,"key":"blueLaboratory:ArtificerPotion"},{"floor":11,"key":"blueLaboratory:FruitPunch"},{"floor":14,"key":"SkillPotion"},{"floor":16,"key":"blueLaboratory:EntrenchedPotion"},{"floor":18,"key":"blueLaboratory:IronCompound"},{"floor":24,"key":"Flashbang"}],"is_trial":true,"path_per_floor":["M","M","?","?","M","R","E","T","T","M","M","M","R","M","R","B",null,"M","M","?","?","M","E","M","R","T","$","T","?","R","M","R","B"],"character_chosen":"IRONCLAD","items_purchased":["Guardian:FloatingOrbs","hexamod:BolsterEngine","Bird Faced Urn","HandDrill"],"campfire_rested":4,"item_purchase_floors":[27,27,27,27],"current_hp_per_floor":[79,79,68,68,66,66,53,53,53,40,35,32,56,57,81,58,82,71,63,63,42,25,30,22,46,46,46,46,46,70,63,63,0,0],"gold":100,"neow_bonus":"","is_daily":false,"chose_seed":false,"campfire_upgraded":0,"win_rate":0.0,"timestamp":1607795539,"path_taken":["M","M","?","?","?","R","E","?","T","M","M","M","R","M","R","BOSS","M","M","?","?","M","E","M","R","T","?","?","?","R","M","R","BOSS"],"items_purchased_type":["Card","Relic","Relic","Relic"],"build_version":"2020-11-30","purchased_purges":0,"victory":false,"max_hp_per_floor":[80,80,80,80,80,80,80,80,80,80,80,82,82,82,82,82,82,82,82,82,82,82,82,82,82,82,82,82,82,82,82,82,82,82],"card_choices":[{"not_picked":["Guardian:SentryBeam","Pommel Strike","Guardian:Incinerate"],"picked":"SKIP","floor":1},{"not_picked":["Guardian:PrimingBeam","Guardian:TemporalStrike","Headbutt"],"picked":"SKIP","floor":2},{"not_picked":["Guardian:Gem_Fragmented","Massacre"],"picked":"Spot Weakness","floor":5},{"not_picked":["infinitespire:OneForAll","Carnage","Guardian:PrimingBeam"],"picked":"SKIP","floor":7},{"not_picked":["Warcry","Hemogenesis"],"picked":"Guardian:BronzeArmor","floor":10},{"not_picked":["Carnage","Replay:Undeath\u0027s Touch","Wild Strike"],"picked":"SKIP","floor":10},{"not_picked":["Havoc","Bloodletting"],"picked":"Heavy Blade","floor":11},{"not_picked":["Guardian:Suspension","Guardian:ChargeCore","Guardian:CrystalBeam"],"picked":"SKIP","floor":11},{"not_picked":["Guardian:WalkerClaw","Warcry"],"picked":"Shrug It Off","floor":12},{"not_picked":["Guardian:Reroute","Headbutt"],"picked":"Guardian:PiercingHide","floor":12},{"not_picked":["Combust","Havoc"],"picked":"Fire Breathing","floor":14},{"not_picked":["Twin Strike","Clothesline"],"picked":"Guardian:Gem_Red","floor":14},{"not_picked":["Guardian:SphericShield","Guardian:ExploitGems"],"picked":"Demonic Infusion","floor":16},{"not_picked":["Guardian:Recover+1","Guardian:Planning"],"picked":"Guardian:Gem_Blue","floor":18},{"not_picked":["Pummel","Warcry"],"picked":"Guardian:WalkerClaw","floor":18},{"not_picked":["Twin Strike","Perfected Strike"],"picked":"Guardian:DonusPower","floor":19},{"not_picked":["Seeing Red","Headbutt"],"picked":"ReplayTheSpireMod:Corrosion Curse+1","floor":19},{"not_picked":["infinitespire:Punishment","infinitespire:SevenWalls"],"picked":"infinitespire:FutureSight","floor":21},{"not_picked":["Shockwave+1","Armaments"],"picked":"Guardian:Gem_Green","floor":22},{"not_picked":["Sword Boomerang","Guardian:RollAttack"],"picked":"Guardian:Gem_Red","floor":22},{"not_picked":["Warcry","Replay:Many Hands"],"picked":"Armaments+1","floor":23},{"not_picked":["Armaments","Anger"],"picked":"Guardian:VentSteam+1","floor":24},{"not_picked":["Headbutt","Heavy Blade"],"picked":"Guardian:Gem_Green","floor":24},{"not_picked":["Perfected Strike","Power Through+1","Searing Blow"],"picked":"SKIP","floor":31},{"not_picked":["ReplayTheSpireMod:Corrosion Curse","Sever Soul","Guardian:FuturePlans+1"],"picked":"SKIP","floor":31}],"player_experience":1615566,"relics_obtained":[{"floor":7,"key":"Replay:PocketPolymizer"},{"floor":8,"key":"Prayer Wheel"},{"floor":9,"key":"Letter Opener"},{"floor":23,"key":"Bronze Scales"},{"floor":26,"key":"Blue Doll"},{"floor":28,"key":"ReplayTheSpireMod:Lightbulb"}],"event_choices":[{"damage_healed":0,"gold_gain":75,"player_choice":"Gold","damage_taken":11,"max_hp_gain":0,"max_hp_loss":0,"event_name":"betterThird:BetterGoop","floor":3,"gold_loss":0},{"damage_healed":0,"gold_gain":0,"player_choice":"Rummage","damage_taken":0,"relics_obtained":["WarpedTongs"],"max_hp_gain":0,"max_hp_loss":0,"event_name":"Accursed Blacksmith","floor":4,"gold_loss":0,"cards_obtained":["Pain"]}],"is_beta":false,"boss_relics":[{"not_picked":["expansioncontent:StudyCardRelic","sneckomod:SneckoTalon"],"picked":"Fusion Hammer"}],"items_purged_floors":[],"is_endless":false,"potions_floor_spawned":[5,10,11,14,16,18,22,23,24],"killed_by":"Automaton","ascension_level":0}}