{"host":"51dweoxrcspgw6ri","time":1607808052,"event":{"mods":["BaseMod","Colored Map","Colored Powertips","Minty Spire (QoL Compilation)","Rare Cards Sparkle","Relic Stats","StSLib","SuperFastMode","The Bug Knight"],"gold_per_floor":[110,21,36,111,19,19,48,66,111,111,111,131,148,181,181,280,280,293,20,20,31,42,69,69,96,96,11,22,22,38,57,57,158,158,174,188,238,138,138,138,152,167,167,200,50,50,50,63,63,63,63],"floor_reached":50,"playtime":4256,"items_purged":["HollowMod:NailStrikeStart","HollowMod:InfectedCysts"],"score":572,"play_id":"d318baba-b9ad-4d65-ae87-c92c3002c3d6","local_time":"20201212222052","is_ascension_mode":false,"campfire_choices":[{"data":"HollowMod:SoulEater","floor":6.0,"key":"SMITH"},{"data":"HollowMod:CycloneSlash","floor":10.0,"key":"SMITH"},{"data":"HollowMod:MantisMark","floor":15.0,"key":"SMITH"},{"floor":24.0,"key":"REST"},{"floor":29.0,"key":"REST"},{"data":"HollowMod:MantisMark","floor":32.0,"key":"SMITH"},{"data":"HollowMod:Hiveblood","floor":40.0,"key":"SMITH"},{"floor":47.0,"key":"RECALL"},{"floor":49.0,"key":"REST"}],"circlet_count":0,"master_deck":["HollowMod:NailStrikeStart","HollowMod:QuickDashStart","HollowMod:QuickDashStart","HollowMod:QuickDashStart","HollowMod:QuickDashStart","HollowMod:FocusHealStart","HollowMod:PogoStrike","HollowMod:SoulEater+1","HollowMod:CycloneSlash+1","HollowMod:MantisMark+1","HollowMod:MantisMark+1","HollowMod:HeavyBlow","HollowMod:MawleksShell","HollowMod:PerfectDash","HollowMod:GreatSlash","HollowMod:ElderbugsWisdom","HollowMod:DashSlash+1","HollowMod:DoubleDash+1","HollowMod:RecoilStrike+1","HollowMod:HeavyBlow+1","HollowMod:CycloneSlash","HollowMod:SharpenedNail+1","HollowMod:SoulShaman+1","HollowMod:HowlingWraiths+1","Dark Shackles","HollowMod:Hiveblood+1","Pain","HollowMod:HuntersJournal+1","HollowMod:Hiveblood"],"relics":["HollowMod:VesselMask","NeowsBlessing","Orichalcum","Nunchaku","StoneCalendar","Singing Bowl","Astrolabe","Vajra","Pantograph","Gambling Chip","Meat on the Bone","Mercury Hourglass","Sozu","Ice Cream","WarpedTongs","Frozen Egg 2","HollowMod:StagPassRelic"],"acts_visited":["Exordium","TheCity","TheBeyond"],"potions_floor_usage":[],"damage_taken":[{"damage":0.0,"enemies":"2 Louse","floor":1.0,"turns":1.0},{"damage":0.0,"enemies":"Small Slimes","floor":3.0,"turns":1.0},{"damage":0.0,"enemies":"3 Sentries","floor":7.0,"turns":2.0},{"damage":2.0,"enemies":"Cultist","floor":8.0,"turns":4.0},{"damage":4.0,"enemies":"Looter","floor":12.0,"turns":3.0},{"damage":14.0,"enemies":"Large Slime","floor":13.0,"turns":5.0},{"damage":26.0,"enemies":"Lagavulin","floor":14.0,"turns":7.0},{"damage":33.0,"enemies":"HollowMod:FalseKnight","floor":16.0,"turns":11.0},{"damage":14.0,"enemies":"Shell Parasite","floor":18.0,"turns":7.0},{"damage":7.0,"enemies":"HollowMod:HuskSentry","floor":21.0,"turns":5.0},{"damage":16.0,"enemies":"Snecko","floor":22.0,"turns":7.0},{"damage":33.0,"enemies":"Slavers","floor":23.0,"turns":6.0},{"damage":20.0,"enemies":"Gremlin Leader","floor":25.0,"turns":6.0},{"damage":11.0,"enemies":"Snake Plant","floor":28.0,"turns":3.0},{"damage":0.0,"enemies":"Centurion and Healer","floor":30.0,"turns":4.0},{"damage":0.0,"enemies":"Shelled Parasite and Fungi","floor":31.0,"turns":3.0},{"damage":68.0,"enemies":"Champ","floor":33.0,"turns":11.0},{"damage":0.0,"enemies":"3 Darklings","floor":35.0,"turns":2.0},{"damage":0.0,"enemies":"3 Shapes","floor":36.0,"turns":2.0},{"damage":10.0,"enemies":"Mind Bloom Boss Battle","floor":37.0,"turns":7.0},{"damage":27.0,"enemies":"Spire Growth","floor":41.0,"turns":5.0},{"damage":29.0,"enemies":"Maw","floor":42.0,"turns":7.0},{"damage":39.0,"enemies":"Nemesis","floor":44.0,"turns":7.0},{"damage":54.0,"enemies":"Transient","floor":48.0,"turns":5.0},{"damage":137,"enemies":"Donu and Deca","floor":50,"turns":8}],"seed_played":"2273909565753692577","potions_obtained":[{"floor":1.0,"key":"Block Potion"},{"floor":7.0,"key":"ColorlessPotion"},{"floor":14.0,"key":"LiquidMemories"},{"floor":22.0,"key":"CultistPotion"},{"floor":25.0,"key":"Energy Potion"},{"floor":31.0,"key":"Fire Potion"}],"is_trial":false,"path_per_floor":["M","$","M","?","$","R","E","M","T","R","?","M","M","E","R","B",null,"M","$","?","M","M","E","R","E","T","$","M","R","M","M","R","B",null,"M","M","?","$","?","R","M","M","T","E","?","?","R","M","R","B"],"character_chosen":"THE_BUGKNIGHT","items_purchased":["HollowMod:CycloneSlash","HollowMod:MantisMark","HollowMod:InfectedCysts","HollowMod:ShapeofUnn","Vajra","HollowMod:CycloneSlash","Dark Shackles"],"campfire_rested":3,"item_purchase_floors":[2,2,5,5,19,19,27],"current_hp_per_floor":[75,75,75,64,64,64,64,72,72,72,72,68,60,44,44,23,75,67,67,67,62,56,29,52,32,32,32,35,58,60,62,62,33,83,85,87,88,88,88,88,85,86,86,76,76,76,76,58,85,0,0],"gold":63,"neow_bonus":"THREE_ENEMY_KILL","is_daily":false,"chose_seed":false,"campfire_upgraded":5,"win_rate":0.0,"timestamp":1607808052,"path_taken":["M","$","M","?","$","R","E","M","T","R","?","?","M","E","R","BOSS","M","$","?","M","M","E","R","E","T","$","M","R","M","M","R","BOSS","M","M","?","$","?","R","?","M","T","E","?","?","R","M","R","BOSS"],"items_purchased_type":["Card","Card","Card","Card","Relic","Card","Card"],"build_version":"2020-11-30","purchased_purges":2,"victory":false,"max_hp_per_floor":[75,75,75,75,75,75,75,75,75,75,75,75,75,75,75,75,75,75,75,75,77,77,77,77,77,77,77,79,79,81,83,83,83,83,85,87,89,89,89,89,89,91,91,91,91,91,91,93,93,93,93],"relic_stats":{"Singing Bowl":18,"counters":[25,129],"Astrolabe":["HollowMod:DashSlash","HollowMod:DoubleDash","HollowMod:RecoilStrike"],"StoneCalendar":[275],"Orichalcum":[210],"Mercury Hourglass":[196],"WarpedTongs":[29],"Sozu":5,"Nunchaku":[24],"Pantograph":29,"Gambling Chip":[44],"obtain_stats":[{"Ice Cream":37,"NeowsBlessing":0,"Singing Bowl":14,"Astrolabe":17,"Vajra":19,"HollowMod:VesselMask":0,"StoneCalendar":11,"Orichalcum":7,"Frozen Egg 2":44,"HollowMod:StagPassRelic":45,"Mercury Hourglass":26,"WarpedTongs":39,"Sozu":34,"Nunchaku":9,"Pantograph":20,"Gambling Chip":23,"Meat on the Bone":25},{"Ice Cream":20,"NeowsBlessing":0,"Singing Bowl":7,"Astrolabe":8,"Vajra":9,"HollowMod:VesselMask":0,"StoneCalendar":4,"Orichalcum":3,"Frozen Egg 2":23,"HollowMod:StagPassRelic":23,"Mercury Hourglass":13,"WarpedTongs":20,"Sozu":17,"Nunchaku":4,"Pantograph":9,"Gambling Chip":12,"Meat on the Bone":13},{"Ice Cream":97,"NeowsBlessing":0,"Singing Bowl":23,"Astrolabe":34,"Vajra":41,"HollowMod:VesselMask":0,"StoneCalendar":8,"Orichalcum":4,"Frozen Egg 2":116,"HollowMod:StagPassRelic":116,"Mercury Hourglass":65,"WarpedTongs":97,"Sozu":86,"Nunchaku":8,"Pantograph":41,"Gambling Chip":59,"Meat on the Bone":65}],"Meat on the Bone":24},"card_choices":[{"not_picked":["HollowMod:PureNailStrike","HollowMod:CornifersMapStart"],"picked":"HollowMod:SoulEater","floor":1.0},{"not_picked":["HollowMod:ChannelNail","HollowMod:DashSlash"],"picked":"HollowMod:MantisMark","floor":3.0},{"not_picked":["HollowMod:DashSlash","HollowMod:HuntersJournal"],"picked":"HollowMod:HeavyBlow","floor":7.0},{"not_picked":["HollowMod:BlackTendrils","HollowMod:VengefulVoid"],"picked":"HollowMod:NewJinnsSoul","floor":8.0},{"not_picked":["HollowMod:ShadowDash","HollowMod:FastStrike"],"picked":"HollowMod:MawleksShell","floor":12.0},{"not_picked":["HollowMod:DreamGate","HollowMod:SoulSplash"],"picked":"HollowMod:PerfectDash","floor":13.0},{"not_picked":["HollowMod:VengefulVoid","HollowMod:HowlingWraiths"],"picked":"HollowMod:GreatSlash","floor":14.0},{"not_picked":["HollowMod:Weaversong","HollowMod:SoulMaster"],"picked":"HollowMod:ElderbugsWisdom","floor":16.0},{"not_picked":["HollowMod:NewJinnsSoul","HollowMod:SiblingsShadow"],"picked":"HollowMod:HeavyBlow+1","floor":18.0},{"not_picked":["HollowMod:FastStrike","HollowMod:PureNailStrike","HollowMod:ShadowDash"],"picked":"Singing Bowl","floor":21.0},{"not_picked":["HollowMod:Grubsong+1","HollowMod:NewGlowingWomb"],"picked":"HollowMod:SharpenedNail+1","floor":22.0},{"not_picked":["HollowMod:BlackTendrils","HollowMod:SiblingsSouls"],"picked":"HollowMod:SoulShaman+1","floor":23.0},{"not_picked":["HollowMod:HeavyBlow","HollowMod:MawleksShell"],"picked":"HollowMod:HowlingWraiths+1","floor":25.0},{"not_picked":["HollowMod:CycloneSlash","HollowMod:NewJinnsSoul","HollowMod:InfectedAttack+1"],"picked":"Singing Bowl","floor":28.0},{"not_picked":["HollowMod:QuirrelsAssistance+1","HollowMod:ChannelNail","HollowMod:MonarchWings"],"picked":"Singing Bowl","floor":30.0},{"not_picked":["HollowMod:Grubsong","HollowMod:TaintedHusks","HollowMod:HeavyBlow"],"picked":"Singing Bowl","floor":31.0},{"not_picked":["HollowMod:theNailsmith","HollowMod:AwokenDreamNail"],"picked":"HollowMod:Hiveblood","floor":33.0},{"not_picked":["HollowMod:BaldurShell","HollowMod:NewJinnsSoul+1","HollowMod:ShadowDash"],"picked":"Singing Bowl","floor":35.0},{"not_picked":["HollowMod:DescendingDark","HollowMod:NewGlowingWomb+1","HollowMod:VoidDash"],"picked":"Singing Bowl","floor":36.0},{"not_picked":["HollowMod:DashSlash+1","HollowMod:CycloneSlash","HollowMod:FallenFury+1"],"picked":"Singing Bowl","floor":37.0},{"not_picked":["HollowMod:NewGlowingWomb","HollowMod:InfectionAssault"],"picked":"HollowMod:HuntersJournal+1","floor":41.0},{"not_picked":["HollowMod:HeavyBlow","HollowMod:QuirrelsAssistance","HollowMod:GoodIntentions"],"picked":"Singing Bowl","floor":42.0},{"not_picked":["HollowMod:NewJinnsSoul","HollowMod:QuirrelsAssistance"],"picked":"HollowMod:Hiveblood","floor":44.0},{"not_picked":["HollowMod:DescendingDark","HollowMod:DesolateDive","HollowMod:DashSlash+1"],"picked":"Singing Bowl","floor":48.0}],"player_experience":508760,"relics_obtained":[{"floor":7.0,"key":"Orichalcum"},{"floor":9.0,"key":"Nunchaku"},{"floor":14.0,"key":"Singing Bowl"},{"floor":23.0,"key":"Gambling Chip"},{"floor":25.0,"key":"Meat on the Bone"},{"floor":26.0,"key":"Mercury Hourglass"},{"floor":37.0,"key":"Ice Cream"},{"floor":44.0,"key":"Frozen Egg 2"}],"event_choices":[{"damage_healed":0.0,"max_hp_gain":0.0,"max_hp_loss":0.0,"gold_gain":75.0,"event_name":"World of Goop","player_choice":"Gather Gold","floor":4.0,"gold_loss":0.0,"damage_taken":11.0},{"damage_healed":0.0,"max_hp_gain":0.0,"max_hp_loss":0.0,"gold_gain":0.0,"event_name":"WeMeetAgain","player_choice":"Gave Potion","floor":11.0,"gold_loss":0.0,"damage_taken":0.0,"relics_obtained":["StoneCalendar"]},{"damage_healed":0.0,"max_hp_gain":0.0,"max_hp_loss":0.0,"gold_gain":0.0,"event_name":"The Mausoleum","player_choice":"Opened","floor":20.0,"gold_loss":0.0,"damage_taken":0.0,"relics_obtained":["Pantograph"]},{"damage_healed":0.0,"max_hp_gain":0.0,"max_hp_loss":0.0,"gold_gain":0.0,"event_name":"MindBloom","player_choice":"Fight","floor":37.0,"gold_loss":0.0,"damage_taken":0.0},{"damage_healed":0.0,"max_hp_gain":0.0,"max_hp_loss":0.0,"gold_gain":0.0,"event_name":"Accursed Blacksmith","player_choice":"Rummage","floor":39.0,"gold_loss":0.0,"damage_taken":0.0,"relics_obtained":["WarpedTongs"],"cards_obtained":["Pain"]},{"cards_removed":["HollowMod:ShapeofUnn"],"damage_healed":0.0,"max_hp_gain":0.0,"max_hp_loss":0.0,"gold_gain":0.0,"event_name":"Falling","player_choice":"Removed Power","floor":46.0,"gold_loss":0.0,"damage_taken":0.0}],"is_beta":false,"boss_relics":[{"not_picked":["Snecko Eye","Velvet Choker"],"picked":"Astrolabe"},{"not_picked":["Busted Crown","SlaversCollar"],"picked":"Sozu"}],"items_purged_floors":[19,38],"is_endless":false,"potions_floor_spawned":[1,7,14,22,25,31,36,37,42,44,48],"killed_by":"Donu and Deca","ascension_level":0}}