{"host":"xd92u7alcwi518yp","time":1607747475,"event":{"mods":["Aspiration","BaseMod","BetterRewards","Colored Map","Colored Powertips","Hubris","Minty Spire (QoL Compilation)","Quick Restart","StSLib"],"gold_per_floor":[111,125,143,143,143,177,177,193,216,216,232,232,260,278,278,375,425,441,81,81,81,95,95,95],"floor_reached":23,"playtime":1620,"items_purged":[],"score":201,"play_id":"9a817666-7ffd-41dc-be10-fef827d9837f","local_time":"20201211203115","is_ascension_mode":false,"campfire_choices":[{"floor":7,"key":"RECALL"},{"floor":12,"key":"REST"},{"data":"aspiration:Polymerization","floor":15,"key":"SMITH"}],"circlet_count":0,"master_deck":["Strike_B","Strike_B","Strike_B","Strike_B","Defend_B","Defend_B","Defend_B+1","Defend_B","Zap","Dualcast","hubris:Ukulele+1","Rebound","hubris:Ukulele","Barrage","Self Repair","hubris:NaturalOne","Auto Shields","Conserve Battery+1","aspiration:Polymerization+1","Cold Snap","Chill","Multi-Cast","Ball Lightning","Redo","Storm","Blizzard","Cold Snap+1","Shame","hubris:Ukulele"],"relics":["Cracked Core","hubris:Icosahedron","hubris:SoftwareUpdate","Regal Pillow","hubris:TinFlute","Tiny House","Matryoshka","PrismaticShard","Ornamental Fan"],"acts_visited":["Exordium","TheCity"],"potions_floor_usage":[6,11,22],"damage_taken":[{"damage":0,"enemies":"Small Slimes","floor":1,"turns":3},{"damage":7,"enemies":"2 Louse","floor":2,"turns":2},{"damage":6,"enemies":"Jaw Worm","floor":3,"turns":3},{"damage":14,"enemies":"Gremlin Nob","floor":6,"turns":3},{"damage":13,"enemies":"Lots of Slimes","floor":8,"turns":3},{"damage":10,"enemies":"Exordium Thugs","floor":11,"turns":4},{"damage":8,"enemies":"Lagavulin","floor":13,"turns":6},{"damage":8,"enemies":"Large Slime","floor":14,"turns":5},{"damage":20,"enemies":"Slime Boss","floor":16,"turns":16},{"damage":10,"enemies":"Chosen","floor":18,"turns":3},{"damage":14,"enemies":"3 Byrds","floor":22,"turns":6},{"damage":66,"enemies":"Gremlin Leader","floor":23,"turns":7}],"seed_played":"5666581463634635619","potions_obtained":[{"floor":2,"key":"Regen Potion"},{"floor":8,"key":"Explosive Potion"},{"floor":14,"key":"DuplicationPotion"},{"floor":17,"key":"SkillPotion"}],"is_trial":false,"path_per_floor":["M","M","M","?","?","E","R","M","T","?","M","R","E","M","R","B",null,"M","$","?","?","M","E"],"character_chosen":"DEFECT","items_purchased":["Matryoshka","Storm","Blizzard"],"campfire_rested":1,"item_purchase_floors":[19,19,19],"current_hp_per_floor":[75,68,62,62,62,64,64,51,51,36,26,63,62,61,61,48,80,70,70,62,62,62,0,0],"gold":95,"neow_bonus":"THREE_CARDS","is_daily":false,"chose_seed":false,"campfire_upgraded":1,"win_rate":0.0,"timestamp":1607747475,"path_taken":["M","M","M","?","?","E","R","M","T","?","M","R","E","M","R","BOSS","M","$","?","?","M","E"],"items_purchased_type":["Relic","Card","Card"],"build_version":"2020-11-30","purchased_purges":0,"victory":false,"max_hp_per_floor":[75,75,75,75,75,75,75,75,75,75,75,75,75,75,75,75,80,80,80,80,80,80,80,80],"card_choices":[{"not_picked":["Beam Cell","Recycle"],"picked":"hubris:Ukulele","floor":0},{"not_picked":["Sweeping Beam","Aggregate"],"picked":"Rebound","floor":1},{"not_picked":["Coolheaded","Gash"],"picked":"hubris:Ukulele","floor":2},{"not_picked":["Streamline","hubris:PowerSurge"],"picked":"Barrage","floor":3},{"not_picked":["Turbo","Rebound"],"picked":"Auto Shields","floor":6},{"not_picked":["Redo","Leap"],"picked":"Conserve Battery","floor":8},{"not_picked":["Barrage","Turbo"],"picked":"aspiration:Polymerization","floor":11},{"not_picked":["Steam","Streamline"],"picked":"Cold Snap","floor":13},{"not_picked":["Blizzard","Reinforced Body"],"picked":"Chill","floor":14},{"not_picked":["Reboot","Hyperbeam"],"picked":"Multi-Cast","floor":16},{"not_picked":["Sweeping Beam","Gash"],"picked":"Ball Lightning","floor":17},{"not_picked":["Gash","Sweeping Beam"],"picked":"Redo","floor":18},{"not_picked":["Coolheaded","Lockon"],"picked":"Cold Snap+1","floor":20},{"not_picked":["Leap","Skim+1"],"picked":"hubris:Ukulele","floor":22}],"player_experience":299980,"relics_obtained":[{"floor":6,"key":"hubris:SoftwareUpdate"},{"floor":9,"key":"Regal Pillow"},{"floor":13,"key":"hubris:TinFlute"},{"floor":20,"key":"PrismaticShard"}],"event_choices":[{"damage_healed":0,"gold_gain":0,"player_choice":"Entered Light","damage_taken":15,"max_hp_gain":0,"max_hp_loss":0,"event_name":"Shining Light","floor":10,"gold_loss":0,"cards_upgraded":["hubris:Ukulele","Conserve Battery"]},{"damage_healed":0,"gold_gain":0,"player_choice":"Stole Relic","damage_taken":0,"relics_obtained":["Ornamental Fan"],"max_hp_gain":0,"max_hp_loss":0,"event_name":"Addict","floor":21,"gold_loss":0,"cards_obtained":["Shame"]}],"is_beta":false,"boss_relics":[{"not_picked":["hubris:RunicObelisk","FrozenCore"],"picked":"Tiny House"}],"items_purged_floors":[],"is_endless":false,"potions_floor_spawned":[2,8,14],"killed_by":"Gremlin Leader","ascension_level":0}}