{"host":"f6tqpspb2ou2a4h5","time":1607774572,"event":{"mods":["2.2 Compatiblity","Ascension Unlocker","BaseMod","Colored Map","DeckTracker","Hermit","Highlight Path","KOR Keyword Fix","Keyboard Shortcuts","Minty Spire (QoL Compilation)","Permanent Neow","Quick Restart","Random Character Button","StSLib","SuperFastMode","The Poker Player","everything is the same but u backflip on backflip"],"gold_per_floor":[113,113,38,51,21,21,39,39,64,64,76,91,123,140,140,140,140],"floor_reached":16,"playtime":515,"items_purged":[],"score":199,"play_id":"531c1ff1-456d-4963-bdfe-93836eb9a1b2","local_time":"20201212210252","is_ascension_mode":true,"campfire_choices":[{"data":"Phantasmal Killer","floor":6,"key":"SMITH"},{"data":"Prepared","floor":8,"key":"SMITH"},{"data":"Dagger Spray","floor":10,"key":"SMITH"},{"floor":15,"key":"REST"}],"circlet_count":0,"master_deck":["AscendersBane","Strike_G","Strike_G","Strike_G","Defend_G","Defend_G","Defend_G","Survivor","Neutralize","Phantasmal Killer+1","Prepared+1","Dagger Spray+1","Dagger Throw","Flechettes","Backflip"],"relics":["Ring of the Snake","Toy Ornithopter","Nunchaku"],"acts_visited":["Exordium"],"potions_floor_usage":[13,13],"damage_taken":[{"damage":4,"enemies":"2 Louse","floor":1,"turns":4},{"damage":0,"enemies":"Cultist","floor":4,"turns":4},{"damage":0,"enemies":"Jaw Worm","floor":7,"turns":3},{"damage":1,"enemies":"Exordium Wildlife","floor":11,"turns":3},{"damage":0,"enemies":"Large Slime","floor":12,"turns":3},{"damage":7,"enemies":"Gremlin Nob","floor":13,"turns":3},{"damage":9,"enemies":"Blue Slaver","floor":14,"turns":3},{"damage":58,"enemies":"Hexaghost","floor":16,"turns":9}],"seed_played":"-3773769979689134566","potions_obtained":[{"floor":1,"key":"Regen Potion"},{"floor":5,"key":"GhostInAJar"},{"floor":13,"key":"SmokeBomb"}],"is_trial":false,"path_per_floor":["M","?","?","M","?","R","M","R","T","R","M","M","E","M","R","B"],"character_chosen":"THE_SILENT","items_purchased":[],"campfire_rested":1,"item_purchase_floors":[],"current_hp_per_floor":[40,33,33,33,33,33,33,33,33,33,32,32,44,35,54,0,0],"gold":140,"neow_bonus":"TRANSFORM_TWO_CARDS","is_daily":false,"chose_seed":false,"campfire_upgraded":3,"win_rate":0.0,"timestamp":1607774572,"path_taken":["M","?","?","M","?","R","M","R","T","R","?","M","E","M","R","BOSS"],"items_purchased_type":[],"build_version":"2020-11-30","purchased_purges":0,"victory":false,"max_hp_per_floor":[66,66,66,66,66,66,66,66,66,66,66,66,66,66,66,66,66],"card_choices":[{"not_picked":["Endless Agony","Finisher"],"picked":"Dagger Spray","floor":1},{"not_picked":["Endless Agony","Underhanded Strike"],"picked":"Dagger Throw","floor":4},{"not_picked":["Dodge and Roll","PiercingWail","Flying Knee"],"picked":"SKIP","floor":7},{"not_picked":["Calculated Gamble","Dagger Throw"],"picked":"Flechettes","floor":11},{"not_picked":["Dodge and Roll","Skewer"],"picked":"Backflip","floor":12},{"not_picked":["Dodge and Roll","Caltrops","Deflect"],"picked":"SKIP","floor":13},{"not_picked":["Slice","Bouncing Flask","Prepared"],"picked":"SKIP","floor":14}],"player_experience":4105,"relics_obtained":[{"floor":9,"key":"Toy Ornithopter"},{"floor":13,"key":"Nunchaku"}],"event_choices":[{"cards_removed":["Strike_G"],"damage_healed":0,"gold_gain":0,"player_choice":"Card Removal","damage_taken":7,"max_hp_gain":0,"max_hp_loss":0,"event_name":"Golden Wing","floor":2,"gold_loss":0},{"cards_removed":["Defend_G"],"damage_healed":0,"gold_gain":0,"player_choice":"Card Removal","damage_taken":0,"max_hp_gain":0,"max_hp_loss":0,"event_name":"The Cleric","floor":3,"gold_loss":75},{"damage_healed":0,"gold_gain":0,"player_choice":"Bought 2 Potions","damage_taken":0,"max_hp_gain":0,"max_hp_loss":0,"event_name":"The Woman in Blue","floor":5,"gold_loss":0}],"is_beta":false,"boss_relics":[],"items_purged_floors":[],"is_endless":false,"potions_floor_spawned":[1,7,13],"killed_by":"Hexaghost","ascension_level":19}}