{"host":"8aazbu429xvxw5ti","time":1607741661,"event":{"mods":["2.2 Compatiblity","BaseMod","Colored Map","DeckTracker","Highlight Path","Keyboard Shortcuts","Minty Spire (QoL Compilation)","Permanent Neow","Quick Restart","StSLib","SuperFastMode","everything is the same but u backflip on backflip"],"gold_per_floor":[18,37,55,73,88,122,122,153,153,183,193,193,193,208,208,208,208],"floor_reached":16,"playtime":1068,"items_purged":[],"score":171,"play_id":"2aed9e36-35e6-4932-b0f9-cefc1d7bbefd","local_time":"20201212115421","is_ascension_mode":true,"campfire_choices":[{"data":"Adrenaline","floor":7,"key":"SMITH"},{"floor":12,"key":"REST"},{"floor":15,"key":"REST"}],"circlet_count":0,"master_deck":["AscendersBane","Strike_G","Strike_G+1","Strike_G","Strike_G","Defend_G","Defend_G","Defend_G","Defend_G","Survivor","Neutralize","Poisoned Stab","Bane","Poisoned Stab","PiercingWail","Quick Slash","Adrenaline+1","Blade Dance","Calculated Gamble+1","Backstab","Choke"],"relics":["Ring of the Snake","Tough Bandages","Centennial Puzzle","Nunchaku","Odd Mushroom"],"acts_visited":["Exordium"],"potions_floor_usage":[6,8,16],"damage_taken":[{"damage":0,"enemies":"2 Louse","floor":1,"turns":5},{"damage":4,"enemies":"Jaw Worm","floor":2,"turns":3},{"damage":0,"enemies":"Small Slimes","floor":3,"turns":4},{"damage":0,"enemies":"2 Fungi Beasts","floor":4,"turns":4},{"damage":11,"enemies":"Large Slime","floor":5,"turns":7},{"damage":28,"enemies":"3 Sentries","floor":6,"turns":8},{"damage":9,"enemies":"Lagavulin","floor":8,"turns":6},{"damage":7,"enemies":"The Mushroom Lair","floor":10,"turns":3},{"damage":3,"enemies":"Exordium Wildlife","floor":11,"turns":3},{"damage":0,"enemies":"Red Slaver","floor":14,"turns":2},{"damage":13,"enemies":"Slime Boss","floor":16,"turns":8}],"seed_played":"6176862671869385494","potions_obtained":[{"floor":3,"key":"Energy Potion"},{"floor":5,"key":"SkillPotion"},{"floor":6,"key":"LiquidBronze"}],"is_trial":false,"path_per_floor":["M","M","M","M","M","E","R","E","T","?","M","R","?","M","R","B"],"character_chosen":"THE_SILENT","items_purchased":[],"campfire_rested":2,"item_purchase_floors":[],"current_hp_per_floor":[63,59,59,59,48,20,20,11,11,4,1,22,8,8,29,16,16],"gold":208,"neow_bonus":"REMOVE_TWO","is_daily":false,"chose_seed":false,"campfire_upgraded":1,"win_rate":0.0,"timestamp":1607741661,"path_taken":["M","M","M","M","M","E","R","E","T","?","M","R","?","M","R","BOSS"],"items_purchased_type":[],"build_version":"2020-11-30","purchased_purges":0,"victory":false,"max_hp_per_floor":[70,70,70,70,70,70,70,70,70,70,70,70,70,70,70,70,70],"card_choices":[{"not_picked":["Flying Knee","Prepared"],"picked":"Poisoned Stab","floor":1},{"not_picked":["Masterful Stab","Backflip"],"picked":"Bane","floor":2},{"not_picked":["Acrobatics","Finisher"],"picked":"Poisoned Stab","floor":3},{"not_picked":["Quick Slash","Night Terror"],"picked":"PiercingWail","floor":4},{"not_picked":["Underhanded Strike","Caltrops"],"picked":"Quick Slash","floor":5},{"not_picked":["Doppelganger","Poisoned Stab"],"picked":"Adrenaline","floor":6},{"not_picked":["Bane","Dagger Spray"],"picked":"Blade Dance","floor":8},{"not_picked":["Underhanded Strike","Prepared"],"picked":"Calculated Gamble","floor":10},{"not_picked":["Dagger Throw","Crippling Poison"],"picked":"Backstab","floor":11},{"not_picked":["Dodge and Roll","Grand Finale"],"picked":"Choke","floor":14}],"player_experience":396875,"relics_obtained":[{"floor":6,"key":"Tough Bandages"},{"floor":8,"key":"Centennial Puzzle"},{"floor":9,"key":"Nunchaku"},{"floor":10,"key":"Odd Mushroom"}],"event_choices":[{"damage_healed":0,"gold_gain":0,"player_choice":"Fought Mushrooms","damage_taken":0,"max_hp_gain":0,"max_hp_loss":0,"event_name":"Mushrooms","floor":10,"gold_loss":0},{"damage_healed":0,"gold_gain":0,"player_choice":"Entered Light","damage_taken":14,"max_hp_gain":0,"max_hp_loss":0,"event_name":"Shining Light","floor":13,"gold_loss":0,"cards_upgraded":["Calculated Gamble","Strike_G"]}],"is_beta":false,"boss_relics":[],"items_purged_floors":[],"is_endless":false,"potions_floor_spawned":[3,5,6],"killed_by":"Slime Boss","ascension_level":10}}