{"host":"f1miojwxaupu79sp","time":1607812268,"event":{"mods":["BaseMod","Better Vampires","Minty Spire (QoL Compilation)","Shop Mod","StSLib"],"gold_per_floor":[114,114,189,200,210,210,57,67,67,67,95,95,126,146,146,248,248,263,263,274,19,19,19,38,38,65,99,99,99,130,143,143,243,243,253,266,266,281,297,297,323,323,323,323,335,335,385,385,385,385],"floor_reached":51,"playtime":79468,"items_purged":["Strike_G","Eviscerate"],"score":759,"play_id":"4a33bbd0-c86a-4fd5-90d9-ed82256c9ed3","local_time":"20201212173108","is_ascension_mode":true,"campfire_choices":[{"data":"Riddle With Holes","floor":6.0,"key":"SMITH"},{"data":"Footwork","floor":10.0,"key":"SMITH"},{"floor":15.0,"key":"REST"},{"data":"Corpse Explosion","floor":23.0,"key":"SMITH"},{"data":"Choke","floor":29.0,"key":"SMITH"},{"data":"Prepared","floor":32.0,"key":"SMITH"},{"data":"A Thousand Cuts","floor":40.0,"key":"SMITH"},{"data":"Well Laid Plans","floor":42.0,"key":"SMITH"},{"data":"Reflex","floor":46.0,"key":"SMITH"},{"floor":49,"key":"REST"}],"circlet_count":0,"master_deck":["Survivor","Neutralize","Riddle With Holes+1","Prepared+1","Backstab","Deadly Poison","Footwork+1","Dodge and Roll","Deflect","PiercingWail","Escape Plan","Corpse Explosion+1","Choke+1","Expertise","Reflex+1","Slice","Deflect","Escape Plan","Deflect","Dagger Throw+1","Dodge and Roll","A Thousand Cuts+1","Slice","Distraction","Crippling Poison+1","Catalyst+1"],"relics":["Ring of the Snake","Omamori","Kunai","Matryoshka","Bronze Scales","Pandora\u0027s Box","Toy Ornithopter","Anchor","Bag of Preparation","Blue Candle","Smiling Mask","WristBlade","Mummified Hand","Bird Faced Urn","Nunchaku","Shuriken","Lizard Tail"],"acts_visited":["Exordium","TheCity","TheBeyond"],"potions_floor_usage":[50,50],"damage_taken":[{"damage":3.0,"enemies":"Small Slimes","floor":1.0,"turns":2.0},{"damage":1.0,"enemies":"Jaw Worm","floor":4.0,"turns":5.0},{"damage":5.0,"enemies":"2 Louse","floor":5.0,"turns":2.0},{"damage":3.0,"enemies":"Large Slime","floor":8.0,"turns":7.0},{"damage":2.0,"enemies":"3 Sentries","floor":11.0,"turns":11.0},{"damage":18.0,"enemies":"Lagavulin","floor":13.0,"turns":10.0},{"damage":7.0,"enemies":"Gremlin Gang","floor":14.0,"turns":4.0},{"damage":20.0,"enemies":"Slime Boss","floor":16.0,"turns":16.0},{"damage":0.0,"enemies":"3 Byrds","floor":18.0,"turns":3.0},{"damage":9.0,"enemies":"Shell Parasite","floor":20.0,"turns":5.0},{"damage":14.0,"enemies":"Sentry and Sphere","floor":24.0,"turns":4.0},{"damage":0.0,"enemies":"Slavers","floor":27.0,"turns":3.0},{"damage":5.0,"enemies":"Gremlin Leader","floor":30.0,"turns":7.0},{"damage":4.0,"enemies":"Chosen and Byrds","floor":31.0,"turns":5.0},{"damage":26.0,"enemies":"Champ","floor":33.0,"turns":14.0},{"damage":0.0,"enemies":"3 Darklings","floor":35.0,"turns":4.0},{"damage":0.0,"enemies":"Orb Walker","floor":36.0,"turns":4.0},{"damage":0.0,"enemies":"4 Shapes","floor":38.0,"turns":5.0},{"damage":15.0,"enemies":"Writhing Mass","floor":39.0,"turns":5.0},{"damage":30.0,"enemies":"Reptomancer","floor":41.0,"turns":5.0},{"damage":0.0,"enemies":"Jaw Worm Horde","floor":45.0,"turns":2.0},{"damage":5,"enemies":"Mind Bloom Boss Battle","floor":47,"turns":5},{"damage":16,"enemies":"Donu and Deca","floor":50,"turns":6}],"seed_played":"-5838010688730337535","potions_obtained":[{"floor":11.0,"key":"Explosive Potion"},{"floor":13.0,"key":"Block Potion"},{"floor":14.0,"key":"FairyPotion"},{"floor":16.0,"key":"Swift Potion"},{"floor":27.0,"key":"BlessingOfTheForge"},{"floor":31.0,"key":"SkillPotion"},{"floor":35.0,"key":"Dexterity Potion"},{"floor":41.0,"key":"Swift Potion"}],"is_trial":false,"path_per_floor":["M","?","?","M","M","R","$","M","T","R","E","?","E","M","R","B",null,"M","?","M","$","?","R","M","?","T","E","?","R","E","M","R","B",null,"M","M","T","M","M","R","E","R","T","?","M","R","?","?","R","B",null],"character_chosen":"THE_SILENT","items_purchased":["Footwork","Deflect","EntropicBrew"],"campfire_rested":2,"item_purchase_floors":[7,21,21],"current_hp_per_floor":[67,60,49,48,43,43,43,40,40,40,38,38,20,13,34,14,70,70,70,61,61,61,61,47,47,47,57,57,57,57,53,53,32,70,70,70,70,70,55,55,31,31,31,31,35,35,36,36,57,55],"gold":385,"neow_bonus":"TRANSFORM_CARD","is_daily":false,"chose_seed":false,"campfire_upgraded":8,"win_rate":0.0,"timestamp":1607812268,"path_taken":["M","?","?","M","M","R","$","M","T","R","E","?","E","M","R","BOSS","M","?","M","$","?","R","?","?","T","E","?","R","E","M","R","BOSS","M","?","?","M","M","R","E","R","T","?","M","R","?","?","R","BOSS"],"items_purchased_type":["Card","Card","Potion"],"build_version":"2020-11-30","purchased_purges":2,"victory":true,"max_hp_per_floor":[70,70,70,70,70,70,70,70,70,70,70,70,70,70,70,70,70,70,70,70,70,70,70,70,70,70,70,70,70,70,70,70,70,70,70,70,70,70,70,70,70,70,70,70,70,70,70,70,70,70],"card_choices":[{"not_picked":["Deadly Poison","Eviscerate"],"picked":"Prepared","floor":1.0},{"not_picked":["Predator","Underhanded Strike"],"picked":"Backstab","floor":4.0},{"not_picked":["Concentrate","Dodge and Roll"],"picked":"Deadly Poison","floor":5.0},{"not_picked":["Acrobatics","Bullet Time"],"picked":"Dodge and Roll","floor":8.0},{"not_picked":["Expertise","Storm of Steel"],"picked":"Deflect","floor":11.0},{"not_picked":["Slice","Choke"],"picked":"PiercingWail","floor":13.0},{"not_picked":["Sucker Punch","Slice"],"picked":"Escape Plan","floor":14.0},{"not_picked":["After Image","Glass Knife"],"picked":"Corpse Explosion","floor":16.0},{"not_picked":["Bane","Backstab","Outmaneuver"],"picked":"SKIP","floor":18.0},{"not_picked":["Outmaneuver","Dodge and Roll"],"picked":"Escape Plan","floor":20.0},{"not_picked":["Deflect","Underhanded Strike"],"picked":"Dagger Throw+1","floor":24.0},{"not_picked":["Storm of Steel","Quick Slash"],"picked":"Dodge and Roll","floor":27.0},{"not_picked":["All Out Attack+1","Dagger Spray","Sucker Punch"],"picked":"SKIP","floor":30.0},{"not_picked":["Bane","Outmaneuver","Blade Dance+1"],"picked":"SKIP","floor":31.0},{"not_picked":["Glass Knife","Unload"],"picked":"A Thousand Cuts","floor":33.0},{"not_picked":["Dagger Throw","Outmaneuver+1"],"picked":"Slice","floor":35.0},{"not_picked":["Expertise","Flying Knee"],"picked":"Distraction","floor":36.0},{"not_picked":["Blade Dance","Finisher+1","Underhanded Strike+1"],"picked":"SKIP","floor":38.0},{"not_picked":["Well Laid Plans","Poisoned Stab+1"],"picked":"Crippling Poison+1","floor":39.0},{"not_picked":["Flying Knee","Endless Agony+1"],"picked":"Catalyst+1","floor":41.0},{"not_picked":["All Out Attack+1","Riddle With Holes+1","Setup+1"],"picked":"SKIP","floor":45.0}],"player_experience":385334,"relics_obtained":[{"floor":9.0,"key":"Omamori"},{"floor":11.0,"key":"Kunai"},{"floor":13.0,"key":"Bronze Scales"},{"floor":26.0,"key":"Anchor"},{"floor":26.0,"key":"Bag of Preparation"},{"floor":27.0,"key":"Blue Candle"},{"floor":30.0,"key":"Smiling Mask"},{"floor":37.0,"key":"Mummified Hand"},{"floor":37.0,"key":"Bird Faced Urn"},{"floor":41.0,"key":"Nunchaku"},{"floor":43.0,"key":"Shuriken"},{"floor":47,"key":"Lizard Tail"}],"event_choices":[{"cards_removed":["Strike_G"],"damage_healed":0.0,"max_hp_gain":0.0,"max_hp_loss":0.0,"gold_gain":0.0,"event_name":"Golden Wing","player_choice":"Card Removal","floor":2.0,"gold_loss":0.0,"damage_taken":7.0},{"damage_healed":0.0,"max_hp_gain":0.0,"max_hp_loss":0.0,"gold_gain":75.0,"event_name":"World of Goop","player_choice":"Gather Gold","floor":3.0,"gold_loss":0.0,"damage_taken":11.0},{"damage_healed":0.0,"max_hp_gain":0.0,"max_hp_loss":0.0,"gold_gain":0.0,"event_name":"Dead Adventurer","player_choice":"Searched \u00271\u0027 times","floor":12.0,"gold_loss":0.0,"damage_taken":0.0,"relics_obtained":["Matryoshka"]},{"damage_healed":0.0,"max_hp_gain":0.0,"max_hp_loss":0.0,"gold_gain":0.0,"event_name":"The Library","player_choice":"Read","floor":19.0,"gold_loss":0.0,"damage_taken":0.0,"cards_obtained":["Deflect"]},{"damage_healed":0.0,"max_hp_gain":0.0,"max_hp_loss":0.0,"gold_gain":0.0,"event_name":"Wheel of Change","player_choice":"Cursed","floor":22.0,"gold_loss":0.0,"damage_taken":0.0,"cards_obtained":["Decay"]},{"damage_healed":0.0,"max_hp_gain":0.0,"max_hp_loss":0.0,"gold_gain":0.0,"event_name":"Addict","player_choice":"Stole Relic","floor":25.0,"gold_loss":0.0,"damage_taken":0.0,"relics_obtained":["Toy Ornithopter"],"cards_obtained":["Shame"]},{"cards_removed":["Flying Knee"],"damage_healed":0.0,"max_hp_gain":0.0,"max_hp_loss":0.0,"gold_gain":0.0,"event_name":"Purifier","player_choice":"Purged","floor":28.0,"gold_loss":0.0,"damage_taken":0.0},{"damage_healed":0.0,"max_hp_gain":0.0,"max_hp_loss":0.0,"gold_gain":0.0,"event_name":"Tomb of Lord Red Mask","player_choice":"Ignored","floor":44.0,"gold_loss":0.0,"damage_taken":0.0},{"damage_healed":0,"gold_gain":0,"player_choice":"Fight","damage_taken":0,"max_hp_gain":0,"max_hp_loss":0,"event_name":"MindBloom","floor":47,"gold_loss":0},{"cards_removed":["Well Laid Plans"],"damage_healed":0,"gold_gain":0,"player_choice":"Removed Power","damage_taken":0,"max_hp_gain":0,"max_hp_loss":0,"event_name":"Falling","floor":48,"gold_loss":0}],"is_beta":false,"boss_relics":[{"not_picked":["Runic Dome","Cursed Key"],"picked":"Pandora\u0027s Box"},{"not_picked":["Runic Pyramid","Philosopher\u0027s Stone"],"picked":"WristBlade"}],"items_purged_floors":[7,21],"is_endless":false,"potions_floor_spawned":[11,13,14,16,27,31,35,38,41,45],"ascension_level":1}}