{"host":"i4eavuqabbk5mi94","time":1607796244,"event":{"mods":["BaseMod","Googly Eyes","Minty Spire (QoL Compilation)"],"gold_per_floor":[111,111,111,135,153,153,187,203,229,244,264,264,308,324,324,454,454,379,399,423,423,423,423],"floor_reached":22,"playtime":9182,"items_purged":[],"score":218,"play_id":"2efe5e07-5236-4cd8-ace2-e7110bbb8c9c","local_time":"20201212180404","is_ascension_mode":true,"campfire_choices":[{"data":"Dagger Throw","floor":6,"key":"SMITH"},{"floor":12,"key":"REST"},{"floor":15,"key":"REST"}],"circlet_count":0,"master_deck":["Strike_G","Strike_G","Strike_G","Strike_G","Defend_G","Defend_G","Defend_G","Defend_G","Survivor","Neutralize","Dagger Throw+1","PiercingWail","Dash","Deadly Poison","Bullet Time","Distraction","Caltrops","Caltrops","Burst","Poisoned Stab+1","Underhanded Strike","Noxious Fumes","Setup","Footwork"],"relics":["Ring of the Snake","Nunchaku","Golden Idol","Oddly Smooth Stone","Bag of Preparation","Blood Vial","Blue Candle","Runic Pyramid"],"acts_visited":["Exordium","TheCity"],"potions_floor_usage":[7,7,16,20],"damage_taken":[{"damage":4,"enemies":"Small Slimes","floor":1,"turns":4},{"damage":1,"enemies":"Jaw Worm","floor":4,"turns":3},{"damage":0,"enemies":"Cultist","floor":5,"turns":4},{"damage":28,"enemies":"Lagavulin","floor":7,"turns":10},{"damage":0,"enemies":"3 Louse","floor":8,"turns":3},{"damage":0,"enemies":"Looter","floor":10,"turns":3},{"damage":0,"enemies":"Blue Slaver","floor":11,"turns":2},{"damage":12,"enemies":"3 Sentries","floor":13,"turns":7},{"damage":8,"enemies":"3 Louse","floor":14,"turns":3},{"damage":36,"enemies":"The Guardian","floor":16,"turns":12},{"damage":22,"enemies":"2 Thieves","floor":18,"turns":5},{"damage":12,"enemies":"Shell Parasite","floor":19,"turns":5},{"damage":16,"enemies":"Snake Plant","floor":20,"turns":4},{"damage":28,"enemies":"3 Cultists","floor":22,"turns":4}],"seed_played":"-120772468694190442","potions_obtained":[{"floor":4,"key":"LiquidBronze"},{"floor":5,"key":"SpeedPotion"},{"floor":11,"key":"Strength Potion"},{"floor":19,"key":"ColorlessPotion"}],"is_trial":false,"path_per_floor":["M","?","?","M","M","R","E","M","T","M","M","R","E","M","R","B",null,"M","M","M","?","M"],"character_chosen":"THE_SILENT","items_purchased":[],"campfire_rested":2,"item_purchase_floors":[],"current_hp_per_floor":[66,49,49,48,48,48,20,20,20,22,24,45,35,29,50,16,70,48,38,24,24,0,0],"gold":423,"neow_bonus":"RANDOM_COMMON_RELIC","is_daily":false,"chose_seed":false,"campfire_upgraded":1,"win_rate":0.0,"timestamp":1607796244,"path_taken":["M","?","?","M","M","R","E","M","T","M","M","R","E","M","R","BOSS","M","M","?","?","M"],"items_purchased_type":[],"build_version":"2020-11-30","purchased_purges":0,"victory":false,"max_hp_per_floor":[70,70,70,70,70,70,70,70,70,70,70,70,70,70,70,70,70,70,70,70,70,70,70],"card_choices":[{"not_picked":["Deflect","Terror"],"picked":"Backflip","floor":1},{"not_picked":["Predator","Bane"],"picked":"Dagger Throw","floor":4},{"not_picked":["Dagger Spray","Predator"],"picked":"PiercingWail","floor":5},{"not_picked":["Blur","Cloak And Dagger"],"picked":"Dash","floor":7},{"not_picked":["Underhanded Strike","Flying Knee"],"picked":"Deadly Poison","floor":8},{"not_picked":["Dagger Throw","Dodge and Roll"],"picked":"Bullet Time","floor":10},{"not_picked":["Dagger Throw","Sucker Punch"],"picked":"Distraction","floor":11},{"not_picked":["Blade Dance","Quick Slash"],"picked":"Caltrops","floor":13},{"not_picked":["Dagger Throw","Deadly Poison"],"picked":"Caltrops","floor":14},{"not_picked":["Venomology","Unload"],"picked":"Burst","floor":16},{"not_picked":["Deflect","Well Laid Plans"],"picked":"Poisoned Stab+1","floor":18},{"not_picked":["PiercingWail+1","Dash"],"picked":"Underhanded Strike","floor":19},{"not_picked":["Terror","Slice+1"],"picked":"Noxious Fumes","floor":20}],"player_experience":291029,"relics_obtained":[{"floor":7,"key":"Bag of Preparation"},{"floor":9,"key":"Blood Vial"},{"floor":13,"key":"Blue Candle"}],"event_choices":[{"damage_healed":0,"gold_gain":0,"player_choice":"Take Damage","damage_taken":17,"relics_obtained":["Golden Idol"],"max_hp_gain":0,"max_hp_loss":0,"event_name":"Golden Idol","floor":2,"gold_loss":0},{"cards_removed":["Backflip"],"damage_healed":0,"gold_gain":0,"player_choice":"Gave Card","damage_taken":0,"relics_obtained":["Oddly Smooth Stone"],"max_hp_gain":0,"max_hp_loss":0,"event_name":"WeMeetAgain","floor":3,"gold_loss":0},{"damage_healed":0,"gold_gain":0,"cards_transformed":["Defend_G","Strike_G"],"player_choice":"Became Test Subject","damage_taken":0,"max_hp_gain":0,"max_hp_loss":0,"event_name":"Drug Dealer","floor":21,"gold_loss":0,"cards_obtained":["Setup","Footwork"]}],"is_beta":false,"boss_relics":[{"not_picked":["Calling Bell","Busted Crown"],"picked":"Runic Pyramid"}],"items_purged_floors":[],"is_endless":false,"potions_floor_spawned":[4,5,11,19],"killed_by":"3 Cultists","ascension_level":2}}