{"host":"pf47v7h0307523iy","time":1607798518,"event":{"mods":["BaseMod","Minty Spire (QoL Compilation)"],"gold_per_floor":[112,37,49,49,61,96,106,116,116,148,148,198,198,36,36,113,113,113,13,13,13,13,13,13,13,13,13,13,13,13,13,13,13,13,13,13,13,13,13,13,13],"floor_reached":40,"playtime":2955,"items_purged":["Strike_G","Strike_G"],"score":951,"play_id":"b34c784c-7944-40e0-88a3-a6784da894a8","local_time":"20201212204158","is_ascension_mode":true,"campfire_choices":[{"data":"Noxious Fumes","floor":11.0,"key":"SMITH"},{"data":"Phantasmal Killer","floor":13.0,"key":"SMITH"},{"data":"Bane","floor":15.0,"key":"SMITH"},{"data":"Blade Dance","floor":23.0,"key":"SMITH"},{"data":"Deadly Poison","floor":25.0,"key":"SMITH"},{"data":"Neutralize","floor":32.0,"key":"SMITH"}],"circlet_count":0,"master_deck":["AscendersBane","Strike_G","Strike_G","Defend_G","Defend_G","Defend_G","Defend_G+1","Defend_G","Survivor","Neutralize+1","Deadly Poison+1","Phantasmal Killer+1","Backflip+1","Noxious Fumes+1","Bane+1","PiercingWail","Bullet Time","Blade Dance+1","PiercingWail","Escape Plan","PiercingWail","Die Die Die","Backflip+1","PiercingWail","Flash of Steel","Chrysalis+1","Blade Dance+1"],"relics":["Runic Pyramid","War Paint","Tiny Chest","Art of War","Bronze Scales","Ectoplasm","Meat on the Bone","Question Card","White Beast Statue","Coffee Dripper"],"acts_visited":["Exordium","TheCity","TheBeyond"],"potions_floor_usage":[38,40,40],"damage_taken":[{"damage":0.0,"enemies":"Small Slimes","floor":1.0,"turns":5.0},{"damage":0.0,"enemies":"Cultist","floor":3.0,"turns":5.0},{"damage":2.0,"enemies":"Jaw Worm","floor":5.0,"turns":4.0},{"damage":7.0,"enemies":"Lagavulin","floor":6.0,"turns":8.0},{"damage":4.0,"enemies":"Exordium Thugs","floor":7.0,"turns":6.0},{"damage":0.0,"enemies":"2 Fungi Beasts","floor":8.0,"turns":4.0},{"damage":2.0,"enemies":"3 Sentries","floor":10.0,"turns":8.0},{"damage":16.0,"enemies":"Slime Boss","floor":16.0,"turns":8.0},{"damage":8.0,"enemies":"Shell Parasite","floor":18.0,"turns":5.0},{"damage":7.0,"enemies":"Spheric Guardian","floor":21.0,"turns":6.0},{"damage":9.0,"enemies":"Snake Plant","floor":22.0,"turns":4.0},{"damage":3.0,"enemies":"Chosen and Byrds","floor":24.0,"turns":6.0},{"damage":0.0,"enemies":"Snecko","floor":27.0,"turns":5.0},{"damage":1.0,"enemies":"Gremlin Leader","floor":28.0,"turns":7.0},{"damage":12.0,"enemies":"Book of Stabbing","floor":30.0,"turns":5.0},{"damage":0.0,"enemies":"Snake Plant","floor":31.0,"turns":5.0},{"damage":20.0,"enemies":"Automaton","floor":33.0,"turns":11.0},{"damage":0.0,"enemies":"Orb Walker","floor":35.0,"turns":4.0},{"damage":0.0,"enemies":"3 Darklings","floor":36.0,"turns":4.0},{"damage":31,"enemies":"Sphere and 2 Shapes","floor":38,"turns":5},{"damage":45,"enemies":"Nemesis","floor":40,"turns":7}],"seed_played":"1543678045704411221","potions_obtained":[{"floor":3.0,"key":"BlessingOfTheForge"},{"floor":5.0,"key":"PowerPotion"},{"floor":6.0,"key":"Strength Potion"},{"floor":18.0,"key":"Explosive Potion"},{"floor":24.0,"key":"LiquidBronze"},{"floor":27.0,"key":"EntropicBrew"},{"floor":31.0,"key":"Ancient Potion"},{"floor":33.0,"key":"DistilledChaos"},{"floor":35.0,"key":"DistilledChaos"},{"floor":36.0,"key":"BlessingOfTheForge"},{"floor":38,"key":"Swift Potion"}],"is_trial":false,"path_per_floor":["M","$","M","?","M","E","M","M","T","E","R","?","R","$","R","B",null,"M","$","?","M","M","R","M","R","T","M","E","T","E","M","R","B",null,"M","M","?","M","?","E"],"character_chosen":"THE_SILENT","items_purchased":["Bronze Scales"],"campfire_rested":0,"item_purchase_floors":[14],"current_hp_per_floor":[59,59,59,59,57,50,46,46,46,44,44,44,44,44,44,28,57,49,49,49,42,33,33,30,30,30,42,41,41,41,41,41,33,58,58,58,53,34,34,0,0],"gold":13,"neow_bonus":"BOSS_RELIC","is_daily":false,"chose_seed":false,"campfire_upgraded":6,"win_rate":0.0,"timestamp":1607798518,"path_taken":["M","$","M","?","?","E","M","M","T","E","R","?","R","?","R","BOSS","M","$","?","M","M","R","M","R","T","M","E","?","E","M","R","BOSS","M","M","?","M","?","E"],"items_purchased_type":["Relic"],"build_version":"2020-11-30","purchased_purges":2,"victory":false,"max_hp_per_floor":[66,66,66,66,66,66,66,66,66,66,66,66,66,66,66,66,66,66,66,66,66,66,66,66,66,66,66,66,66,66,66,66,66,66,66,66,66,66,66,66,66],"card_choices":[{"not_picked":["Slice","Riddle With Holes","Bane"],"picked":"SKIP","floor":1.0},{"not_picked":["Deflect","Predator"],"picked":"Deadly Poison","floor":3.0},{"not_picked":["Flechettes","Quick Slash"],"picked":"Backflip","floor":5.0},{"not_picked":["Expertise","Dodge and Roll","Acrobatics"],"picked":"SKIP","floor":6.0},{"not_picked":["Underhanded Strike","Riddle With Holes"],"picked":"Noxious Fumes","floor":7.0},{"not_picked":["Backflip","Eviscerate"],"picked":"Bane","floor":8.0},{"not_picked":["Backflip","Poisoned Stab"],"picked":"PiercingWail","floor":10.0},{"not_picked":["Night Terror","Glass Knife"],"picked":"Bullet Time","floor":16.0},{"not_picked":["Well Laid Plans","Deadly Poison","Backstab"],"picked":"SKIP","floor":18.0},{"not_picked":["Dagger Throw","Backflip","Reflex"],"picked":"SKIP","floor":21.0},{"not_picked":["Concentrate","Acrobatics"],"picked":"Blade Dance","floor":22.0},{"not_picked":["Endless Agony","Acrobatics"],"picked":"PiercingWail","floor":24.0},{"not_picked":["Masterful Stab","Heel Hook","Outmaneuver"],"picked":"SKIP","floor":27.0},{"not_picked":["Catalyst","Dagger Spray"],"picked":"Escape Plan","floor":28.0},{"not_picked":["Distraction","Doppelganger","Concentrate","Choke"],"picked":"SKIP","floor":30.0},{"not_picked":["Finisher","Dodge and Roll","Flying Knee"],"picked":"PiercingWail","floor":31.0},{"not_picked":["Bullet Time","Tools of the Trade","Glass Knife"],"picked":"Die Die Die","floor":33.0},{"not_picked":["Dagger Spray","Underhanded Strike+1","Poisoned Stab"],"picked":"Backflip+1","floor":35.0},{"not_picked":["Reflex+1","Backstab+1","Choke"],"picked":"PiercingWail","floor":36.0},{"not_picked":["Transmutation","Enlightenment","Swift Strike"],"picked":"Flash of Steel","floor":37.0},{"not_picked":["Deep Breath","Metamorphosis","Magnetism"],"picked":"Chrysalis","floor":37.0},{"not_picked":["Well Laid Plans+1","Poisoned Stab","Riddle With Holes+1"],"picked":"Blade Dance+1","floor":38}],"player_experience":1461420,"relics_obtained":[{"floor":6.0,"key":"War Paint"},{"floor":9.0,"key":"Tiny Chest"},{"floor":10.0,"key":"Art of War"},{"floor":26.0,"key":"Meat on the Bone"},{"floor":28.0,"key":"Question Card"},{"floor":30.0,"key":"White Beast Statue"}],"event_choices":[{"damage_healed":0.0,"max_hp_gain":0.0,"max_hp_loss":0.0,"gold_gain":0.0,"cards_transformed":["Strike_G"],"event_name":"Transmorgrifier","player_choice":"Transformed","floor":4.0,"gold_loss":0.0,"damage_taken":0.0,"cards_obtained":["Phantasmal Killer"]},{"damage_healed":0.0,"max_hp_gain":0.0,"max_hp_loss":0.0,"gold_gain":50.0,"event_name":"Golden Shrine","player_choice":"Pray","floor":12.0,"gold_loss":0.0,"damage_taken":0.0},{"damage_healed":0.0,"max_hp_gain":0.0,"max_hp_loss":0.0,"gold_gain":0.0,"event_name":"The Mausoleum","player_choice":"Ignored","floor":20.0,"gold_loss":0.0,"damage_taken":0.0},{"damage_healed":0.0,"max_hp_gain":0.0,"max_hp_loss":0.0,"gold_gain":0.0,"event_name":"SensoryStone","player_choice":"Memory 2","floor":37.0,"gold_loss":0.0,"damage_taken":5.0},{"damage_healed":0,"gold_gain":0,"player_choice":"Upgraded","damage_taken":0,"max_hp_gain":0,"max_hp_loss":0,"event_name":"Upgrade Shrine","floor":39,"gold_loss":0,"cards_upgraded":["Chrysalis"]}],"is_beta":false,"boss_relics":[{"not_picked":["Calling Bell","SacredBark"],"picked":"Ectoplasm"},{"not_picked":["Tiny House","Busted Crown"],"picked":"Coffee Dripper"}],"items_purged_floors":[2,19],"is_endless":false,"potions_floor_spawned":[3,5,6,7,18,24,27,31,33,35,36,38],"killed_by":"Nemesis","ascension_level":20}}