{"host":"agga6lej02o7kt08","time":1607804344,"event":{"mods":["Arknights The Spire","Aspiration","BaseMod","Better Third Choice","CapriCore","Colored Map","Colored Powertips","Hermit","Hubris","Infinite Spire","Koishi","Marisa£¨Ùöéë¡¡Øª×âÞÞ£©","Minty Spire (QoL Compilation)","Reimu£¨ÚÏ???£©","Replay The Spire","Spicy Shops","StSLib","The Immortal","¡¼?Úª?ø«¡½REMEMod"],"gold_per_floor":[118,118,133,58,78,91,91,116,116,16,16,44,55,65,65,167,167,186,199,45,45,45,45,79,79,128,157,174,205,234,234,234,331,331,345,361,411,411,425,462,472,501,501,520,568,588,235,268,268,268,268,268,16,46,62],"floor_reached":56,"playtime":3672,"items_purged":["ats:Powerful Strike","ats:Defend Up","ats:Powerful Strike","ats:Powerful Strike","ats:Defend Up","ats:Defend Up"],"score":1738,"play_id":"5e24d387-9d42-4421-94e0-d55e5c0b9536","local_time":"20201213051904","is_ascension_mode":true,"campfire_choices":[{"data":"ats:Emotion Absorption","floor":7,"key":"SMITH"},{"data":"ats:Emotion Absorption","floor":11,"key":"SMITH"},{"data":"ats:Armor Crushing Shot","floor":15,"key":"SMITH"},{"data":"ats:Soul Absorption","floor":23,"key":"SMITH"},{"data":"ats:Shell Defense","floor":25,"key":"SMITH"},{"data":"ats:Assault Order","floor":32,"key":"SMITH"},{"floor":49,"key":"RECALL"},{"data":"ats:Red Shift","floor":52,"key":"SMITH"}],"circlet_count":0,"master_deck":["AscendersBane","ats:Armor Crushing Shot+1","ats:Emotion Absorption+1","ats:Emotion Absorption+1","ats:Disruption Kick","ats:Red Shift+1","ats:Shell Defense+1","ats:Soul Absorption+1","ats:Red Shift+1","ats:Assault Order+1","ats:Soul Rend","ats:Wolf Pack"],"relics":["ats:Sanity","REME_ComplimentaryCards","hubris:OldNail","Onion Ring","Bronze Scales","Runic Pyramid","aspiration:ChemicalBlood","infinitespire:FocusingShard","Boot","Pondfish Scales","Red Mask","infinitespire:Midas Blood","hubris:Icosahedron","Coffee Dripper","Du-Vu Doll","REME_IWantAll","aspiration:Lifesprig","ReplayTheSpireMod:Ninjato","infinitespire:Joker Card","Nunchaku","aspiration:AnachronicSnailShell","Bag of Preparation"],"acts_visited":["Exordium","TheCity","TheBeyond","TheEnding"],"potions_floor_usage":[8,8,30,33,40,42,55,55],"damage_taken":[{"damage":2.0,"enemies":"Small Slimes","floor":1.0,"turns":4.0},{"damage":6.0,"enemies":"Cultist","floor":3.0,"turns":5.0},{"damage":7.0,"enemies":"Jaw Worm","floor":5.0,"turns":5.0},{"damage":9,"enemies":"3 Louse","floor":6,"turns":4},{"damage":20,"enemies":"3 Sentries","floor":8,"turns":7},{"damage":14,"enemies":"Gremlin Nob","floor":12,"turns":5},{"damage":0,"enemies":"2 Fungi Beasts","floor":13,"turns":10},{"damage":0,"enemies":"Large Slime","floor":14,"turns":13},{"damage":35,"enemies":"The Guardian","floor":16,"turns":12},{"damage":0,"enemies":"Chosen","floor":18,"turns":3},{"damage":15,"enemies":"2 Thieves","floor":19,"turns":5},{"damage":7,"enemies":"Nightmare","floor":24,"turns":9},{"damage":0,"enemies":"REME_1_Revenger","floor":27,"turns":4},{"damage":0,"enemies":"Snecko","floor":28,"turns":3},{"damage":0,"enemies":"Masked Bandits","floor":29,"turns":3},{"damage":0,"enemies":"Book of Stabbing","floor":30,"turns":4},{"damage":13,"enemies":"Collector","floor":33,"turns":10},{"damage":0,"enemies":"Orb Walker","floor":35,"turns":2},{"damage":9,"enemies":"3 Shapes","floor":36,"turns":4},{"damage":0,"enemies":"Mind Bloom Boss Battle","floor":37,"turns":6},{"damage":11,"enemies":"3 Darklings","floor":39,"turns":5},{"damage":40,"enemies":"Reptomancer","floor":40,"turns":7},{"damage":0,"enemies":"Maw","floor":41,"turns":6},{"damage":0,"enemies":"R_Hoarder","floor":42,"turns":8},{"damage":23,"enemies":"4 Shapes","floor":44,"turns":4},{"damage":0,"enemies":"2 Orb Walkers","floor":45,"turns":4},{"damage":0,"enemies":"Writhing Mass","floor":46,"turns":4},{"damage":0,"enemies":"Giant Head","floor":48,"turns":3},{"damage":0,"enemies":"Replay:Hell Engine","floor":50,"turns":4},{"damage":0,"enemies":"Shield and Spear","floor":54,"turns":2},{"damage":24,"enemies":"The Heart","floor":55,"turns":8}],"seed_played":"-3643677904258049111","potions_obtained":[{"floor":1.0,"key":"SteroidPotion"},{"floor":6,"key":"FearPotion"},{"floor":16,"key":"Swift Potion"},{"floor":28,"key":"Dexterity Potion"},{"floor":29,"key":"Fruit Juice"},{"floor":30,"key":"BlessingOfTheForge"},{"floor":35,"key":"PowerPotion"},{"floor":40,"key":"Fruit Juice"},{"floor":40,"key":"Flashbang"},{"floor":42,"key":"PowerPotion"}],"is_trial":false,"path_per_floor":["M","?","M","$","M","M","R","E","T","$","R","E","M","M","R","B",null,"M","M","$","?","?","R","NM","R","T","E","M","?","E","?","R","B",null,"M","M","?","AVR","M","E","M","E","T","M","?","M","$","E","R","B",null,"R","$","E","B",null],"character_chosen":"DOCTOR_CLASS","items_purchased":["ats:Soul Absorption","aspiration:ChemicalBlood","Nunchaku","aspiration:AnachronicSnailShell"],"campfire_rested":0,"item_purchase_floors":[20,20,47,53],"current_hp_per_floor":[63,63,57,57,50,41,41,21,21,21,21,12,36,67,67,63,70,70,62,62,69,69,69,72,72,72,72,72,72,77,77,77,67,75,77,77,77,77,77,81,82,82,82,82,82,82,82,82,82,82,82,82,82,82,82],"gold":62,"neow_bonus":"REMOVE_CARD","is_daily":false,"chose_seed":false,"campfire_upgraded":7,"win_rate":0.0,"timestamp":1607804344,"path_taken":["M","?","M","$","?","?","R","E","T","$","R","E","M","M","R","BOSS","M","M","$","?","?","R","NM","R","T","E","M","?","E","?","R","BOSS","M","M","?","AVR","M","E","M","E","T","M","?","M","?","E","R","BOSS","R","$","E","BOSS"],"items_purchased_type":["Card","Relic","Relic","Relic"],"build_version":"2020-11-30","purchased_purges":6,"victory":true,"max_hp_per_floor":[72,72,72,72,72,72,72,72,72,72,72,72,72,72,72,72,72,72,72,72,72,72,72,72,72,72,72,72,72,77,77,77,77,77,77,77,77,77,77,82,82,82,82,82,82,82,82,82,82,82,82,82,82,82,82],"card_choices":[{"not_picked":["ats:Sunburst","ats:Consecutive Shot: Auto","ats:Attack Strengthen"],"picked":"SKIP","floor":1.0},{"not_picked":["ats:Cat Scratch","ats:Curse Doll","ats:Assault Order"],"picked":"SKIP","floor":3.0},{"not_picked":["ats:Flexible Camouflage","ats:Assault Order","ats:Blood Oath"],"picked":"SKIP","floor":5},{"not_picked":["ats:Ignite","ats:Attack Strengthen"],"picked":"ats:Red Shift","floor":6},{"not_picked":["ats:Durian","ats:Spore Proliferation"],"picked":"ats:Shell Defense","floor":8},{"not_picked":["ats:Encircling Forest","ats:Ignite","ats:Shell Defense"],"picked":"SKIP","floor":12},{"not_picked":["ats:Assault Order","ats:Curse Doll","ats:Poison Spread"],"picked":"SKIP","floor":13},{"not_picked":["ats:Revitalization","ats:Curse Doll","ats:Magnetic Hammer"],"picked":"SKIP","floor":14},{"not_picked":["ats:Very Hot Blade","ats:Ignite","ats:Explosion Area Strengthen+1"],"picked":"SKIP","floor":18},{"not_picked":["ats:Encircling Forest","ats:Overload+1","ats:Just Like an Apocalypse+1"],"picked":"SKIP","floor":19},{"not_picked":["ats:Poison Spread","ats:Shadow Assault","ats:Chain Hook"],"picked":"SKIP","floor":24},{"not_picked":["ats:Sunburst","ats:Curse Doll"],"picked":"ats:Red Shift+1","floor":27},{"not_picked":["ats:Poison Spread","ats:Counter Healing Mode","ats:Assault Order"],"picked":"SKIP","floor":28},{"not_picked":["ats:Poison Spread","ats:Counter Healing Mode"],"picked":"ats:Assault Order","floor":28},{"not_picked":["ats:Explosion Area Strengthen","ats:Shell Defense","ats:Support Order"],"picked":"SKIP","floor":30},{"not_picked":["ats:Fractured Body","ats:Rat Pack"],"picked":"ats:Soul Rend","floor":33},{"not_picked":["ats:Thorns+1","ats:Assault Order+1","ats:Revitalization"],"picked":"SKIP","floor":35},{"not_picked":["ats:Attack Strengthen","ats:Explosion Area Strengthen","ats:Poison Spread"],"picked":"SKIP","floor":36},{"not_picked":["ats:Consecutive Shot: Auto+1","ats:Mental Burst+1","ats:Revitalization+1"],"picked":"SKIP","floor":39},{"not_picked":["ats:Explosion Area Strengthen","ats:Mental Burst+1","ats:Poison Spread+1"],"picked":"SKIP","floor":40},{"not_picked":["ats:Blood Oath","ats:Support Order","ats:Cat Scratch"],"picked":"SKIP","floor":41},{"not_picked":["ats:Flexible Camouflage","ats:Just Like an Apocalypse","ats:Fate"],"picked":"SKIP","floor":42},{"not_picked":["ats:Soul Absorption","ats:Explosion Area Strengthen"],"picked":"ats:Wolf Pack","floor":44},{"not_picked":["ats:Curse Doll","ats:Assault Order","ats:Very Hot Blade"],"picked":"SKIP","floor":46},{"not_picked":["ats:Automatic Cover","ats:Curse Doll","ats:Explosion Area Strengthen"],"picked":"SKIP","floor":48},{"not_picked":["ats:Cat Scratch","ats:Consecutive Shot: Auto","ats:Just Like an Apocalypse"],"picked":"SKIP","floor":54}],"player_experience":1400020,"relics_obtained":[{"floor":8,"key":"hubris:OldNail"},{"floor":9,"key":"Onion Ring"},{"floor":12,"key":"Bronze Scales"},{"floor":24,"key":"infinitespire:FocusingShard"},{"floor":26,"key":"Boot"},{"floor":27,"key":"Pondfish Scales"},{"floor":29,"key":"Red Mask"},{"floor":30,"key":"infinitespire:Midas Blood"},{"floor":37,"key":"Du-Vu Doll"},{"floor":40,"key":"aspiration:Lifesprig"},{"floor":42,"key":"ReplayTheSpireMod:Ninjato"},{"floor":45,"key":"infinitespire:Joker Card"},{"floor":54,"key":"Bag of Preparation"}],"event_choices":[{"damage_healed":0.0,"max_hp_gain":0.0,"max_hp_loss":0.0,"gold_gain":0.0,"event_name":"The Woman in Blue","player_choice":"Bought 0 Potions","floor":2.0,"gold_loss":0.0,"damage_taken":0.0},{"damage_healed":0,"gold_gain":0,"player_choice":"Fought Bandits","damage_taken":0,"max_hp_gain":0,"max_hp_loss":0,"event_name":"Masked Bandits","floor":29,"gold_loss":0},{"damage_healed":0,"gold_gain":0,"player_choice":"Fight","damage_taken":0,"max_hp_gain":0,"max_hp_loss":0,"event_name":"MindBloom","floor":37,"gold_loss":0},{"damage_healed":0,"gold_gain":0,"player_choice":"Fight","damage_taken":0,"max_hp_gain":0,"max_hp_loss":0,"event_name":"Mysterious Sphere","floor":45,"gold_loss":0}],"is_beta":false,"boss_relics":[{"not_picked":["Replay:Drink Me","Painkiller Herb"],"picked":"Runic Pyramid"},{"not_picked":["hubris:HollowSoul","RedLine:ReiMu"],"picked":"Coffee Dripper"}],"items_purged_floors":[4,10,38,47,47,53],"is_endless":false,"potions_floor_spawned":[1,6,16,28,29,30,35,37,40,42,44,46,54],"ascension_level":12}}