{"host":"ih7ofq2zpufcoifs","time":1607778631,"event":{"mods":["BaseMod","Colored Map","Minty Spire (QoL Compilation)"],"gold_per_floor":[369,389,35,35,50,50,94,94,120,133,133,166,179,220,220,345,345,363,363,363,384,400,400,438,456,536,569,569,613,613,538,538,658,658,681,1014,68,78,92,122,122,157,157,188,188,208,208,219,219,219,219,219,28,62,62,62],"floor_reached":55,"playtime":4810,"items_purged":["Defend_P","Strike_P"],"score":1425,"play_id":"b3efe700-f2f4-4a6b-a048-c71725589859","local_time":"20201212231031","is_ascension_mode":true,"campfire_choices":[{"data":"CrushJoints","floor":6.0,"key":"SMITH"},{"data":"EmptyFist","floor":8.0,"key":"SMITH"},{"data":"FlyingSleeves","floor":11.0,"key":"SMITH"},{"data":"CarveReality","floor":15.0,"key":"SMITH"},{"data":"Scrawl","floor":23.0,"key":"SMITH"},{"data":"CutThroughFate","floor":28.0,"key":"SMITH"},{"data":"DeceiveReality","floor":30.0,"key":"SMITH"},{"data":"Tantrum","floor":32.0,"key":"SMITH"},{"floor":45.0,"key":"RECALL"},{"data":"LikeWater","floor":47.0,"key":"SMITH"},{"data":"Establishment","floor":49.0,"key":"SMITH"},{"data":"SpiritShield","floor":52.0,"key":"SMITH"}],"circlet_count":0,"master_deck":["AscendersBane","Defend_P","Defend_P","Defend_P","Eruption","Vigilance","EmptyFist+1","CrushJoints+1","CutThroughFate+1","ReachHeaven","FlyingSleeves+1","Protect","CarveReality+1","Scrawl+1","InnerPeace","Meditate+1","Vengeance","EmptyFist+1","Tantrum+1","Consecrate+1","DeceiveReality+1","SpiritShield+1","FlurryOfBlows","Establishment+1","SandsOfTime","Omniscience","Protect+1","LikeWater+1","Prostrate+1","SandsOfTime","DevaForm","InnerPeace","Sanctity"],"relics":["PureWater","Vajra","Akabeko","MealTicket","Yang","Sundial","Sozu","Orichalcum","Gremlin Horn","Nunchaku","Lantern","Philosopher\u0027s Stone","Damaru","Medical Kit","Du-Vu Doll","Kunai","Peace Pipe","Oddly Smooth Stone","OrangePellets","Letter Opener"],"acts_visited":["Exordium","TheCity","TheBeyond","TheEnding"],"potions_floor_usage":[],"damage_taken":[{"damage":6.0,"enemies":"Small Slimes","floor":1.0,"turns":5.0},{"damage":2.0,"enemies":"Jaw Worm","floor":2.0,"turns":5.0},{"damage":0.0,"enemies":"2 Louse","floor":5.0,"turns":2.0},{"damage":0.0,"enemies":"Gremlin Nob","floor":7.0,"turns":2.0},{"damage":0.0,"enemies":"Gremlin Gang","floor":10.0,"turns":3.0},{"damage":5.0,"enemies":"3 Sentries","floor":12.0,"turns":5.0},{"damage":0.0,"enemies":"Large Slime","floor":13.0,"turns":4.0},{"damage":0.0,"enemies":"Gremlin Nob","floor":14.0,"turns":2.0},{"damage":26.0,"enemies":"Hexaghost","floor":16.0,"turns":6.0},{"damage":0.0,"enemies":"Chosen","floor":18.0,"turns":2.0},{"damage":2.0,"enemies":"2 Thieves","floor":21.0,"turns":3.0},{"damage":0.0,"enemies":"Centurion and Healer","floor":22.0,"turns":2.0},{"damage":0.0,"enemies":"Gremlin Leader","floor":24.0,"turns":3.0},{"damage":0.0,"enemies":"3 Cultists","floor":25.0,"turns":4.0},{"damage":5.0,"enemies":"Book of Stabbing","floor":27.0,"turns":2.0},{"damage":4.0,"enemies":"Gremlin Leader","floor":29.0,"turns":2.0},{"damage":0.0,"enemies":"Champ","floor":33.0,"turns":4.0},{"damage":0.0,"enemies":"Orb Walker","floor":35.0,"turns":2.0},{"damage":0.0,"enemies":"3 Shapes","floor":38.0,"turns":1.0},{"damage":2.0,"enemies":"3 Darklings","floor":39.0,"turns":3.0},{"damage":8.0,"enemies":"Giant Head","floor":40.0,"turns":4.0},{"damage":1.0,"enemies":"Reptomancer","floor":42.0,"turns":4.0},{"damage":5.0,"enemies":"Giant Head","floor":44.0,"turns":4.0},{"damage":1.0,"enemies":"4 Shapes","floor":46.0,"turns":4.0},{"damage":0.0,"enemies":"Writhing Mass","floor":48.0,"turns":7.0},{"damage":22.0,"enemies":"Donu and Deca","floor":50.0,"turns":8.0},{"damage":20.0,"enemies":"Shield and Spear","floor":54.0,"turns":5.0},{"damage":46,"enemies":"The Heart","floor":55,"turns":2}],"seed_played":"8614050885317656315","potions_obtained":[{"floor":7.0,"key":"LiquidMemories"},{"floor":12.0,"key":"BottledMiracle"},{"floor":13.0,"key":"Fruit Juice"},{"floor":14.0,"key":"BottledMiracle"},{"floor":16.0,"key":"Regen Potion"}],"is_trial":false,"path_per_floor":["M","M","$","?","M","R","E","R","T","M","R","E","M","E","R","B",null,"M","?","?","M","M","R","E","M","T","E","R","E","R","?","R","B",null,"M","?","$","M","M","E","?","E","T","E","R","M","R","M","R","B",null,"R","$","E","B"],"character_chosen":"WATCHER","items_purchased":["CutThroughFate","Vajra","ReachHeaven","Damaru","Medical Kit","Du-Vu Doll","Establishment","SandsOfTime","OrangePellets","Sanctity"],"campfire_rested":0,"item_purchase_floors":[3,3,3,37,37,37,37,37,53,53],"current_hp_per_floor":[59,57,57,57,57,57,57,57,57,57,57,52,52,57,57,31,57,57,57,57,55,55,55,55,55,55,50,50,46,46,46,46,46,60,60,60,65,65,63,55,55,54,54,49,49,48,48,48,48,41,59,59,65,45,0,0],"gold":62,"neow_bonus":"TWO_FIFTY_GOLD","is_daily":false,"chose_seed":false,"campfire_upgraded":11,"win_rate":0.0,"timestamp":1607778631,"path_taken":["M","M","$","?","M","R","E","R","T","M","R","E","M","E","R","BOSS","M","?","?","?","M","R","E","M","T","E","R","E","R","?","R","BOSS","M","?","$","M","M","E","?","E","T","E","R","M","R","M","R","BOSS","R","$","E","BOSS"],"items_purchased_type":["Card","Relic","Card","Relic","Relic","Relic","Card","Card","Relic","Card"],"build_version":"2020-11-30","purchased_purges":2,"victory":false,"max_hp_per_floor":[65,65,65,60,60,60,60,60,60,60,60,60,60,65,65,65,65,65,65,65,65,65,65,65,65,65,65,65,65,65,65,65,65,65,65,65,65,65,65,65,65,65,65,65,65,65,65,65,65,65,65,65,65,65,65,65],"card_choices":[{"not_picked":["ClearTheMind","Wireheading"],"picked":"EmptyFist","floor":1.0},{"not_picked":["MentalFortress","Evaluate"],"picked":"CrushJoints","floor":2.0},{"not_picked":["JustLucky","Devotion"],"picked":"FlyingSleeves","floor":5.0},{"not_picked":["EmptyMind","Adaptation","Perseverance"],"picked":"SKIP","floor":7.0},{"not_picked":["Nirvana","EmptyBody","PathToVictory"],"picked":"SKIP","floor":10.0},{"not_picked":["Adaptation","ThirdEye"],"picked":"Protect","floor":12.0},{"not_picked":["Prostrate","CrushJoints","Study"],"picked":"SKIP","floor":13.0},{"not_picked":["FlurryOfBlows","Nirvana"],"picked":"CarveReality","floor":14.0},{"not_picked":["Vault","DeusExMachina"],"picked":"Scrawl","floor":16.0},{"not_picked":["Wireheading","FlyingSleeves"],"picked":"InnerPeace","floor":18.0},{"not_picked":["EmptyFist","FlurryOfBlows"],"picked":"Meditate+1","floor":21.0},{"not_picked":["ThirdEye+1","Halt"],"picked":"Vengeance","floor":22.0},{"not_picked":["BattleHymn","FollowUp"],"picked":"EmptyFist+1","floor":24.0},{"not_picked":["CutThroughFate","Swivel"],"picked":"Tantrum","floor":25.0},{"not_picked":["WreathOfFlame","JustLucky"],"picked":"Consecrate+1","floor":27.0},{"not_picked":["Halt","Study"],"picked":"DeceiveReality","floor":29.0},{"not_picked":["Establishment","Alpha"],"picked":"SpiritShield","floor":33.0},{"not_picked":["Protect","Consecrate+1"],"picked":"FlurryOfBlows","floor":35.0},{"not_picked":["ThirdEye+1","WaveOfTheHand"],"picked":"Omniscience","floor":38.0},{"not_picked":["SashWhip","Halt+1"],"picked":"Protect+1","floor":39.0},{"not_picked":["ForeignInfluence+1","EmptyFist+1"],"picked":"LikeWater","floor":40.0},{"not_picked":["ThirdEye","CrushJoints+1"],"picked":"Prostrate+1","floor":42.0},{"not_picked":["SignatureMove+1","Crescendo"],"picked":"SandsOfTime","floor":44.0},{"not_picked":["Evaluate","ForeignInfluence"],"picked":"DevaForm","floor":46.0},{"not_picked":["ReachHeaven+1","BowlingBash"],"picked":"InnerPeace","floor":48.0},{"not_picked":["Meditate","Blasphemy","WreathOfFlame"],"picked":"SKIP","floor":54.0}],"player_experience":291452,"relics_obtained":[{"floor":7.0,"key":"Akabeko"},{"floor":9.0,"key":"MealTicket"},{"floor":12.0,"key":"Yang"},{"floor":14.0,"key":"Sundial"},{"floor":24.0,"key":"Orichalcum"},{"floor":26.0,"key":"Gremlin Horn"},{"floor":27.0,"key":"Nunchaku"},{"floor":29.0,"key":"Lantern"},{"floor":40.0,"key":"Kunai"},{"floor":42.0,"key":"Peace Pipe"},{"floor":44.0,"key":"Oddly Smooth Stone"},{"floor":54.0,"key":"Letter Opener"}],"event_choices":[{"damage_healed":0.0,"max_hp_gain":0.0,"max_hp_loss":5.0,"gold_gain":0.0,"event_name":"Golden Idol","player_choice":"Lose Max HP","floor":4.0,"gold_loss":0.0,"damage_taken":0.0,"relics_obtained":["Golden Idol"]},{"damage_healed":0.0,"max_hp_gain":0.0,"max_hp_loss":0.0,"gold_gain":0.0,"event_name":"The Mausoleum","player_choice":"Ignored","floor":19.0,"gold_loss":0.0,"damage_taken":0.0},{"cards_removed":["Strike_P"],"damage_healed":0.0,"max_hp_gain":0.0,"max_hp_loss":0.0,"gold_gain":0.0,"event_name":"Bonfire Elementals","player_choice":"Offered Basic","floor":20.0,"gold_loss":0.0,"damage_taken":0.0},{"cards_removed":["Strike_P"],"damage_healed":0.0,"max_hp_gain":0.0,"max_hp_loss":0.0,"gold_gain":0.0,"event_name":"Beggar","player_choice":"Gave Gold","floor":31.0,"gold_loss":75.0,"damage_taken":0.0},{"damage_healed":0.0,"max_hp_gain":0.0,"max_hp_loss":0.0,"gold_gain":333.0,"event_name":"The Moai Head","player_choice":"Gave Idol","floor":36.0,"relics_lost":["Golden Idol"],"gold_loss":0.0,"damage_taken":0.0},{"cards_removed":["Strike_P"],"damage_healed":0.0,"max_hp_gain":0.0,"max_hp_loss":0.0,"gold_gain":0.0,"event_name":"Purifier","player_choice":"Purged","floor":41.0,"gold_loss":0.0,"damage_taken":0.0}],"is_beta":false,"boss_relics":[{"not_picked":["SacredBark","Runic Dome"],"picked":"Sozu"},{"not_picked":["Pandora\u0027s Box","HolyWater"],"picked":"Philosopher\u0027s Stone"}],"items_purged_floors":[3,37],"is_endless":false,"potions_floor_spawned":[7,12,13,14,16,18,24,27,33,38,42,48,54],"killed_by":"The Heart","ascension_level":10}}