{"host":"ocllwaoi18j60ltd","time":1607786687,"event":{"mods":["BaseMod","DeckTracker","Minty Spire (QoL Compilation)","Permanent Neow","Quick Restart","StSLib","SuperFastMode"],"gold_per_floor":[113,28,44,54,54,54,81,81,105,105,30,30,64,83,83,157,157,157,27,27,27,27,27,27,27,27,27,27,27,27,27,27,27,27,27,27,27,27,27,27,27,27,27,27,27,27,27,27,27,27,27,27,27,27,27,27,27],"floor_reached":56,"playtime":4093,"items_purged":["Bash"],"score":1950,"play_id":"62e8bf21-030c-4ed8-bd0b-18adfffeaf40","local_time":"20201213002447","is_ascension_mode":true,"campfire_choices":[{"data":"Uppercut","floor":6.0,"key":"SMITH"},{"floor":8.0,"key":"REST"},{"data":"Offering","floor":10.0,"key":"SMITH"},{"data":"Disarm","floor":15.0,"key":"SMITH"},{"data":"Limit Break","floor":23.0,"key":"SMITH"},{"floor":25.0,"key":"REST"},{"data":"Whirlwind","floor":29.0,"key":"SMITH"},{"floor":32.0,"key":"REST"},{"data":"Heavy Blade","floor":40.0,"key":"SMITH"},{"data":"Inflame","floor":42.0,"key":"SMITH"},{"floor":46.0,"key":"RECALL"},{"floor":49.0,"key":"REST"},{"data":"True Grit","floor":53.0,"key":"SMITH"}],"circlet_count":0,"master_deck":["AscendersBane","Uppercut+1","Offering+1","Battle Trance","Second Wind","Disarm+1","Twin Strike","Limit Break+1","Whirlwind+1","Inflame+1","Flex","Shrug It Off","Shrug It Off","Sword Boomerang","Burning Pact+1","Double Tap","Double Tap","Reaper","True Grit+1","Battle Trance","Infernal Blade+1","Second Wind","Iron Wave","Headbutt","Heavy Blade+1","Bandage Up+1","Shockwave+1","Impervious","Sentinel+1"],"relics":["Burning Blood","Vajra","Anchor","Red Skull","Mummified Hand","Ectoplasm","Self Forming Clay","Regal Pillow","Pandora\u0027s Box","Prayer Wheel","Blue Candle","TungstenRod","War Paint"],"acts_visited":["Exordium","TheCity","TheBeyond","TheEnding"],"potions_floor_usage":[56],"damage_taken":[{"damage":19.0,"enemies":"Jaw Worm","floor":1.0,"turns":4.0},{"damage":0.0,"enemies":"Cultist","floor":3.0,"turns":2.0},{"damage":2.0,"enemies":"2 Louse","floor":4.0,"turns":3.0},{"damage":45.0,"enemies":"3 Sentries","floor":7.0,"turns":11.0},{"damage":21.0,"enemies":"Lagavulin","floor":13.0,"turns":4.0},{"damage":6.0,"enemies":"Gremlin Gang","floor":14.0,"turns":2.0},{"damage":29.0,"enemies":"The Guardian","floor":16.0,"turns":10.0},{"damage":27.0,"enemies":"Spheric Guardian","floor":18.0,"turns":4.0},{"damage":0.0,"enemies":"Chosen","floor":20.0,"turns":2.0},{"damage":6.0,"enemies":"3 Cultists","floor":21.0,"turns":2.0},{"damage":6.0,"enemies":"Snake Plant","floor":22.0,"turns":3.0},{"damage":31.0,"enemies":"Gremlin Leader","floor":24.0,"turns":4.0},{"damage":6.0,"enemies":"Shelled Parasite and Fungi","floor":27.0,"turns":2.0},{"damage":6.0,"enemies":"Book of Stabbing","floor":30.0,"turns":3.0},{"damage":66.0,"enemies":"Automaton","floor":33.0,"turns":8.0},{"damage":12.0,"enemies":"Orb Walker","floor":35.0,"turns":3.0},{"damage":31.0,"enemies":"3 Shapes","floor":36.0,"turns":1.0},{"damage":0.0,"enemies":"3 Darklings","floor":37.0,"turns":1.0},{"damage":6.0,"enemies":"Reptomancer","floor":41.0,"turns":2.0},{"damage":44.0,"enemies":"Spire Growth","floor":44.0,"turns":4.0},{"damage":21.0,"enemies":"2 Orb Walkers","floor":45.0,"turns":4.0},{"damage":11.0,"enemies":"Sphere and 2 Shapes","floor":47.0,"turns":4.0},{"damage":23.0,"enemies":"Maw","floor":48.0,"turns":6.0},{"damage":68.0,"enemies":"Donu and Deca","floor":50.0,"turns":7.0},{"damage":43.0,"enemies":"Awakened One","floor":51.0,"turns":7.0},{"damage":59,"enemies":"Shield and Spear","floor":55,"turns":7},{"damage":46,"enemies":"The Heart","floor":56,"turns":3}],"seed_played":"4263573480114398417","potions_obtained":[{"floor":3.0,"key":"SkillPotion"},{"floor":16.0,"key":"GamblersBrew"},{"floor":24.0,"key":"PowerPotion"},{"floor":27.0,"key":"EssenceOfSteel"},{"floor":33.0,"key":"BlessingOfTheForge"},{"floor":36.0,"key":"SteroidPotion"},{"floor":44.0,"key":"AttackPotion"},{"floor":45.0,"key":"SkillPotion"},{"floor":55,"key":"SpeedPotion"}],"is_trial":false,"path_per_floor":["M","$","M","M","?","R","E","R","T","R","$","?","E","M","R","B",null,"M","$","M","M","M","R","E","R","T","M","?","R","E","?","R","B",null,"M","M","M","?","?","R","E","R","T","M","?","R","M","M","R","B","B",null,"R","$","E","B"],"character_chosen":"IRONCLAD","items_purchased":["Offering","Inflame","Flex"],"campfire_rested":4,"item_purchase_floors":[2,19,19],"current_hp_per_floor":[55,55,61,65,65,65,26,48,48,48,48,48,33,33,33,10,59,38,38,44,44,44,44,19,41,41,41,41,41,41,41,75,15,60,54,29,35,35,35,35,39,39,39,20,35,35,34,40,75,30,43,67,67,67,27,0,0],"gold":27,"neow_bonus":"TRANSFORM_CARD","is_daily":false,"chose_seed":false,"campfire_upgraded":8,"win_rate":0.0,"timestamp":1607786687,"path_taken":["M","$","M","M","?","R","E","R","T","R","?","?","E","M","R","BOSS","M","$","M","?","M","R","E","R","T","M","?","R","E","?","R","BOSS","M","M","M","?","?","R","E","R","T","M","?","R","?","M","R","BOSS","BOSS","R","$","E","BOSS"],"items_purchased_type":["Card","Card","Card"],"build_version":"2020-11-30","purchased_purges":1,"victory":false,"max_hp_per_floor":[75,75,75,75,75,75,75,75,75,75,75,75,75,75,75,75,75,75,75,75,75,75,75,75,75,75,75,75,75,75,75,75,75,75,75,75,75,75,75,75,75,75,75,75,75,75,75,75,75,75,75,75,75,75,75,75,75],"card_choices":[{"not_picked":["Armaments","Heavy Blade"],"picked":"Clash","floor":1.0},{"not_picked":["Pummel","Twin Strike"],"picked":"Battle Trance","floor":3.0},{"not_picked":["Metallicize","Twin Strike"],"picked":"Shrug It Off","floor":4.0},{"not_picked":["Twin Strike","Feel No Pain"],"picked":"Second Wind","floor":7.0},{"not_picked":["Power Through","Havoc"],"picked":"Disarm","floor":13.0},{"not_picked":["True Grit","Rupture"],"picked":"Twin Strike","floor":14.0},{"not_picked":["Offering","Brutality"],"picked":"Limit Break","floor":16.0},{"not_picked":["Power Through+1","Shrug It Off"],"picked":"Whirlwind","floor":18.0},{"not_picked":["True Grit+1","Wild Strike"],"picked":"Shrug It Off","floor":20.0},{"not_picked":["Clothesline","Armaments"],"picked":"Shrug It Off","floor":21.0},{"not_picked":["Immolate","Rupture"],"picked":"Sword Boomerang","floor":22.0},{"not_picked":["Feel No Pain","Clash","Dual Wield"],"picked":"SKIP","floor":24.0},{"not_picked":["Havoc","Twin Strike"],"picked":"Burning Pact+1","floor":27.0},{"not_picked":["Clash","Twin Strike"],"picked":"Double Tap","floor":30.0},{"not_picked":["Double Tap","Feed"],"picked":"Reaper","floor":33.0},{"not_picked":["Cleave","Clash+1","Battle Trance+1"],"picked":"SKIP","floor":35.0},{"not_picked":["Carnage","Evolve"],"picked":"Heavy Blade","floor":36.0},{"not_picked":["Intimidate","Feel No Pain","Wild Strike"],"picked":"SKIP","floor":37.0},{"not_picked":["Blind","Discovery"],"picked":"Bandage Up","floor":39.0},{"not_picked":["Cleave","Warcry"],"picked":"Shockwave+1","floor":41.0},{"not_picked":["Twin Strike","Pommel Strike","Shrug It Off+1"],"picked":"SKIP","floor":44.0},{"not_picked":["Thunderclap","Searing Blow","Anger"],"picked":"SKIP","floor":44.0},{"not_picked":["Evolve","Pommel Strike"],"picked":"Impervious","floor":47.0},{"not_picked":["Clash","Havoc+1","Anger+1"],"picked":"SKIP","floor":47.0},{"not_picked":["Clash","Havoc+1","Anger+1"],"picked":"SKIP","floor":47.0},{"not_picked":["Rupture","Sever Soul","Heavy Blade"],"picked":"SKIP","floor":48.0},{"not_picked":["Anger","Wild Strike","Iron Wave+1"],"picked":"SKIP","floor":48.0},{"not_picked":["Berserk","Pommel Strike"],"picked":"Sentinel+1","floor":55}],"player_experience":826984,"relics_obtained":[{"floor":7.0,"key":"Vajra"},{"floor":9.0,"key":"Anchor"},{"floor":13.0,"key":"Mummified Hand"},{"floor":24.0,"key":"Self Forming Clay"},{"floor":30.0,"key":"Regal Pillow"},{"floor":41.0,"key":"Prayer Wheel"},{"floor":43.0,"key":"Blue Candle"},{"floor":45.0,"key":"TungstenRod"},{"floor":55,"key":"War Paint"}],"event_choices":[{"cards_removed":["Defend_R"],"damage_healed":0.0,"max_hp_gain":0.0,"max_hp_loss":0.0,"gold_gain":0.0,"event_name":"Bonfire Elementals","player_choice":"Offered Basic","floor":5.0,"gold_loss":0.0,"damage_taken":0.0},{"cards_removed":["Shrug It Off"],"damage_healed":0.0,"max_hp_gain":0.0,"max_hp_loss":0.0,"gold_gain":0.0,"event_name":"WeMeetAgain","player_choice":"Gave Card","floor":12.0,"gold_loss":0.0,"damage_taken":0.0,"relics_obtained":["Red Skull"]},{"cards_removed":["Clash"],"damage_healed":0.0,"max_hp_gain":0.0,"max_hp_loss":0.0,"gold_gain":0.0,"event_name":"Back to Basics","player_choice":"Elegance","floor":28.0,"gold_loss":0.0,"damage_taken":0.0},{"damage_healed":0.0,"max_hp_gain":0.0,"max_hp_loss":0.0,"gold_gain":0.0,"event_name":"Match and Keep!","player_choice":"1 cards matched","floor":31.0,"gold_loss":0.0,"damage_taken":0.0,"cards_obtained":["Double Tap"]},{"cards_removed":["Berserk"],"damage_healed":0.0,"max_hp_gain":0.0,"max_hp_loss":0.0,"gold_gain":0.0,"event_name":"Falling","player_choice":"Removed Power","floor":38.0,"gold_loss":0.0,"damage_taken":0.0},{"damage_healed":0.0,"max_hp_gain":0.0,"max_hp_loss":0.0,"gold_gain":0.0,"event_name":"SensoryStone","player_choice":"Memory 1","floor":39.0,"gold_loss":0.0,"damage_taken":0.0},{"damage_healed":0.0,"max_hp_gain":0.0,"max_hp_loss":0.0,"gold_gain":0.0,"event_name":"Mysterious Sphere","player_choice":"Fight","floor":45.0,"gold_loss":0.0,"damage_taken":0.0}],"is_beta":false,"boss_relics":[{"not_picked":["Snecko Eye","SacredBark"],"picked":"Ectoplasm"},{"not_picked":["Sozu","Calling Bell"],"picked":"Pandora\u0027s Box"}],"items_purged_floors":[11],"is_endless":false,"potions_floor_spawned":[3,16,24,27,33,36,44,45,47,55],"killed_by":"The Heart","ascension_level":20}}