{"host":"w6oy2nru13p3os12","time":1607737005,"event":{"mods":["BaseMod","BetterRewards","Colored Powertips","Conspire","Energized Spire","GungeonMod","Halation","Hubris","Mimic Mod","Minty Spire (QoL Compilation)","Permanent Neow","Quick Restart","Replay The Spire","Reworked Bosses","Spikes Relics","StSLib","The Jungle","Wandering Minibosses"],"gold_per_floor":[113,133,145,226,226,255,265,79,103,148,170,182,222,253,265,376,438,464,349,333,258,273,273,15,15,15],"floor_reached":25,"playtime":1399,"items_purged":["Strike_G"],"score":310,"play_id":"09b0d311-9ffd-44ff-8d48-683a46b1ccdc","local_time":"20201211203645","is_ascension_mode":true,"campfire_choices":[{"floor":12,"key":"REST"},{"floor":23,"key":"REST"}],"circlet_count":0,"master_deck":["Strike_G+1","Strike_G","Strike_G","Defend_G","Defend_G","Defend_G","Defend_G","Defend_G","Survivor","Neutralize","Dagger Spray","Dodge and Roll","hubris:Counter","Poisoned Stab","ReplayTheSpireMod:Necrogeddon","Escape Plan","Crippling Poison","Cloak And Dagger","Infinite Blades","Malaise","Backflip+1","Cloak And Dagger","Prepared+1","Hidden Blade"],"relics":["Ring of the Snake","MiniBlackHole","hubris:Reverence","MawBank","DemoMod:PoisonVial","Centennial Puzzle","Tiny House","hubris:Metronome"],"acts_visited":["Exordium","TheCity"],"potions_floor_usage":[6,10,16,20,22,22],"damage_taken":[{"damage":1,"enemies":"Jaw Worm","floor":1,"turns":6},{"damage":0,"enemies":"conspire:RoseBush","floor":2,"turns":6},{"damage":0,"enemies":"Small Slimes","floor":3,"turns":4},{"damage":0,"enemies":"Replay:BlueRogue","floor":6,"turns":9},{"damage":20,"enemies":"Exordium Thugs","floor":7,"turns":9},{"damage":20,"enemies":"Lagavulin","floor":10,"turns":5},{"damage":0,"enemies":"Looter","floor":11,"turns":3},{"damage":19,"enemies":"3 Sentries","floor":13,"turns":8},{"damage":0,"enemies":"2 Fungi Beasts","floor":14,"turns":4},{"damage":7,"enemies":"Hexaghost","floor":16,"turns":8},{"damage":15,"enemies":"conspire:FuzzyDice","floor":18,"turns":8},{"damage":25,"enemies":"2 Thieves","floor":20,"turns":8},{"damage":14,"enemies":"Sentry and Sphere","floor":22,"turns":8},{"damage":38,"enemies":"Book of Stabbing","floor":25,"turns":7}],"seed_played":"3027016812621447322","potions_obtained":[{"floor":1,"key":"BlessingOfTheForge"},{"floor":3,"key":"Energy Potion"},{"floor":4,"key":"Doom Potion"},{"floor":4,"key":"Ancient Potion"},{"floor":7,"key":"Swift Potion"},{"floor":10,"key":"Strength Potion"},{"floor":16,"key":"LifebloodPotion"},{"floor":22,"key":"Explosive Potion"}],"is_trial":false,"path_per_floor":["M","M","M","?","?","E","M","$","T","E","M","R","E","M","R","B",null,"M","$","M","?","M","R","$","E"],"character_chosen":"THE_SILENT","items_purchased":["ReplayTheSpireMod:Necrogeddon","Cloak And Dagger","hubris:Metronome"],"campfire_rested":2,"item_purchase_floors":[8,19,24],"current_hp_per_floor":[69,69,69,52,70,70,50,50,50,30,30,51,32,32,53,46,69,54,54,29,29,15,37,37,0,0],"gold":15,"neow_bonus":"REMOVE_CARD","is_daily":false,"chose_seed":false,"campfire_upgraded":0,"win_rate":0.0,"timestamp":1607737005,"path_taken":["M","M","M","?","?","E","M","$","T","E","?","R","E","M","R","BOSS","M","$","M","?","M","R","$","E"],"items_purchased_type":["Card","Card","Relic"],"build_version":"2020-11-30","purchased_purges":1,"victory":false,"max_hp_per_floor":[70,70,70,70,70,70,70,70,70,70,70,70,70,70,70,70,75,75,75,75,75,75,75,75,75,75],"card_choices":[{"not_picked":["Prepared","Acrobatics"],"picked":"Dagger Spray","floor":1},{"not_picked":["Infinite Blades","Deflect"],"picked":"Dodge and Roll","floor":2},{"not_picked":["Bullet Time","Flying Knee"],"picked":"Dagger Throw","floor":3},{"not_picked":["hubris:TrickCloak","Dagger Throw"],"picked":"hubris:Counter","floor":6},{"not_picked":["ShadowRift","Underhanded Strike"],"picked":"Poisoned Stab","floor":7},{"not_picked":["Cloak And Dagger","Quick Slash"],"picked":"Escape Plan","floor":10},{"not_picked":["Eviscerate","Sucker Punch"],"picked":"Crippling Poison","floor":11},{"not_picked":["Flechettes","All Out Attack"],"picked":"Cloak And Dagger","floor":13},{"not_picked":["Sucker Punch","Backflip"],"picked":"Infinite Blades","floor":14},{"not_picked":["Tools of the Trade","After Image"],"picked":"Malaise","floor":16},{"not_picked":["Bane","Caltrops"],"picked":"Backflip+1","floor":18},{"not_picked":["Backflip","Bane+1"],"picked":"Prepared+1","floor":20},{"not_picked":["hubris:SlightOfHand","Draining Mist"],"picked":"Hidden Blade","floor":22}],"player_experience":332171,"relics_obtained":[{"floor":4,"key":"MiniBlackHole"},{"floor":6,"key":"hubris:Reverence"},{"floor":9,"key":"MawBank"},{"floor":10,"key":"DemoMod:PoisonVial"},{"floor":13,"key":"Centennial Puzzle"}],"event_choices":[{"damage_healed":18,"gold_gain":0,"player_choice":"Full Heal","damage_taken":0,"max_hp_gain":0,"max_hp_loss":0,"event_name":"Wheel of Change","floor":5,"gold_loss":0},{"cards_removed":["Dagger Throw"],"damage_healed":0,"gold_gain":0,"player_choice":"Gave Gold","damage_taken":0,"max_hp_gain":0,"max_hp_loss":0,"event_name":"Beggar","floor":21,"gold_loss":75}],"is_beta":false,"boss_relics":[{"not_picked":["hubris:HollowSoul","energizedSpire:PogoStick"],"picked":"Tiny House"}],"items_purged_floors":[19],"is_endless":false,"potions_floor_spawned":[1,3,7,10,14,16,22],"killed_by":"Book of Stabbing","ascension_level":5}}