{"host":"7wibw175hth9njsf","time":1607749465,"event":{"mods":["2.2 Compatiblity","Act Like it!","BaseMod","Friendly Minions","GifTheSpireLib","Highlight Path","Minty Spire (QoL Compilation)","Random Character Button","StSLib","The Alterego","The Fake Hero","TheSwordswoman","Waifu the Spire","Åy?ï˚ìÒéü?çÏÅzî™â]éámod"],"gold_per_floor":[117,128,146,146,164,164,199,199,274,294,308,308,323,337,337,437,437,457,382,382,297,315,315,350,400,400,417,417,429,442,459,459,459,459],"floor_reached":33,"playtime":2806,"items_purged":[],"score":373,"play_id":"fde4ded7-0e78-4063-84ba-01b6ae3df4fd","local_time":"20201212000425","is_ascension_mode":false,"campfire_choices":[{"data":"alterego_mod:Crossover","floor":6,"key":"SMITH"},{"data":"alterego_mod:BigMeatyClaws","floor":8,"key":"SMITH"},{"floor":15,"key":"REST"},{"data":"alterego_mod:STier","floor":23,"key":"SMITH"},{"floor":28,"key":"REST"},{"floor":32,"key":"REST"}],"circlet_count":0,"master_deck":["alterego_mod:Strike","alterego_mod:Strike","alterego_mod:Strike","alterego_mod:Defend","alterego_mod:Defend","alterego_mod:Defend","alterego_mod:Defend","alterego_mod:Impale","alterego_mod:BigMeatyClaws+1","alterego_mod:BrynhildrsRune","alterego_mod:Rake+1","alterego_mod:Crossover+1","alterego_mod:Bounce","alterego_mod:DeftHands+1","alterego_mod:SakuraFive","alterego_mod:Stockings","alterego_mod:MaintainEyeContact","alterego_mod:Bounce","alterego_mod:IndependentAction","alterego_mod:STier+1","alterego_mod:Bounce","alterego_mod:Bounce","alterego_mod:Bounce","alterego_mod:Stockings+1","alterego_mod:Collar","alterego_mod:Crossover+1"],"relics":["alterego_mod:MasochisticConstitution","Prayer Wheel","Letter Opener","Singing Bowl","Philosopher\u0027s Stone","Blood Vial","Dream Catcher","Matryoshka"],"acts_visited":["Exordium","TheCity"],"potions_floor_usage":[7,16,16,30,31,31,33,33],"damage_taken":[{"damage":2,"enemies":"2 Louse","floor":1,"turns":4},{"damage":9,"enemies":"Jaw Worm","floor":2,"turns":4},{"damage":14,"enemies":"Small Slimes","floor":3,"turns":5},{"damage":12,"enemies":"Gremlin Gang","floor":5,"turns":6},{"damage":28,"enemies":"Gremlin Nob","floor":7,"turns":4},{"damage":5,"enemies":"Looter","floor":10,"turns":3},{"damage":1,"enemies":"Blue Slaver","floor":11,"turns":2},{"damage":0,"enemies":"Large Slime","floor":13,"turns":5},{"damage":9,"enemies":"Red Slaver","floor":14,"turns":3},{"damage":32,"enemies":"Hexaghost","floor":16,"turns":8},{"damage":19,"enemies":"Spheric Guardian","floor":18,"turns":5},{"damage":8,"enemies":"3 Byrds","floor":22,"turns":5},{"damage":45,"enemies":"Book of Stabbing","floor":24,"turns":8},{"damage":22,"enemies":"3 Cultists","floor":27,"turns":6},{"damage":28,"enemies":"Shelled Parasite and Fungi","floor":29,"turns":6},{"damage":54,"enemies":"Cultist and Chosen","floor":30,"turns":6},{"damage":0,"enemies":"Snecko","floor":31,"turns":4},{"damage":54,"enemies":"Automaton","floor":33,"turns":6}],"seed_played":"2060983778239355338","potions_obtained":[{"floor":2,"key":"Swift Potion"},{"floor":5,"key":"Strength Potion"},{"floor":11,"key":"Ancient Potion"},{"floor":14,"key":"Strength Potion"},{"floor":27,"key":"Dexterity Potion"},{"floor":29,"key":"EssenceOfSteel"},{"floor":30,"key":"Dexterity Potion"},{"floor":31,"key":"Ancient Potion"}],"is_trial":false,"path_per_floor":["M","M","M","?","M","R","E","R","T","M","M","T","M","M","R","B",null,"M","?","$","?","M","R","E","?","T","M","R","M","M","M","R","B"],"character_chosen":"The_Alterego","items_purchased":[],"campfire_rested":3,"item_purchase_floors":[],"current_hp_per_floor":[69,61,55,40,50,50,23,23,23,19,19,19,42,45,70,39,85,76,76,76,76,82,82,42,42,42,42,72,56,7,11,46,0,0],"gold":459,"neow_bonus":"ONE_RANDOM_RARE_CARD","is_daily":false,"chose_seed":false,"campfire_upgraded":3,"win_rate":0.0,"timestamp":1607749465,"path_taken":["M","M","M","?","M","R","E","R","T","M","M","?","M","M","R","BOSS","M","?","$","?","M","R","E","?","T","M","R","M","M","M","R","BOSS"],"items_purchased_type":[],"build_version":"2020-11-30","purchased_purges":0,"victory":false,"max_hp_per_floor":[71,72,73,73,74,74,75,75,75,76,77,77,79,84,84,85,85,88,88,88,88,93,93,96,96,96,102,102,105,108,110,112,112,112],"card_choices":[{"not_picked":["alterego_mod:MagicResistance","alterego_mod:BeGentle"],"picked":"alterego_mod:Crossover","floor":1},{"not_picked":["alterego_mod:MaintainEyeContact","alterego_mod:Cycle"],"picked":"alterego_mod:Bounce","floor":2},{"not_picked":["alterego_mod:Mirror","alterego_mod:BiFurious"],"picked":"alterego_mod:DeftHands","floor":3},{"not_picked":["alterego_mod:Complex","alterego_mod:Lingerie"],"picked":"alterego_mod:SakuraFive","floor":5},{"not_picked":["alterego_mod:Alter","alterego_mod:Maid"],"picked":"alterego_mod:Stockings","floor":7},{"not_picked":["alterego_mod:Clones","alterego_mod:Exercise"],"picked":"alterego_mod:MaintainEyeContact","floor":10},{"not_picked":["alterego_mod:Rip","alterego_mod:TrashNCrash"],"picked":"alterego_mod:Bounce","floor":10},{"not_picked":["alterego_mod:Complex","alterego_mod:Cooking","alterego_mod:Bunnysuit"],"picked":"SKIP","floor":11},{"not_picked":["alterego_mod:Mirror","alterego_mod:Bloomers","alterego_mod:MaintainEyeContact"],"picked":"SKIP","floor":11},{"not_picked":["alterego_mod:Undulate","alterego_mod:Clap","alterego_mod:SakuraFive"],"picked":"Singing Bowl","floor":13},{"not_picked":["alterego_mod:BeGentle","alterego_mod:Belle"],"picked":"alterego_mod:IndependentAction","floor":13},{"not_picked":["alterego_mod:PerceptionDisorder","alterego_mod:ChallengeComplete","alterego_mod:Rip"],"picked":"Singing Bowl","floor":14},{"not_picked":["alterego_mod:Pet","alterego_mod:Cycle","alterego_mod:GachaTicket"],"picked":"Singing Bowl","floor":14},{"not_picked":["alterego_mod:InsideBaseball","alterego_mod:Palingenesis"],"picked":"alterego_mod:STier","floor":16},{"not_picked":["alterego_mod:Stockings+1","alterego_mod:Punishment","alterego_mod:Cooking+1"],"picked":"Singing Bowl","floor":18},{"not_picked":["alterego_mod:Complex+1","alterego_mod:Cycle"],"picked":"alterego_mod:Bounce","floor":18},{"not_picked":["alterego_mod:Rip","alterego_mod:SakuraLabyrinth","alterego_mod:Cooking"],"picked":"Singing Bowl","floor":22},{"not_picked":["alterego_mod:Birthday","alterego_mod:PerceptionDisorder+1","alterego_mod:Cushion"],"picked":"Singing Bowl","floor":22},{"not_picked":["alterego_mod:Punishment","alterego_mod:GoddessCore","alterego_mod:Stockings"],"picked":"Singing Bowl","floor":24},{"not_picked":["alterego_mod:SakuraFive+1","alterego_mod:Swimsuit"],"picked":"alterego_mod:Bounce","floor":27},{"not_picked":["alterego_mod:Maid","alterego_mod:GachaTicket","alterego_mod:InsideBaseball"],"picked":"Singing Bowl","floor":27},{"not_picked":["alterego_mod:TrashNCrash","alterego_mod:Belle"],"picked":"alterego_mod:Bounce","floor":28},{"not_picked":["alterego_mod:DestructionOfProperty","alterego_mod:SakuraLabyrinth","alterego_mod:Undulate"],"picked":"Singing Bowl","floor":29},{"not_picked":["alterego_mod:Undulate","alterego_mod:Mirror"],"picked":"alterego_mod:Stockings+1","floor":29},{"not_picked":["alterego_mod:BiFurious","alterego_mod:Cushion","alterego_mod:PurpleHair"],"picked":"Singing Bowl","floor":30},{"not_picked":["alterego_mod:Punishment+1","alterego_mod:Cooking+1"],"picked":"alterego_mod:Collar","floor":30},{"not_picked":["alterego_mod:Skirt","alterego_mod:PerceptionDisorder+1"],"picked":"alterego_mod:Crossover+1","floor":31},{"not_picked":["alterego_mod:Maid+1","alterego_mod:Collar","alterego_mod:PerceptionDisorder+1"],"picked":"Singing Bowl","floor":31},{"not_picked":["alterego_mod:GachaTicket","alterego_mod:Vow","alterego_mod:Jiggle+1"],"picked":"Singing Bowl","floor":32}],"player_experience":191996,"relics_obtained":[{"floor":7,"key":"Prayer Wheel"},{"floor":9,"key":"Letter Opener"},{"floor":12,"key":"Singing Bowl"},{"floor":24,"key":"Dream Catcher"},{"floor":26,"key":"Matryoshka"}],"event_choices":[{"damage_healed":0,"gold_gain":0,"player_choice":"Entered Light","damage_taken":15,"max_hp_gain":0,"max_hp_loss":0,"event_name":"Shining Light","floor":4,"gold_loss":0,"cards_upgraded":["alterego_mod:Rake","alterego_mod:DeftHands"]},{"cards_removed":["alterego_mod:Strike"],"damage_healed":0,"gold_gain":0,"player_choice":"Gave Gold","damage_taken":0,"max_hp_gain":0,"max_hp_loss":0,"event_name":"Beggar","floor":19,"gold_loss":75},{"damage_healed":0,"gold_gain":0,"player_choice":"Obtained Relic","damage_taken":0,"relics_obtained":["Blood Vial"],"max_hp_gain":0,"max_hp_loss":0,"event_name":"Addict","floor":21,"gold_loss":85},{"damage_healed":0,"gold_gain":100,"player_choice":"Bet on Murderer","damage_taken":0,"max_hp_gain":0,"max_hp_loss":0,"event_name":"The Joust","floor":25,"gold_loss":50}],"is_beta":false,"boss_relics":[{"not_picked":["Sozu","Empty Cage"],"picked":"Philosopher\u0027s Stone"}],"items_purged_floors":[],"is_endless":false,"potions_floor_spawned":[2,5,11,14,27,29,30,31],"killed_by":"Automaton","ascension_level":0}}