{"host":"07ljfmttuzqopd7f","time":1607745831,"event":{"mods":["2.2 Compatiblity","BaseMod","Bestiary","Block Reminder","Colored Map","Colored Powertips","Curses Come First","Hermit","Minty Spire (QoL Compilation)","Quick Restart","Random Character Button","Rare Cards Sparkle","Relic Stats","StSLib","The Cursed","UnlockEverythingMod"],"gold_per_floor":[110,64,64,164,182,182,182,182,182,214,230,230,260,280,280,280,280],"floor_reached":16,"playtime":757,"items_purged":[],"score":119,"play_id":"7a39a381-371c-4370-96e8-f6e0e7344e63","local_time":"20201211230351","is_ascension_mode":true,"campfire_choices":[{"data":"TheCursedMod:CursedShiv","floor":6,"key":"SMITH"},{"data":"TheCursedMod:WearCloak","floor":8,"key":"SMITH"},{"data":"TheCursedMod:CursedAmulet","floor":15,"key":"SMITH"}],"circlet_count":0,"master_deck":["TheCursedMod:Strike_TheCursed","TheCursedMod:Strike_TheCursed","TheCursedMod:Strike_TheCursed","TheCursedMod:Strike_TheCursed","TheCursedMod:Defend_TheCursed","TheCursedMod:Defend_TheCursed","TheCursedMod:Defend_TheCursed","TheCursedMod:Defend_TheCursed","TheCursedMod:CursedWand","TheCursedMod:CleanUpWorkshop","TheCursedMod:Dregs","TheCursedMod:VitalStrike+1","TheCursedMod:WearCloak+1","TheCursedMod:CursedShiv+1","TheCursedMod:Stigma","TheCursedMod:CursedAmulet+1"],"relics":["TheCursedMod:BlackMagic101","TheCursedMod:Tack","Mummified Hand","Regal Pillow","Eternal Feather","PreservedInsect"],"acts_visited":["Exordium"],"potions_floor_usage":[10,16],"damage_taken":[{"damage":0,"enemies":"Jaw Worm","floor":1,"turns":3},{"damage":1,"enemies":"Cultist","floor":5,"turns":3},{"damage":7,"enemies":"Lagavulin","floor":10,"turns":6},{"damage":0,"enemies":"Small Slimes","floor":11,"turns":2},{"damage":13,"enemies":"3 Sentries","floor":13,"turns":9},{"damage":5,"enemies":"Gremlin Gang","floor":14,"turns":4},{"damage":64,"enemies":"Hexaghost","floor":16,"turns":14}],"seed_played":"-5089766063123724058","potions_obtained":[{"floor":5,"key":"DistilledChaos"},{"floor":11,"key":"Weak Potion"},{"floor":13,"key":"Regen Potion"}],"is_trial":false,"path_per_floor":["M","$","?","?","M","R","?","R","T","E","M","?","E","M","R","B"],"character_chosen":"THE_CURSED","items_purchased":["TheCursedMod:WearCloak"],"campfire_rested":0,"item_purchase_floors":[2],"current_hp_per_floor":[75,75,75,75,74,74,74,74,74,67,67,67,54,49,58,0,0],"gold":280,"neow_bonus":"RANDOM_COMMON_RELIC","is_daily":false,"chose_seed":false,"campfire_upgraded":3,"win_rate":0.0,"timestamp":1607745831,"path_taken":["M","$","?","?","?","R","?","R","T","E","M","?","E","M","R","BOSS"],"items_purchased_type":["Card"],"build_version":"2020-11-30","purchased_purges":0,"victory":false,"max_hp_per_floor":[75,75,75,75,75,75,75,75,75,75,75,75,75,75,75,75,75],"relic_stats":{"Regal Pillow":0,"counters":[7,41],"Mummified Hand":[0],"Eternal Feather":9,"PreservedInsect":0,"obtain_stats":[{"TheCursedMod:BlackMagic101":0,"Regal Pillow":10,"Mummified Hand":9,"TheCursedMod:Tack":0,"Eternal Feather":12,"PreservedInsect":13},{"TheCursedMod:BlackMagic101":0,"Regal Pillow":3,"Mummified Hand":2,"TheCursedMod:Tack":0,"Eternal Feather":4,"PreservedInsect":5},{"TheCursedMod:BlackMagic101":0,"Regal Pillow":12,"Mummified Hand":6,"TheCursedMod:Tack":0,"Eternal Feather":14,"PreservedInsect":23}]},"card_choices":[{"not_picked":["TheCursedMod:FuryStrike","TheCursedMod:CursedAmulet"],"picked":"TheCursedMod:VitalStrike","floor":1},{"not_picked":["TheCursedMod:CircleOfCorruption","TheCursedMod:Wield"],"picked":"TheCursedMod:CursedShiv","floor":5},{"not_picked":["TheCursedMod:ManaCirculation","TheCursedMod:BloodBarrier","TheCursedMod:SpitefulStrike"],"picked":"SKIP","floor":10},{"not_picked":["TheCursedMod:Wield","TheCursedMod:CircleOfBlood"],"picked":"TheCursedMod:Stigma","floor":11},{"not_picked":["TheCursedMod:VitalStrike","TheCursedMod:HellsGateOpen"],"picked":"TheCursedMod:CursedAmulet","floor":13},{"not_picked":["TheCursedMod:CircleOfCorruption","TheCursedMod:EmpowerCircles","TheCursedMod:SpitefulStrike"],"picked":"SKIP","floor":14}],"player_experience":379683,"relics_obtained":[{"floor":9,"key":"Mummified Hand"},{"floor":10,"key":"Regal Pillow"},{"floor":13,"key":"PreservedInsect"}],"event_choices":[{"damage_healed":0,"gold_gain":0,"player_choice":"Grow","damage_taken":0,"max_hp_gain":0,"max_hp_loss":0,"event_name":"Living Wall","floor":3,"gold_loss":0,"cards_upgraded":["TheCursedMod:VitalStrike"]},{"damage_healed":0,"gold_gain":100,"player_choice":"Pray","damage_taken":0,"max_hp_gain":0,"max_hp_loss":0,"event_name":"Golden Shrine","floor":4,"gold_loss":0},{"damage_healed":0,"gold_gain":0,"player_choice":"Ignored","damage_taken":0,"max_hp_gain":0,"max_hp_loss":0,"event_name":"Liars Game","floor":7,"gold_loss":0},{"damage_healed":0,"gold_gain":0,"player_choice":"Gave Potion","damage_taken":0,"relics_obtained":["Eternal Feather"],"max_hp_gain":0,"max_hp_loss":0,"event_name":"WeMeetAgain","floor":12,"gold_loss":0}],"is_beta":false,"boss_relics":[],"items_purged_floors":[],"is_endless":false,"potions_floor_spawned":[5,11,13],"killed_by":"Hexaghost","ascension_level":2}}