{"host":"tx4sgohd7xgbb6c4","time":1607779535,"event":{"mods":["Always Whale","BaseMod","Minty Spire (QoL Compilation)","Permanent Neow","Quick Restart","SuperFastMode"],"gold_per_floor":[367,542,617,52,64,64,76,104,104,136,196,207,207,223,223,324,324,334,334,346,261,280,315,315,350,376,9,24,24,42,68,68,170,170,186,200,125,142,5,36,53,86,165,165,184,195,226,241,241,241],"floor_reached":51,"playtime":1736,"items_purged":["Doubt","Strike_R","Defend_R"],"score":1359,"play_id":"30074ae8-aa4b-4135-87c7-14e592d45998","local_time":"20201212222535","is_ascension_mode":true,"campfire_choices":[{"data":"Whirlwind","floor":6.0,"key":"SMITH"},{"data":"Inflame","floor":15.0,"key":"SMITH"},{"data":"Feed","floor":24.0,"key":"SMITH"},{"data":"Dark Embrace","floor":29.0,"key":"SMITH"},{"data":"Pommel Strike","floor":32.0,"key":"SMITH"},{"floor":44.0,"key":"RECALL"},{"floor":49.0,"key":"REST"}],"circlet_count":0,"master_deck":["Strike_R","Strike_R+1","Strike_R+1","Defend_R+1","Defend_R+1","Defend_R","Bash","Whirlwind+1","Feed+1","True Grit+1","Inflame+1","Warcry+1","Flex+1","Impervious+1","Pommel Strike+1","True Grit+1","Dark Embrace+1","Armaments+1","Limit Break+1","Sentinel+1","Pummel","Disarm+1","Inflame+1","Burning Pact+1","Limit Break+1","Spot Weakness+1","Dual Wield+1","Bloodletting+1","Shrug It Off+1"],"relics":["Burning Blood","Toxic Egg 2","Chemical X","Mango","Thread and Needle","War Paint","Blue Candle","Mark of Pain","Lantern","Whetstone","Kunai","PreservedInsect","Membership Card","Blood Vial","Bag of Preparation","Fusion Hammer","DollysMirror","Strawberry","Ancient Tea Set","HornCleat","Anchor"],"acts_visited":["Exordium","TheCity","TheBeyond"],"potions_floor_usage":[50],"damage_taken":[{"damage":12.0,"enemies":"Small Slimes","floor":1.0,"turns":4.0},{"damage":7.0,"enemies":"Jaw Worm","floor":5.0,"turns":3.0},{"damage":0.0,"enemies":"2 Louse","floor":7.0,"turns":3.0},{"damage":35.0,"enemies":"Lagavulin","floor":8.0,"turns":6.0},{"damage":5.0,"enemies":"Gremlin Nob","floor":10.0,"turns":3.0},{"damage":6.0,"enemies":"Gremlin Nob","floor":11.0,"turns":4.0},{"damage":0.0,"enemies":"Large Slime","floor":12.0,"turns":3.0},{"damage":7.0,"enemies":"Exordium Thugs","floor":14.0,"turns":3.0},{"damage":0.0,"enemies":"Slime Boss","floor":16.0,"turns":3.0},{"damage":7.0,"enemies":"Chosen","floor":18.0,"turns":6.0},{"damage":23.0,"enemies":"Shell Parasite","floor":20.0,"turns":6.0},{"damage":12.0,"enemies":"Centurion and Healer","floor":22.0,"turns":4.0},{"damage":16.0,"enemies":"Book of Stabbing","floor":23.0,"turns":4.0},{"damage":12.0,"enemies":"Slavers","floor":25.0,"turns":5.0},{"damage":2.0,"enemies":"Cultist and Chosen","floor":28.0,"turns":3.0},{"damage":11.0,"enemies":"Shelled Parasite and Fungi","floor":30.0,"turns":5.0},{"damage":49.0,"enemies":"Collector","floor":33.0,"turns":8.0},{"damage":4.0,"enemies":"3 Shapes","floor":35.0,"turns":2.0},{"damage":0.0,"enemies":"Orb Walker","floor":36.0,"turns":3.0},{"damage":0.0,"enemies":"Maw","floor":38.0,"turns":5.0},{"damage":0.0,"enemies":"Reptomancer","floor":40.0,"turns":3.0},{"damage":7.0,"enemies":"Writhing Mass","floor":41.0,"turns":4.0},{"damage":0.0,"enemies":"Giant Head","floor":42.0,"turns":6.0},{"damage":18.0,"enemies":"Spire Growth","floor":45.0,"turns":4.0},{"damage":0.0,"enemies":"Maw","floor":46.0,"turns":6.0},{"damage":28.0,"enemies":"Nemesis","floor":47.0,"turns":3.0},{"damage":56.0,"enemies":"Transient","floor":48.0,"turns":5.0},{"damage":3,"enemies":"Donu and Deca","floor":50,"turns":2}],"seed_played":"-3604993780684797210","potions_obtained":[{"floor":5.0,"key":"Swift Potion"},{"floor":7.0,"key":"Weak Potion"},{"floor":8.0,"key":"FairyPotion"},{"floor":12.0,"key":"FairyPotion"},{"floor":18.0,"key":"Explosive Potion"},{"floor":28.0,"key":"ElixirPotion"},{"floor":33.0,"key":"SkillPotion"},{"floor":36.0,"key":"ElixirPotion"},{"floor":42.0,"key":"ColorlessPotion"},{"floor":48.0,"key":"GamblersBrew"}],"is_trial":false,"path_per_floor":["M","?","?","$","M","R","M","E","T","E","?","M","?","M","R","B",null,"M","?","M","?","M","E","R","E","T","$","M","R","M","T","R","B",null,"M","M","$","M","$","E","M","E","T","R","M","M","E","M","R","B",null],"character_chosen":"IRONCLAD","items_purchased":["Toxic Egg 2","Chemical X","Whirlwind","Membership Card","Fruit Juice","True Grit+1","Dark Embrace","Blood Vial","Sentinel+1","Pummel","DollysMirror"],"campfire_rested":1,"item_purchase_floors":[4,4,4,27,27,27,27,27,37,37,39],"current_hp_per_floor":[66,66,55,55,54,54,63,48,48,52,52,58,58,60,60,66,88,87,68,54,54,51,41,41,39,39,39,49,49,50,50,50,14,96,100,112,112,120,120,138,137,138,138,138,130,142,122,74,117,122],"gold":241,"neow_bonus":"TWO_FIFTY_GOLD","is_daily":false,"chose_seed":false,"campfire_upgraded":5,"win_rate":0.0,"timestamp":1607779535,"path_taken":["M","?","?","$","M","R","?","E","T","E","?","M","?","?","R","BOSS","M","?","M","?","M","E","R","E","T","$","M","R","M","?","R","BOSS","M","M","$","?","$","E","M","E","T","R","?","M","E","M","R","BOSS"],"items_purchased_type":["Relic","Relic","Card","Relic","Potion","Card","Card","Relic","Card","Card","Relic"],"build_version":"2020-11-30","purchased_purges":3,"victory":true,"max_hp_per_floor":[72,72,72,72,72,72,75,89,89,92,92,92,92,95,95,95,95,95,100,103,103,106,106,106,110,110,110,114,114,118,118,118,123,123,123,127,127,127,127,138,138,138,138,138,142,146,146,146,146,146],"card_choices":[{"not_picked":["Body Slam","Anger","Thunderclap"],"picked":"SKIP","floor":1.0},{"not_picked":["True Grit+1","Anger"],"picked":"Feed","floor":5.0},{"not_picked":["Perfected Strike","Twin Strike"],"picked":"True Grit+1","floor":7.0},{"not_picked":["Thunderclap","Iron Wave","Cleave"],"picked":"SKIP","floor":8.0},{"not_picked":["Impervious+1","Sword Boomerang"],"picked":"Inflame","floor":10.0},{"not_picked":["Anger","Iron Wave"],"picked":"Warcry+1","floor":11.0},{"not_picked":["True Grit+1","Perfected Strike","Infernal Blade+1"],"picked":"SKIP","floor":12.0},{"not_picked":["Perfected Strike","Infernal Blade+1"],"picked":"Flex+1","floor":14.0},{"not_picked":["Immolate","Bludgeon"],"picked":"Impervious+1","floor":16.0},{"not_picked":["Clothesline","Heavy Blade","Body Slam+1"],"picked":"SKIP","floor":18.0},{"not_picked":["Heavy Blade","Wild Strike","Iron Wave"],"picked":"SKIP","floor":20.0},{"not_picked":["Body Slam","Fire Breathing","Flex+1"],"picked":"SKIP","floor":22.0},{"not_picked":["Heavy Blade","Cleave","Iron Wave"],"picked":"SKIP","floor":23.0},{"not_picked":["Evolve","Bludgeon"],"picked":"Pommel Strike","floor":25.0},{"not_picked":["Havoc+1","Heavy Blade","Thunderclap"],"picked":"SKIP","floor":28.0},{"not_picked":["Combust","Body Slam"],"picked":"Armaments+1","floor":30.0},{"not_picked":["Immolate","Berserk"],"picked":"Limit Break+1","floor":33.0},{"not_picked":["Twin Strike+1","Anger","Cleave"],"picked":"SKIP","floor":35.0},{"not_picked":["Infernal Blade+1","Clash+1","Perfected Strike+1"],"picked":"SKIP","floor":36.0},{"not_picked":["Anger","Armaments+1"],"picked":"Disarm+1","floor":38.0},{"not_picked":["Heavy Blade","Bludgeon","Cleave"],"picked":"SKIP","floor":40.0},{"not_picked":["Flame Barrier+1","Sentinel+1"],"picked":"Burning Pact+1","floor":41.0},{"not_picked":["Combust","Warcry+1"],"picked":"Limit Break+1","floor":42.0},{"not_picked":["Iron Wave","Body Slam+1"],"picked":"Spot Weakness+1","floor":45.0},{"not_picked":["Combust+1","Dropkick"],"picked":"Dual Wield+1","floor":46.0},{"not_picked":["Sword Boomerang+1","Evolve"],"picked":"Bloodletting+1","floor":47.0},{"not_picked":["Armaments+1","Iron Wave"],"picked":"Shrug It Off+1","floor":48.0}],"player_experience":92751,"relics_obtained":[{"floor":8.0,"key":"Mango"},{"floor":9.0,"key":"Thread and Needle"},{"floor":10.0,"key":"War Paint"},{"floor":11.0,"key":"Blue Candle"},{"floor":23.0,"key":"Whetstone"},{"floor":25.0,"key":"Kunai"},{"floor":26.0,"key":"PreservedInsect"},{"floor":31.0,"key":"Bag of Preparation"},{"floor":40.0,"key":"Strawberry"},{"floor":42.0,"key":"Ancient Tea Set"},{"floor":43.0,"key":"HornCleat"},{"floor":47.0,"key":"Anchor"}],"event_choices":[{"damage_healed":0.0,"max_hp_gain":0.0,"max_hp_loss":0.0,"gold_gain":175.0,"event_name":"Liars Game","player_choice":"AGREE","floor":2.0,"gold_loss":0.0,"damage_taken":0.0,"cards_obtained":["Doubt"]},{"damage_healed":0.0,"max_hp_gain":0.0,"max_hp_loss":0.0,"gold_gain":75.0,"event_name":"World of Goop","player_choice":"Gather Gold","floor":3.0,"gold_loss":0.0,"damage_taken":11.0},{"damage_healed":0.0,"max_hp_gain":0.0,"max_hp_loss":0.0,"gold_gain":0.0,"event_name":"Dead Adventurer","player_choice":"Searched \u00271\u0027 times","floor":11.0,"gold_loss":0.0,"damage_taken":0.0},{"cards_removed":["Strike_R"],"damage_healed":0.0,"max_hp_gain":0.0,"max_hp_loss":0.0,"gold_gain":0.0,"event_name":"Bonfire Elementals","player_choice":"Offered Basic","floor":13.0,"gold_loss":0.0,"damage_taken":0.0},{"damage_healed":0.0,"max_hp_gain":5.0,"max_hp_loss":0.0,"gold_gain":0.0,"event_name":"Forgotten Altar","player_choice":"Shed Blood","floor":19.0,"gold_loss":0.0,"damage_taken":24.0},{"damage_healed":0.0,"max_hp_gain":0.0,"max_hp_loss":0.0,"gold_gain":0.0,"event_name":"Addict","player_choice":"Obtained Relic","floor":21.0,"gold_loss":85.0,"damage_taken":0.0,"relics_obtained":["Lantern"]}],"is_beta":false,"boss_relics":[{"not_picked":["Astrolabe","Runic Pyramid"],"picked":"Mark of Pain"},{"not_picked":["SlaversCollar","SacredBark"],"picked":"Fusion Hammer"}],"items_purged_floors":[4,27,39],"is_endless":false,"potions_floor_spawned":[5,7,8,12,18,20,28,33,36,40,42,47,48],"ascension_level":7}}