{"host":"p6y17sixyu8q9v1f","time":1607777274,"event":{"mods":["BaseMod","Colored Map","Minty Spire (QoL Compilation)"],"gold_per_floor":[111,36,54,54,54,54,54,54,132,152,167,167,167,181,181,283,283,296,316,316,316,334,334,334],"floor_reached":23,"playtime":1715,"items_purged":["Clumsy"],"score":217,"play_id":"f5cba277-6929-409b-83b8-70e1b774ee42","local_time":"20201212064754","is_ascension_mode":true,"campfire_choices":[{"data":"Zap","floor":6,"key":"SMITH"},{"data":"Dualcast","floor":8,"key":"SMITH"},{"floor":13,"key":"REST"},{"data":"Redo","floor":15,"key":"SMITH"}],"circlet_count":0,"master_deck":["Strike_B","Strike_B+1","Strike_B","Strike_B","Defend_B","Defend_B","Defend_B+1","Defend_B","Zap+1","Dualcast+1","Doom and Gloom","Chaos+1","Redo+1","Glacier"],"relics":["Cracked Core","Emotion Chip","Potion Belt","Omamori","White Beast Statue","SacredBark"],"acts_visited":["Exordium","TheCity"],"potions_floor_usage":[19,19,22,22,23,23],"damage_taken":[{"damage":5,"enemies":"Cultist","floor":1,"turns":4},{"damage":0,"enemies":"Small Slimes","floor":3,"turns":2},{"damage":7,"enemies":"Jaw Worm","floor":10,"turns":2},{"damage":9,"enemies":"Red Slaver","floor":11,"turns":2},{"damage":6,"enemies":"Blue Slaver","floor":14,"turns":4},{"damage":6,"enemies":"The Guardian","floor":16,"turns":6},{"damage":23,"enemies":"Spheric Guardian","floor":18,"turns":4},{"damage":0,"enemies":"3 Byrds","floor":19,"turns":2},{"damage":15,"enemies":"Centurion and Healer","floor":22,"turns":3},{"damage":93,"enemies":"Gremlin Leader","floor":23,"turns":10}],"seed_played":"3544954855533476518","potions_obtained":[{"floor":1,"key":"SpeedPotion"},{"floor":10,"key":"FairyPotion"},{"floor":11,"key":"BlessingOfTheForge"},{"floor":14,"key":"FocusPotion"},{"floor":16,"key":"Block Potion"},{"floor":18,"key":"LiquidBronze"},{"floor":19,"key":"GamblersBrew"},{"floor":22,"key":"BlessingOfTheForge"}],"is_trial":false,"path_per_floor":["M","$","M","?","?","R","T","R","T","M","M","?","R","M","R","B",null,"M","M","?","?","M","E"],"character_chosen":"DEFECT","items_purchased":[],"campfire_rested":1,"item_purchase_floors":[],"current_hp_per_floor":[70,70,70,63,63,63,63,63,63,56,47,32,54,48,48,42,75,52,52,52,45,30,0,0],"gold":334,"neow_bonus":"ONE_RARE_RELIC","is_daily":false,"chose_seed":false,"campfire_upgraded":3,"win_rate":0.0,"timestamp":1607777274,"path_taken":["M","$","?","?","?","R","?","R","T","M","?","?","R","M","R","BOSS","M","M","?","?","M","E"],"items_purchased_type":[],"build_version":"2020-11-30","purchased_purges":1,"victory":false,"max_hp_per_floor":[75,75,75,75,75,75,75,75,75,75,75,75,75,75,75,75,75,75,75,75,75,75,75,75],"card_choices":[{"not_picked":["Go for the Eyes","Beam Cell"],"picked":"Doom and Gloom","floor":1},{"not_picked":["Hello World","Beam Cell"],"picked":"Chaos","floor":3},{"not_picked":["Scrape","Hologram","Sweeping Beam"],"picked":"SKIP","floor":10},{"not_picked":["Recycle","Steam Power","Hello World"],"picked":"SKIP","floor":11},{"not_picked":["Undo","Cold Snap"],"picked":"Redo","floor":14},{"not_picked":["Force Field","Storm","Turbo+1"],"picked":"SKIP","floor":18},{"not_picked":["Force Field","Storm","Turbo+1"],"picked":"SKIP","floor":18},{"not_picked":["Cold Snap","Go for the Eyes"],"picked":"Glacier","floor":19},{"not_picked":["Ball Lightning+1","Go for the Eyes","Beam Cell"],"picked":"SKIP","floor":22}],"player_experience":736182,"relics_obtained":[{"floor":7,"key":"Omamori"},{"floor":9,"key":"White Beast Statue"}],"event_choices":[{"damage_healed":0,"gold_gain":0,"player_choice":"Success","damage_taken":7,"relics_obtained":["Potion Belt"],"max_hp_gain":0,"max_hp_loss":0,"event_name":"Scrap Ooze","floor":4,"gold_loss":0},{"damage_healed":0,"gold_gain":0,"player_choice":"Grow","damage_taken":0,"max_hp_gain":0,"max_hp_loss":0,"event_name":"Living Wall","floor":5,"gold_loss":0,"cards_upgraded":["Chaos"]},{"damage_healed":0,"gold_gain":0,"player_choice":"Entered Light","damage_taken":15,"max_hp_gain":0,"max_hp_loss":0,"event_name":"Shining Light","floor":12,"gold_loss":0,"cards_upgraded":["Strike_B","Defend_B"]},{"damage_healed":0,"gold_gain":0,"player_choice":"Ignored","damage_taken":0,"max_hp_gain":0,"max_hp_loss":0,"event_name":"Vampires","floor":20,"gold_loss":0},{"damage_healed":0,"gold_gain":0,"player_choice":"Damaged","damage_taken":7,"max_hp_gain":0,"max_hp_loss":0,"event_name":"Wheel of Change","floor":21,"gold_loss":0}],"is_beta":false,"boss_relics":[{"not_picked":["Astrolabe","Runic Pyramid"],"picked":"SacredBark"}],"items_purged_floors":[2],"is_endless":false,"potions_floor_spawned":[1,10,11,14,16,18,19,22],"killed_by":"Gremlin Leader","ascension_level":4}}