{"host":"dij4iqdhjit0agg1","time":1607762113,"event":{"mods":["Act Like it!","BaseMod","Better Note","Colored Powertips","Minty Spire (QoL Compilation)","Permanent Neow","Rare Cards Sparkle","StSLib","The Servant 0.9.4"],"gold_per_floor":[114,133,151,21,0,18,18,18,18,18,18,41,41,41,41,160,160,174,174,354,377,400,400,425,425,452,475,16,34,34,34,34,157,157,173,196,196,196],"floor_reached":37,"playtime":2822,"items_purged":[],"score":383,"play_id":"141a2e08-f4c2-42a5-9192-c311fdac17d2","local_time":"20201212093513","is_ascension_mode":false,"campfire_choices":[{"floor":7,"key":"REST"},{"data":"Bash","floor":10,"key":"SMITH"},{"floor":15,"key":"REST"},{"floor":23,"key":"REST"},{"floor":32,"key":"REST"}],"circlet_count":0,"master_deck":["Strike_R","Strike_R","Strike_R","Defend_R","Defend_R","Defend_R","Bash+1","Flex","Body Slam","Flex","Shrug It Off","Fire Breathing","Inflame","Armaments+1","Bloodletting+1","Limit Break+1","Heavy Blade","Pommel Strike+1","Hemokinesis","Fire Breathing","Flash of Steel","Brutality","Ghostly Armor+1","Whirlwind+1"],"relics":["Black Blood","Bottled Flame","Toxic Egg 2","Odd Mushroom","Golden Idol","Spirit Poop","Boot","Toy Ornithopter","Ornamental Fan","Velvet Choker"],"acts_visited":["Exordium","TheCity","TheBeyond"],"potions_floor_usage":[16,18,24,28,35],"damage_taken":[{"damage":15,"enemies":"Jaw Worm","floor":1,"turns":5},{"damage":7,"enemies":"2 Louse","floor":2,"turns":2},{"damage":12,"enemies":"Small Slimes","floor":3,"turns":3},{"damage":2,"enemies":"Looter","floor":5,"turns":4},{"damage":18,"enemies":"2 Fungi Beasts","floor":6,"turns":4},{"damage":22,"enemies":"The Mushroom Lair","floor":12,"turns":6},{"damage":30,"enemies":"Slime Boss","floor":16,"turns":11},{"damage":19,"enemies":"Shell Parasite","floor":18,"turns":4},{"damage":17,"enemies":"Chosen","floor":21,"turns":6},{"damage":37,"enemies":"Snake Plant","floor":22,"turns":6},{"damage":50,"enemies":"Shelled Parasite and Fungi","floor":24,"turns":7},{"damage":42,"enemies":"Centurion and Healer","floor":27,"turns":7},{"damage":22,"enemies":"Chosen and Byrds","floor":29,"turns":6},{"damage":59,"enemies":"Champ","floor":33,"turns":11},{"damage":26,"enemies":"3 Shapes","floor":35,"turns":3},{"damage":64,"enemies":"3 Darklings","floor":36,"turns":7},{"damage":24,"enemies":"Jaw Worm Horde","floor":37,"turns":1}],"seed_played":"-8278045114879785347","potions_obtained":[{"floor":2,"key":"Explosive Potion"},{"floor":6,"key":"FairyPotion"},{"floor":12,"key":"Explosive Potion"},{"floor":16,"key":"Swift Potion"},{"floor":21,"key":"SteroidPotion"},{"floor":24,"key":"FairyPotion"}],"is_trial":false,"path_per_floor":["M","M","M","$","M","M","R","?","T","R","T","?","?","?","R","B",null,"M","?","?","M","M","R","M","?","T","M","$","M","$","?","R","B",null,"M","M","M"],"character_chosen":"IRONCLAD","items_purchased":["Shrug It Off","Fire Breathing","Toy Ornithopter","Ornamental Fan","BloodPotion"],"campfire_rested":4,"item_purchase_floors":[4,4,28,28,28],"current_hp_per_floor":[47,46,40,40,44,32,56,49,49,49,49,33,33,33,57,33,80,73,73,54,49,24,48,36,36,36,32,53,43,43,43,67,20,80,66,14,0,0],"gold":196,"neow_bonus":"REMOVE_TWO","is_daily":false,"chose_seed":false,"campfire_upgraded":1,"win_rate":0.0,"timestamp":1607762113,"path_taken":["M","M","M","$","M","M","R","?","T","R","?","?","?","?","R","BOSS","M","?","?","?","M","R","M","?","T","M","$","M","$","?","R","BOSS","M","M","M"],"items_purchased_type":["Card","Card","Relic","Relic","Potion"],"build_version":"2020-11-30","purchased_purges":0,"victory":false,"max_hp_per_floor":[80,80,80,80,80,80,80,80,80,80,80,80,80,80,80,80,80,80,80,80,80,80,80,80,80,80,80,80,80,80,80,80,80,80,80,80,80,80],"card_choices":[{"not_picked":["Twin Strike","Flame Barrier"],"picked":"Flex","floor":1},{"not_picked":["Bloodletting","Whirlwind"],"picked":"Body Slam","floor":2},{"not_picked":["Second Wind","Carnage"],"picked":"Flex","floor":3},{"not_picked":["Juggernaut","Dropkick"],"picked":"Inflame","floor":5},{"not_picked":["Body Slam","Flex"],"picked":"Armaments","floor":6},{"not_picked":["Headbutt","Anger"],"picked":"Bloodletting+1","floor":12},{"not_picked":["Impervious+1","Feed"],"picked":"Limit Break+1","floor":16},{"not_picked":["Flex+1","Havoc+1","Disarm+1"],"picked":"SKIP","floor":18},{"not_picked":["Iron Wave+1","Cleave+1"],"picked":"Heavy Blade","floor":21},{"not_picked":["Armaments+1","Body Slam","Anger"],"picked":"SKIP","floor":22},{"not_picked":["Dual Wield+1","Clothesline","Perfected Strike"],"picked":"SKIP","floor":24},{"not_picked":["Clothesline","Thunderclap","Dark Embrace+1"],"picked":"SKIP","floor":27},{"not_picked":["Heavy Blade","Thunderclap"],"picked":"Hemokinesis","floor":29},{"not_picked":["Barricade","Bludgeon"],"picked":"Brutality","floor":33},{"not_picked":["Clash","Clothesline+1"],"picked":"Ghostly Armor+1","floor":35},{"not_picked":["Seeing Red+1","Infernal Blade+1"],"picked":"Whirlwind+1","floor":36}],"player_experience":869097,"relics_obtained":[{"floor":9,"key":"Bottled Flame"},{"floor":11,"key":"Toxic Egg 2"},{"floor":12,"key":"Odd Mushroom"},{"floor":26,"key":"Boot"}],"event_choices":[{"cards_removed":["Strike_R"],"damage_healed":0,"gold_gain":0,"player_choice":"Card Removal","damage_taken":7,"max_hp_gain":0,"max_hp_loss":0,"event_name":"Golden Wing","floor":8,"gold_loss":0},{"damage_healed":0,"gold_gain":0,"player_choice":"Fought Mushrooms","damage_taken":0,"max_hp_gain":0,"max_hp_loss":0,"event_name":"Mushrooms","floor":12,"gold_loss":0},{"damage_healed":0,"gold_gain":0,"player_choice":"Grow","damage_taken":0,"max_hp_gain":0,"max_hp_loss":0,"event_name":"Living Wall","floor":13,"gold_loss":0,"cards_upgraded":["Armaments"]},{"damage_healed":0,"gold_gain":0,"player_choice":"Take Wound","damage_taken":0,"relics_obtained":["Golden Idol"],"max_hp_gain":0,"max_hp_loss":0,"event_name":"Golden Idol","floor":14,"gold_loss":0,"cards_obtained":["Injury"]},{"cards_removed":["Injury"],"damage_healed":0,"gold_gain":0,"player_choice":"Offered Curse","damage_taken":0,"relics_obtained":["Spirit Poop"],"max_hp_gain":0,"max_hp_loss":0,"event_name":"Bonfire Elementals","floor":19,"gold_loss":0},{"damage_healed":0,"gold_gain":180,"player_choice":"GOLD GOLD ","damage_taken":19,"max_hp_gain":0,"max_hp_loss":0,"event_name":"Knowing Skull","floor":20,"potions_obtained":[],"gold_loss":0,"cards_obtained":[]},{"cards_removed":["Limit Break"],"damage_healed":0,"gold_gain":0,"player_choice":"Take \u0026 Give","damage_taken":0,"max_hp_gain":0,"max_hp_loss":0,"event_name":"betterNote:BetterNote","floor":25,"gold_loss":0,"cards_obtained":["Pommel Strike"]},{"damage_healed":0,"gold_gain":0,"player_choice":"2 cards matched","damage_taken":0,"max_hp_gain":0,"max_hp_loss":0,"event_name":"Match and Keep!","floor":31,"gold_loss":0,"cards_obtained":["Fire Breathing","Flash of Steel"]}],"is_beta":false,"boss_relics":[{"not_picked":["Fusion Hammer","Runic Cube"],"picked":"Black Blood"},{"not_picked":["SacredBark","Tiny House"],"picked":"Velvet Choker"}],"items_purged_floors":[],"is_endless":false,"potions_floor_spawned":[2,6,12,16,21,24],"killed_by":"Jaw Worm Horde","ascension_level":0}}