{"host":"zksvs3x2ysy9npnz","time":1607732561,"event":{"mods":["Aspiration","BaseMod","Beaked The Cultist","BetterRewards","Colored Map","Conspire","Duelist Mod","Halation","Highlight Path","Hubris","Infinite Spire","Jedi Mod","Minty Spire (QoL Compilation)","Permanent Neow","Quick Restart","Relic Stats","Replay The Spire","Retaliation","Shop Mod","StSLib"],"gold_per_floor":[141,141,141,156,161,188,195,205,232,232,230,230,241,241,241,305,305,316,316,316,315,319,319,319,328,328,308,308],"floor_reached":27,"playtime":2198,"items_purged":[],"score":516,"play_id":"d8efce03-4592-4860-bb54-32c4c21b1580","local_time":"20201212012241","is_ascension_mode":true,"campfire_choices":[{"floor":10.0,"key":"REST"},{"data":"theDuelist:SafeZone","floor":12.0,"key":"SMITH"},{"floor":15.0,"key":"REST"},{"data":"theDuelist:StarlightRoad","floor":19.0,"key":"SMITH"},{"data":"theDuelist:PowerKaishin","floor":23.0,"key":"SMITH"},{"data":"theDuelist:SafeZone+1","floor":24.0,"key":"SMITH"}],"circlet_count":0,"master_deck":["hubris:Despair","theDuelist:YamataDragon+1","theDuelist:Sparks","hubris:Despair","theDuelist:Yami","theDuelist:PowerKaishin+1","theDuelist:WingedKuribohLv10","theDuelist:CastleWalls","theDuelist:MysticalElf","theDuelist:CastleWalls","theDuelist:NeoMagic","theDuelist:BabyDragon+1","hubris:Greed","theDuelist:RockSunrise","theDuelist:SphereKuriboh","theDuelist:SafeZone+2","theDuelist:ApprenticeIllusionMagician","theDuelist:StarlightRoad+1","theDuelist:CursedBill","theDuelist:BlizzardPrincess","AscendersBane","theDuelist:Sparks","theDuelist:DarkMagician","theDuelist:LesserDragon+1"],"relics":["theDuelist:MillenniumPuzzle","theDuelist:CardPoolRelic","theDuelist:CardPoolBasicRelic","theDuelist:BoosterPackPoolRelic","theDuelist:CardPoolAddRelic","theDuelist:CardPoolMinusRelic","theDuelist:CardPoolSaveRelic","theDuelist:CardPoolOptionsRelic","Regal Pillow","Potion Belt","theDuelist:MillenniumRod","jedi:arcanewood","infinitespire:CursedDice","jedi:shrinkray","Replay:Ancient Bell","Blood Vial","theDuelist:BoosterPackSpellEgg","theDuelist:ElectricToken","hubris:BottledHeart","Question Card"],"acts_visited":["Exordium","TheCity"],"potions_floor_usage":[25],"damage_taken":[{"damage":0.0,"enemies":"Cultist","floor":1.0,"turns":3.0},{"damage":0.0,"enemies":"Jaw Worm","floor":4.0,"turns":4.0},{"damage":13.0,"enemies":"infinitespire:Voidling","floor":5.0,"turns":4.0},{"damage":13.0,"enemies":"3 Sentries","floor":6.0,"turns":9.0},{"damage":0.0,"enemies":"Lots of Slimes","floor":7.0,"turns":8.0},{"damage":13.0,"enemies":"Gremlin Nob","floor":8.0,"turns":4.0},{"damage":9.0,"enemies":"Large Slime","floor":11.0,"turns":10.0},{"damage":22.0,"enemies":"Exordium Thugs","floor":13.0,"turns":7.0},{"damage":29.0,"enemies":"The Guardian","floor":16.0,"turns":16.0},{"damage":17.0,"enemies":"Shell Parasite","floor":18.0,"turns":9.0},{"damage":0.0,"enemies":"Chosen","floor":21.0,"turns":4.0},{"damage":0.0,"enemies":"Snake Plant","floor":22.0,"turns":7.0},{"damage":10,"enemies":"Chosen and Byrds","floor":25,"turns":7},{"damage":2,"enemies":"Centurion and Healer","floor":27,"turns":7}],"seed_played":"3182974176681932239","potions_obtained":[{"floor":6.0,"key":"theDuelist:CoolBottle"},{"floor":7.0,"key":"Swift Potion"},{"floor":14.0,"key":"theDuelist:BottledKuriboh"},{"floor":14.0,"key":"theDuelist:BurningPotionB"},{"floor":16.0,"key":"jedi:wingpotion"},{"floor":21.0,"key":"Explosive Potion"}],"is_trial":false,"path_per_floor":["M","?","?","M","M","E","M","E","T","R","M","R","M","?","R","B",null,"M","R","?","M","M","R","R","M","T","M"],"character_chosen":"THE_DUELIST","items_purchased":[],"campfire_rested":2,"item_purchase_floors":[],"current_hp_per_floor":[63,58,58,58,54,41,41,28,28,64,55,55,33,33,69,40,63,48,48,1,1,1,1,1,1,1,0,0],"gold":308,"neow_bonus":"RANDOM_COMMON_RELIC","is_daily":false,"chose_seed":false,"campfire_upgraded":4,"win_rate":0.0,"timestamp":1607732561,"path_taken":["M","?","?","M","M","E","M","E","T","R","?","R","?","?","R","BOSS","M","?","?","M","M","R","R","?","T","M"],"items_purchased_type":[],"build_version":"2020-11-30","purchased_purges":0,"victory":false,"max_hp_per_floor":[70,70,70,70,70,70,70,70,70,70,70,70,70,70,70,70,70,70,70,1,1,1,1,1,1,1,1,1],"relic_stats":{"Blood Vial":2,"Regal Pillow":30,"counters":[14,98],"Question Card":0,"obtain_stats":[{"Potion Belt":2,"Regal Pillow":0,"theDuelist:MillenniumRod":3,"infinitespire:CursedDice":8,"theDuelist:BoosterPackSpellEgg":17,"Replay:Ancient Bell":17,"theDuelist:MillenniumPuzzle":0,"theDuelist:CardPoolSaveRelic":0,"Question Card":26,"jedi:shrinkray":9,"Blood Vial":17,"theDuelist:BoosterPackPoolRelic":0,"theDuelist:CardPoolMinusRelic":0,"theDuelist:ElectricToken":17,"hubris:BottledHeart":20,"theDuelist:CardPoolBasicRelic":0,"theDuelist:CardPoolAddRelic":0,"theDuelist:CardPoolOptionsRelic":0,"jedi:arcanewood":6,"theDuelist:CardPoolRelic":0},{"Potion Belt":1,"Regal Pillow":0,"theDuelist:MillenniumRod":1,"infinitespire:CursedDice":6,"theDuelist:BoosterPackSpellEgg":9,"Replay:Ancient Bell":9,"theDuelist:MillenniumPuzzle":0,"theDuelist:CardPoolSaveRelic":0,"Question Card":13,"jedi:shrinkray":6,"Blood Vial":9,"theDuelist:BoosterPackPoolRelic":0,"theDuelist:CardPoolMinusRelic":0,"theDuelist:ElectricToken":9,"hubris:BottledHeart":10,"theDuelist:CardPoolBasicRelic":0,"theDuelist:CardPoolAddRelic":0,"theDuelist:CardPoolOptionsRelic":0,"jedi:arcanewood":4,"theDuelist:CardPoolRelic":0},{"Potion Belt":3,"Regal Pillow":0,"theDuelist:MillenniumRod":3,"infinitespire:CursedDice":31,"theDuelist:BoosterPackSpellEgg":64,"Replay:Ancient Bell":64,"theDuelist:MillenniumPuzzle":0,"theDuelist:CardPoolSaveRelic":0,"Question Card":91,"jedi:shrinkray":31,"Blood Vial":64,"theDuelist:BoosterPackPoolRelic":0,"theDuelist:CardPoolMinusRelic":0,"theDuelist:ElectricToken":64,"hubris:BottledHeart":73,"theDuelist:CardPoolBasicRelic":0,"theDuelist:CardPoolAddRelic":0,"theDuelist:CardPoolOptionsRelic":0,"jedi:arcanewood":20,"theDuelist:CardPoolRelic":0}]},"card_choices":[{"not_picked":["theDuelist:SpellShatteringArrow","theDuelist:Earthquake","theDuelist:DefenseZone","theDuelist:OnslaughtFireKings"],"picked":"theDuelist:PowerKaishin","floor":1.0},{"not_picked":["theDuelist:MagiciansRobe","theDuelist:TotemDragon","theDuelist:Berserking","theDuelist:MiraculousDescent"],"picked":"theDuelist:Yami","floor":4.0},{"not_picked":["theDuelist:WormWarlord","theDuelist:FeatherPho","theDuelist:PowerGiant","theDuelist:BattleguardKing"],"picked":"theDuelist:RockSunrise","floor":5.0},{"not_picked":["theDuelist:AltarTribute","theDuelist:StarlightRoad","theDuelist:ScrapIronScarecrow","theDuelist:DefenseDraw"],"picked":"theDuelist:SafeZone","floor":6.0},{"not_picked":["theDuelist:ArmageddonDragonEmp","theDuelist:SauropodBrachion","theDuelist:AmuletDragon","theDuelist:DoomkaiserDragon"],"picked":"theDuelist:BlizzardPrincess","floor":7.0},{"not_picked":["theDuelist:Pyrorex","theDuelist:BabyDragon","theDuelist:AncientPixieDragon","theDuelist:DragonPiper"],"picked":"theDuelist:ApprenticeIllusionMagician","floor":8.0},{"not_picked":["theDuelist:GilfordLegend","theDuelist:ReinforcementsArmy","theDuelist:MillenniumShield","theDuelist:Solidarity"],"picked":"theDuelist:WingedKuribohLv10","floor":11.0},{"not_picked":["theDuelist:BattleguardKing","theDuelist:GauntletWarrior","theDuelist:MudGolem","theDuelist:RainbowOverdragon","theDuelist:Blockman"],"picked":"SKIP","floor":13.0},{"not_picked":["hubris:Lust","Overencumbered"],"picked":"hubris:Despair","floor":17.0},{"not_picked":["Regret","Pain"],"picked":"hubris:Greed","floor":17.0},{"not_picked":["Overencumbered","theDuelist:CurseArmaments"],"picked":"hubris:Despair","floor":17.0},{"not_picked":["theDuelist:AltarTribute","theDuelist:ScrapIronScarecrow","theDuelist:SafeZone","theDuelist:DefenseDraw"],"picked":"theDuelist:StarlightRoad","floor":18.0},{"not_picked":["theDuelist:PowerGiant","theDuelist:WeepingIdol","theDuelist:FuryFire+1","theDuelist:BlueBloodedOni"],"picked":"theDuelist:SphereKuriboh","floor":21.0},{"not_picked":["theDuelist:ExodiaNecross","theDuelist:IrisEarthMother","theDuelist:RainbowMagician","theDuelist:BlasterDragonInfernos","theDuelist:ArmedProtectorDragon"],"picked":"SKIP","floor":22.0},{"not_picked":["theDuelist:MaskedDragon","theDuelist:DarkDriceratops","theDuelist:CyberDragonVier","theDuelist:CloudianGhost","theDuelist:BlackBrutdrago"],"picked":"SKIP","floor":25}],"player_experience":1165290,"relics_obtained":[{"floor":6.0,"key":"jedi:arcanewood"},{"floor":8.0,"key":"infinitespire:CursedDice"},{"floor":9.0,"key":"jedi:shrinkray"},{"floor":26,"key":"Question Card"}],"event_choices":[{"damage_healed":0.0,"max_hp_gain":0.0,"max_hp_loss":0.0,"gold_gain":0.0,"event_name":"Scrap Ooze","player_choice":"Success","floor":2.0,"gold_loss":0.0,"damage_taken":5.0,"relics_obtained":["Potion Belt"]},{"damage_healed":0.0,"max_hp_gain":0.0,"max_hp_loss":0.0,"gold_gain":0.0,"event_name":"Millennium Items","player_choice":"Took item - Received: Millennium Rod","duelist":true,"floor":3.0,"gold_loss":0.0,"damage_taken":0.0},{"damage_healed":0.0,"max_hp_gain":0.0,"max_hp_loss":0.0,"gold_gain":0.0,"event_name":"Lab","player_choice":"Got Potions","floor":14.0,"gold_loss":0.0,"damage_taken":0.0}],"is_beta":false,"boss_relics":[{"not_picked":["halation:PinkAlligatorPlush","Snecko Scales"],"picked":"Replay:Ancient Bell"},{"not_picked":["ReplayTheSpireMod:TigerMarble","Replay:Bandana"],"picked":"Blood Vial"},{"not_picked":["hubris:PeanutButter","jedi:angrymask"],"picked":"theDuelist:BoosterPackSpellEgg"},{"not_picked":["CaptainsWheel","hubris:Spice"],"picked":"theDuelist:ElectricToken"}],"items_purged_floors":[],"is_endless":false,"potions_floor_spawned":[6,7,16,21],"killed_by":"Centurion and Healer","ascension_level":17}}