{"host":"ilxricga2547gmyy","time":1607815217,"event":{"mods":["AchievementEnabler","BaseMod","Minty Spire (QoL Compilation)","Quick Restart","StSLib"],"gold_per_floor":[113,132,142,153,55,55,88,88,88,120,120,143,143,163,163,261,261,281,299,299,299,299],"floor_reached":21,"playtime":689,"items_purged":[],"score":246,"play_id":"0aa86a5e-4ea0-47dc-abee-96d136596dc0","local_time":"20201213002017","is_ascension_mode":true,"campfire_choices":[{"floor":6,"key":"REST"},{"floor":8,"key":"REST"},{"floor":13,"key":"REST"},{"floor":15,"key":"RECALL"}],"circlet_count":0,"master_deck":["Strike_R","Strike_R","Strike_R","Defend_R","Defend_R","Defend_R","Bash","Combust","Spot Weakness","Pommel Strike","Shrug It Off","Intimidate","Thunderclap","Demon Form","Berserk","Fire Breathing+1","Brutality+1","Limit Break+1","Evolve","Dropkick"],"relics":["Fusion Hammer","Ginger","Eternal Feather","Mummified Hand","Red Skull","Odd Mushroom","Astrolabe"],"acts_visited":["Exordium","TheCity"],"potions_floor_usage":[10,10,18,18,19,19],"damage_taken":[{"damage":10,"enemies":"Small Slimes","floor":1,"turns":4},{"damage":3,"enemies":"Cultist","floor":2,"turns":3},{"damage":10,"enemies":"Jaw Worm","floor":3,"turns":3},{"damage":8,"enemies":"Looter","floor":4,"turns":2},{"damage":14,"enemies":"3 Sentries","floor":7,"turns":5},{"damage":32,"enemies":"Lagavulin","floor":10,"turns":6},{"damage":7,"enemies":"The Mushroom Lair","floor":12,"turns":2},{"damage":9,"enemies":"Blue Slaver","floor":14,"turns":3},{"damage":23,"enemies":"The Guardian","floor":16,"turns":9},{"damage":22,"enemies":"2 Thieves","floor":18,"turns":4},{"damage":4,"enemies":"Chosen","floor":19,"turns":3},{"damage":41,"enemies":"Snake Plant","floor":21,"turns":3}],"seed_played":"4740862142597225761","potions_obtained":[{"floor":2,"key":"EssenceOfSteel"},{"floor":3,"key":"EntropicBrew"},{"floor":7,"key":"Strength Potion"},{"floor":12,"key":"SkillPotion"},{"floor":19,"key":"Ancient Potion"}],"is_trial":false,"path_per_floor":["M","M","M","M","?","R","E","R","T","E","$","?","R","M","R","B",null,"M","M","?","M"],"character_chosen":"IRONCLAD","items_purchased":[],"campfire_rested":3,"item_purchase_floors":[],"current_hp_per_floor":[62,59,49,41,41,65,51,80,80,48,48,41,74,65,74,51,73,51,56,41,0,0],"gold":299,"neow_bonus":"BOSS_RELIC","is_daily":false,"chose_seed":false,"campfire_upgraded":0,"win_rate":0.0,"timestamp":1607815217,"path_taken":["M","M","M","M","?","R","E","R","T","E","?","?","R","M","R","BOSS","M","M","?","M"],"items_purchased_type":[],"build_version":"2020-11-30","purchased_purges":0,"victory":false,"max_hp_per_floor":[80,80,80,80,80,80,80,80,80,80,80,80,80,80,80,80,80,80,80,85,85,85],"card_choices":[{"not_picked":["Wild Strike","Armaments"],"picked":"Combust","floor":1},{"not_picked":["Ghostly Armor","True Grit"],"picked":"Spot Weakness","floor":2},{"not_picked":["Anger","Havoc"],"picked":"Pommel Strike","floor":3},{"not_picked":["Intimidate","Bloodletting"],"picked":"Shrug It Off","floor":4},{"not_picked":["Thunderclap","Feel No Pain"],"picked":"Intimidate","floor":7},{"not_picked":["Entrench","True Grit"],"picked":"Thunderclap","floor":10},{"not_picked":["Clash","Body Slam"],"picked":"Demon Form","floor":12},{"not_picked":["Armaments","Sword Boomerang","Twin Strike"],"picked":"SKIP","floor":14},{"not_picked":["Impervious","Bludgeon"],"picked":"Berserk","floor":16},{"not_picked":["Searing Blow","Thunderclap"],"picked":"Evolve","floor":18},{"not_picked":["Iron Wave+1","Headbutt"],"picked":"Dropkick","floor":19}],"player_experience":203325,"relics_obtained":[{"floor":7,"key":"Eternal Feather"},{"floor":9,"key":"Mummified Hand"},{"floor":10,"key":"Red Skull"},{"floor":12,"key":"Odd Mushroom"}],"event_choices":[{"damage_healed":0,"gold_gain":0,"player_choice":"Paid Gold","damage_taken":0,"relics_obtained":["Ginger"],"max_hp_gain":0,"max_hp_loss":0,"event_name":"WeMeetAgain","floor":5,"gold_loss":98},{"damage_healed":0,"gold_gain":0,"player_choice":"Fought Mushrooms","damage_taken":0,"max_hp_gain":0,"max_hp_loss":0,"event_name":"Mushrooms","floor":12,"gold_loss":0},{"damage_healed":0,"gold_gain":0,"player_choice":"Shed Blood","damage_taken":20,"max_hp_gain":5,"max_hp_loss":0,"event_name":"Forgotten Altar","floor":20,"gold_loss":0}],"is_beta":false,"boss_relics":[{"not_picked":["Velvet Choker","Black Star"],"picked":"Astrolabe"}],"items_purged_floors":[],"is_endless":false,"potions_floor_spawned":[2,3,7,12,19],"killed_by":"Snake Plant","ascension_level":6}}