{"host":"1hv1kueuvc4r3rdp","time":1607749702,"event":{"mods":["AchievementEnabler","BaseMod","DeckTracker","Highlight Path","Minty Spire (QoL Compilation)","Permanent Neow","StSLib"],"gold_per_floor":[110,122,141,156,167,198,198,163,163,189,189,364,68,96,96,201,201,216,240,260,271,251,283,283,317,317,317,9,34,34,48,48,48,48],"floor_reached":33,"playtime":1914,"items_purged":["Doubt"],"score":379,"play_id":"1afaaa7e-e0cc-40be-be51-4aeec8280808","local_time":"20201211230822","is_ascension_mode":true,"campfire_choices":[{"data":"Skewer","floor":7,"key":"SMITH"},{"data":"Deadly Poison","floor":11,"key":"SMITH"},{"floor":15,"key":"REST"},{"floor":24,"key":"REST"},{"floor":27,"key":"REST"},{"floor":30,"key":"REST"},{"data":"Envenom","floor":32,"key":"SMITH"}],"circlet_count":0,"master_deck":["Strike_G","Strike_G","Strike_G","Strike_G","Defend_G","Defend_G","Defend_G","Survivor","Neutralize","Deadly Poison+1","Skewer+1","Blade Dance","Dodge and Roll","Noxious Fumes","Crippling Poison","Envenom+1","Prepared+1","Concentrate+1","Leg Sweep+1","PiercingWail","Acrobatics","Bullet Time"],"relics":["Ring of the Snake","Tiny Chest","InkBottle","Bottled Lightning","Dream Catcher","Happy Flower","Tingsha","Astrolabe","Toy Ornithopter","Potion Belt","Pocketwatch","Ninja Scroll","Lantern","Bag of Preparation","Regal Pillow"],"acts_visited":["Exordium","TheCity"],"potions_floor_usage":[5,6,14,23,25,33],"damage_taken":[{"damage":0,"enemies":"Cultist","floor":1,"turns":4},{"damage":0,"enemies":"Small Slimes","floor":2,"turns":3},{"damage":0,"enemies":"2 Louse","floor":3,"turns":4},{"damage":0,"enemies":"Looter","floor":4,"turns":5},{"damage":0,"enemies":"Lots of Slimes","floor":5,"turns":1},{"damage":12,"enemies":"3 Sentries","floor":6,"turns":11},{"damage":6,"enemies":"Gremlin Nob","floor":10,"turns":3},{"damage":15,"enemies":"Lagavulin","floor":14,"turns":4},{"damage":17,"enemies":"Hexaghost","floor":16,"turns":9},{"damage":4,"enemies":"Chosen","floor":18,"turns":5},{"damage":2,"enemies":"Spheric Guardian","floor":20,"turns":5},{"damage":13,"enemies":"Snecko","floor":21,"turns":4},{"damage":32,"enemies":"Book of Stabbing","floor":23,"turns":6},{"damage":31,"enemies":"Slavers","floor":25,"turns":9},{"damage":0,"enemies":"Cultist and Chosen","floor":31,"turns":5},{"damage":88,"enemies":"Champ","floor":33,"turns":12}],"seed_played":"6535203781406434455","potions_obtained":[{"floor":2,"key":"Explosive Potion"},{"floor":3,"key":"DistilledChaos"},{"floor":4,"key":"Block Potion"},{"floor":16,"key":"LiquidMemories"},{"floor":18,"key":"SpeedPotion"},{"floor":22,"key":"LiquidBronze"},{"floor":23,"key":"FearPotion"}],"is_trial":false,"path_per_floor":["M","M","M","M","M","E","R","?","T","E","R","?","$","E","R","B",null,"M","T","M","M","?","E","R","E","T","R","$","T","R","M","R","B"],"character_chosen":"THE_SILENT","items_purchased":["Happy Flower","Noxious Fumes","Lantern","Bag of Preparation"],"campfire_rested":4,"item_purchase_floors":[13,13,28,28],"current_hp_per_floor":[70,70,70,70,70,58,58,58,58,52,52,52,52,37,58,41,63,59,59,57,44,44,17,38,12,12,33,33,33,69,69,69,0,0],"gold":48,"neow_bonus":"RANDOM_COMMON_RELIC","is_daily":false,"chose_seed":false,"campfire_upgraded":3,"win_rate":0.0,"timestamp":1607749702,"path_taken":["M","?","M","M","M","E","R","?","T","E","R","?","$","E","R","BOSS","M","?","M","?","?","E","R","E","T","R","$","?","R","M","R","BOSS"],"items_purchased_type":["Relic","Card","Relic","Relic"],"build_version":"2020-11-30","purchased_purges":1,"victory":false,"max_hp_per_floor":[70,70,70,70,70,70,70,70,70,70,70,70,70,70,70,70,70,70,70,70,70,70,70,70,70,70,70,70,70,70,70,70,70,70],"card_choices":[{"not_picked":["Deflect","Acrobatics"],"picked":"Deadly Poison","floor":1},{"not_picked":["Infinite Blades","Leg Sweep","Prepared"],"picked":"SKIP","floor":2},{"not_picked":["Deflect","Underhanded Strike","Prepared"],"picked":"SKIP","floor":3},{"not_picked":["Dodge and Roll","Acrobatics"],"picked":"Skewer","floor":4},{"not_picked":["Infinite Blades","Underhanded Strike"],"picked":"Blade Dance","floor":5},{"not_picked":["Calculated Gamble","Dagger Throw","Underhanded Strike"],"picked":"SKIP","floor":6},{"not_picked":["Finisher","Dagger Throw"],"picked":"Dodge and Roll","floor":10},{"not_picked":["Predator","Reflex","Storm of Steel"],"picked":"SKIP","floor":14},{"not_picked":["Sucker Punch","Concentrate"],"picked":"Crippling Poison","floor":15},{"not_picked":["Adrenaline","After Image"],"picked":"Envenom","floor":16},{"not_picked":["Quick Slash","Slice","Dodge and Roll"],"picked":"SKIP","floor":18},{"not_picked":["Accuracy","Deadly Poison"],"picked":"PiercingWail","floor":20},{"not_picked":["Sucker Punch","Outmaneuver","Terror"],"picked":"SKIP","floor":21},{"not_picked":["Noxious Fumes","Accuracy+1"],"picked":"Acrobatics","floor":23},{"not_picked":["Bane+1","Crippling Poison"],"picked":"Bullet Time","floor":25},{"not_picked":["Backflip","Bane","Blade Dance"],"picked":"SKIP","floor":31}],"player_experience":966406,"relics_obtained":[{"floor":6,"key":"InkBottle"},{"floor":9,"key":"Bottled Lightning"},{"floor":10,"key":"Dream Catcher"},{"floor":14,"key":"Tingsha"},{"floor":19,"key":"Toy Ornithopter"},{"floor":23,"key":"Potion Belt"},{"floor":25,"key":"Pocketwatch"},{"floor":26,"key":"Ninja Scroll"},{"floor":29,"key":"Regal Pillow"}],"event_choices":[{"damage_healed":0,"gold_gain":0,"player_choice":"Left Gold","damage_taken":0,"max_hp_gain":0,"max_hp_loss":0,"event_name":"World of Goop","floor":8,"gold_loss":35},{"damage_healed":0,"gold_gain":175,"player_choice":"AGREE","damage_taken":0,"max_hp_gain":0,"max_hp_loss":0,"event_name":"Liars Game","floor":12,"gold_loss":0,"cards_obtained":["Doubt"]},{"damage_healed":0,"gold_gain":0,"player_choice":"Bought 1 Potion","damage_taken":0,"max_hp_gain":0,"max_hp_loss":0,"event_name":"The Woman in Blue","floor":22,"gold_loss":0}],"is_beta":false,"boss_relics":[{"not_picked":["Fusion Hammer","Ectoplasm"],"picked":"Astrolabe"}],"items_purged_floors":[13],"is_endless":false,"potions_floor_spawned":[2,3,4,16,18,23],"killed_by":"Champ","ascension_level":5}}