{"host":"t8l92xzjkmihtain","time":1607758620,"event":{"mods":["AchievementEnabler","BaseMod","Colored Map","Minty Spire (QoL Compilation)","Rare Cards Sparkle","SuperFastMode","everything is the same but u backflip on backflip"],"gold_per_floor":[213,213,29,29,45,45,45,60,60,60,60,94,114,127,127,232,232,232,232,250,127,127,127,127,160,160,160,179,79,95,107,107,207,207,225,21,21,41,60,95,95,115,192,206,224,235,83,98,98,98],"floor_reached":51,"playtime":2570,"items_purged":["Regret","Defend_R"],"score":801,"play_id":"f86a3cba-4118-4363-93a1-9c545980dcc7","local_time":"20201212163700","is_ascension_mode":false,"campfire_choices":[{"data":"Apotheosis","floor":6,"key":"SMITH"},{"data":"Perfected Strike","floor":11,"key":"SMITH"},{"floor":15,"key":"REST"},{"floor":23,"key":"REST"},{"floor":27,"key":"REST"},{"floor":32,"key":"REST"},{"floor":49,"key":"REST"}],"circlet_count":0,"master_deck":["Strike_R","Strike_R","Strike_R","Strike_R","Strike_R","Defend_R","Defend_R","Defend_R","Bash","Perfected Strike+1","Apotheosis+1","Pommel Strike","Shrug It Off","Warcry+1","Pommel Strike","Perfected Strike","Ghostly+1","Ghostly+1","Ghostly+1","Ghostly+1","Ghostly+1","Perfected Strike+1","Berserk+1","Pommel Strike","Twin Strike","Madness+1","Madness+1","Pommel Strike+1","Perfected Strike+1","Enlightenment+1","Shrug It Off+1","Warcry+1","Perfected Strike","Ghostly+1","Perfected Strike+1"],"relics":["Burning Blood","Mango","Matryoshka","Frozen Egg 2","Toxic Egg 2","Fusion Hammer","Dream Catcher","Boot","Ginger","Sozu","Blood Vial","PreservedInsect","Oddly Smooth Stone","Question Card","DollysMirror"],"acts_visited":["Exordium","TheCity","TheBeyond"],"potions_floor_usage":[13,13,18,25,25,33,33],"damage_taken":[{"damage":7,"enemies":"2 Louse","floor":1,"turns":3},{"damage":12,"enemies":"Small Slimes","floor":5,"turns":4},{"damage":3,"enemies":"Jaw Worm","floor":8,"turns":2},{"damage":24,"enemies":"3 Sentries","floor":12,"turns":8},{"damage":14,"enemies":"Exordium Wildlife","floor":13,"turns":3},{"damage":17,"enemies":"3 Louse","floor":14,"turns":3},{"damage":53,"enemies":"Slime Boss","floor":16,"turns":12},{"damage":0,"enemies":"2 Thieves","floor":18,"turns":1},{"damage":19,"enemies":"Shell Parasite","floor":20,"turns":4},{"damage":33,"enemies":"Slavers","floor":25,"turns":6},{"damage":6,"enemies":"Chosen and Byrds","floor":28,"turns":5},{"damage":3,"enemies":"Cultist and Chosen","floor":30,"turns":5},{"damage":2,"enemies":"Snecko","floor":31,"turns":5},{"damage":42,"enemies":"Collector","floor":33,"turns":6},{"damage":20,"enemies":"3 Darklings","floor":35,"turns":6},{"damage":1,"enemies":"Orb Walker","floor":38,"turns":3},{"damage":0,"enemies":"Transient","floor":39,"turns":5},{"damage":6,"enemies":"Giant Head","floor":40,"turns":7},{"damage":4,"enemies":"Sphere and 2 Shapes","floor":42,"turns":4},{"damage":4,"enemies":"4 Shapes","floor":44,"turns":4},{"damage":3,"enemies":"Maw","floor":45,"turns":5},{"damage":12,"enemies":"Spire Growth","floor":46,"turns":4},{"damage":18,"enemies":"4 Shapes","floor":48,"turns":4},{"damage":31,"enemies":"Donu and Deca","floor":50,"turns":7}],"seed_played":"-2024820856764898365","potions_obtained":[{"floor":1,"key":"Energy Potion"},{"floor":12,"key":"AttackPotion"},{"floor":14,"key":"SmokeBomb"},{"floor":16,"key":"SkillPotion"},{"floor":20,"key":"ColorlessPotion"},{"floor":28,"key":"PowerPotion"},{"floor":31,"key":"Dexterity Potion"}],"is_trial":false,"path_per_floor":["M","?","$","?","M","R","?","M","T","?","R","E","M","M","R","B",null,"M","?","M","$","?","R","?","E","T","R","M","$","M","M","R","B",null,"M","$","?","M","M","E","?","M","T","M","M","M","$","M","R","B",null],"character_chosen":"IRONCLAD","items_purchased":["Apotheosis","Perfected Strike","Blood Vial","Twin Strike","DollysMirror"],"campfire_rested":5,"item_purchase_floors":[3,21,36,36,47],"current_hp_per_floor":[79,79,79,93,87,87,87,90,90,87,87,69,61,50,78,31,94,94,94,81,81,47,47,47,20,20,34,34,34,37,41,47,11,47,33,33,27,34,42,44,44,47,47,47,47,41,41,31,45,22],"gold":98,"neow_bonus":"HUNDRED_GOLD","is_daily":false,"chose_seed":false,"campfire_upgraded":2,"win_rate":0.0,"timestamp":1607758620,"path_taken":["M","?","$","?","M","R","?","?","T","?","R","E","M","M","R","BOSS","M","?","M","$","?","R","?","E","T","R","M","$","M","M","R","BOSS","M","$","?","M","M","E","?","M","T","M","M","M","$","M","R","BOSS"],"items_purchased_type":["Card","Card","Relic","Card","Relic"],"build_version":"2020-11-30","purchased_purges":2,"victory":true,"max_hp_per_floor":[80,80,80,94,94,94,94,94,94,94,94,94,94,94,94,94,94,94,94,94,94,47,47,47,47,47,47,47,47,47,47,47,47,47,47,47,47,47,47,47,47,47,47,47,47,47,47,47,47,47],"card_choices":[{"not_picked":["Thunderclap","Pommel Strike"],"picked":"Perfected Strike","floor":1},{"not_picked":["Anger","Thunderclap"],"picked":"Pommel Strike","floor":5},{"not_picked":["Reaper","Headbutt"],"picked":"Shrug It Off","floor":8},{"not_picked":["Feel No Pain+1","Barricade+1"],"picked":"Warcry+1","floor":12},{"not_picked":["Clash","Shockwave+1","Anger"],"picked":"SKIP","floor":13},{"not_picked":["Headbutt","True Grit+1","Thunderclap"],"picked":"SKIP","floor":14},{"not_picked":["True Grit+1","Rage+1"],"picked":"Pommel Strike","floor":20},{"not_picked":["Warcry+1","Spot Weakness+1","Armaments+1"],"picked":"SKIP","floor":25},{"not_picked":["Berserk+1","Pummel"],"picked":"Perfected Strike+1","floor":28},{"not_picked":["Shrug It Off+1","Inflame+1","Headbutt"],"picked":"SKIP","floor":30},{"not_picked":["Body Slam","Headbutt","Thunderclap"],"picked":"SKIP","floor":31},{"not_picked":["Feed","Bludgeon"],"picked":"Berserk+1","floor":33},{"not_picked":["Body Slam","Flex+1"],"picked":"Pommel Strike","floor":35},{"not_picked":["Sword Boomerang","Anger","Clash"],"picked":"SKIP","floor":38},{"not_picked":["Reckless Charge","Iron Wave+1"],"picked":"Pommel Strike+1","floor":39},{"not_picked":["Seeing Red+1","Reaper"],"picked":"Perfected Strike+1","floor":40},{"not_picked":["Dramatic Entrance","Sadistic Nature+1"],"picked":"Enlightenment+1","floor":41},{"not_picked":["Metallicize+1","True Grit+1","Headbutt+1"],"picked":"SKIP","floor":42},{"not_picked":["Seeing Red+1","Twin Strike+1","Carnage"],"picked":"Shrug It Off+1","floor":44},{"not_picked":["Clothesline","Fire Breathing+1","Heavy Blade+1"],"picked":"Warcry+1","floor":45},{"not_picked":["Metallicize+1","Shrug It Off+1","Headbutt+1"],"picked":"Perfected Strike","floor":46},{"not_picked":["Headbutt+1","True Grit+1","Reckless Charge","Flex+1"],"picked":"SKIP","floor":48},{"not_picked":["Reaper","Rupture+1","True Grit+1"],"picked":"Perfected Strike+1","floor":49}],"player_experience":9365,"relics_obtained":[{"floor":9,"key":"Matryoshka"},{"floor":12,"key":"Toxic Egg 2"},{"floor":25,"key":"Dream Catcher"},{"floor":26,"key":"Boot"},{"floor":26,"key":"Ginger"},{"floor":40,"key":"PreservedInsect"},{"floor":43,"key":"Oddly Smooth Stone"},{"floor":43,"key":"Question Card"}],"event_choices":[{"damage_healed":0,"gold_gain":0,"player_choice":"Ignored","damage_taken":0,"max_hp_gain":0,"max_hp_loss":0,"event_name":"Golden Idol","floor":2,"gold_loss":0},{"damage_healed":0,"gold_gain":0,"player_choice":"Box","damage_taken":0,"relics_obtained":["Mango"],"max_hp_gain":0,"max_hp_loss":0,"event_name":"Big Fish","floor":4,"gold_loss":0,"cards_obtained":["Regret"]},{"damage_healed":0,"gold_gain":0,"player_choice":"Leave","damage_taken":0,"max_hp_gain":0,"max_hp_loss":0,"event_name":"The Cleric","floor":7,"gold_loss":0},{"damage_healed":0,"gold_gain":0,"player_choice":"Success","damage_taken":3,"relics_obtained":["Frozen Egg 2"],"max_hp_gain":0,"max_hp_loss":0,"event_name":"Scrap Ooze","floor":10,"gold_loss":0},{"damage_healed":0,"gold_gain":0,"player_choice":"Ignored","damage_taken":0,"max_hp_gain":0,"max_hp_loss":0,"event_name":"Vampires","floor":19,"gold_loss":0},{"damage_healed":0,"gold_gain":0,"player_choice":"Became a Ghost","damage_taken":0,"max_hp_gain":0,"max_hp_loss":47,"event_name":"Ghosts","floor":22,"gold_loss":0,"cards_obtained":["Ghostly","Ghostly","Ghostly","Ghostly","Ghostly"]},{"damage_healed":0,"gold_gain":0,"player_choice":"0 cards matched","damage_taken":0,"max_hp_gain":0,"max_hp_loss":0,"event_name":"Match and Keep!","floor":24,"gold_loss":0,"cards_obtained":[]},{"damage_healed":0,"gold_gain":0,"player_choice":"Embrace Madness","damage_taken":6,"max_hp_gain":0,"max_hp_loss":0,"event_name":"Winding Halls","floor":37,"gold_loss":0,"cards_obtained":["Madness","Madness"]},{"damage_healed":0,"gold_gain":0,"player_choice":"Memory 1","damage_taken":0,"max_hp_gain":0,"max_hp_loss":0,"event_name":"SensoryStone","floor":41,"gold_loss":0}],"is_beta":false,"boss_relics":[{"not_picked":["Cursed Key","Tiny House"],"picked":"Fusion Hammer"},{"not_picked":["Black Star","Runic Dome"],"picked":"Sozu"}],"items_purged_floors":[21,29],"is_endless":false,"potions_floor_spawned":[1,12,14,16,20,28,31,35,38,40,45,46],"ascension_level":0}}