{"host":"7gewg82ormp6yt4e","time":1607765302,"event":{"mods":["BaseMod","Block Reminder","Colored Map","Colored Powertips","DeckTracker","Highlight Path","Minty Spire (QoL Compilation)","Relic Stats","StSLib"],"gold_per_floor":[110,35,35,35,54,329,329,341,367,367,28,98,117,117,117,190,190,208,208,208,228,260,260,260],"floor_reached":23,"playtime":1533,"items_purged":["Doubt"],"score":374,"play_id":"b77db615-38f7-41da-baf4-918b543a98ef","local_time":"20201212182822","is_ascension_mode":true,"campfire_choices":[{"data":"Burst","floor":7,"key":"SMITH"},{"floor":15,"key":"REST"}],"circlet_count":0,"master_deck":["AscendersBane","Strike_G","Strike_G","Defend_G","Defend_G","Defend_G","Survivor","Neutralize","Blur","Burst+1","Dagger Throw","PiercingWail","Poisoned Stab","Backflip","Bouncing Flask","PiercingWail","Malaise","Calculated Gamble","Tactician","All Out Attack+1","Reflex"],"relics":["Ring of the Snake","Toolbox","Lantern","Blue Candle","Dream Catcher","Empty Cage","Red Mask"],"acts_visited":["Exordium","TheCity"],"potions_floor_usage":[12,13],"damage_taken":[{"damage":20,"enemies":"Jaw Worm","floor":1,"turns":13},{"damage":0,"enemies":"Small Slimes","floor":5,"turns":7},{"damage":0,"enemies":"2 Louse","floor":8,"turns":5},{"damage":26,"enemies":"3 Sentries","floor":12,"turns":16},{"damage":4,"enemies":"Exordium Thugs","floor":13,"turns":8},{"damage":16,"enemies":"The Guardian","floor":16,"turns":11},{"damage":8,"enemies":"2 Thieves","floor":18,"turns":5},{"damage":1,"enemies":"Spheric Guardian","floor":21,"turns":7},{"damage":22,"enemies":"Masked Bandits","floor":22,"turns":5},{"damage":28,"enemies":"Book of Stabbing","floor":23,"turns":3}],"seed_played":"4458770035559027978","potions_obtained":[{"floor":1,"key":"Dexterity Potion"},{"floor":5,"key":"SteroidPotion"}],"is_trial":false,"path_per_floor":["M","$","?","?","M","?","R","M","T","?","$","E","M","?","R","B",null,"M","?","?","M","?","E"],"character_chosen":"THE_SILENT","items_purchased":["Toolbox","Lantern"],"campfire_rested":1,"item_purchase_floors":[11,11],"current_hp_per_floor":[39,39,39,44,44,44,44,44,44,37,37,11,7,7,28,12,56,48,48,48,47,25,0,0],"gold":260,"neow_bonus":"TRANSFORM_TWO_CARDS","is_daily":false,"chose_seed":false,"campfire_upgraded":1,"win_rate":0.0,"timestamp":1607765302,"path_taken":["M","$","?","?","M","?","R","?","T","?","$","E","M","?","R","BOSS","M","?","?","M","?","E"],"items_purchased_type":["Relic","Relic"],"build_version":"2020-11-30","purchased_purges":1,"victory":false,"max_hp_per_floor":[66,66,66,71,71,71,71,71,71,71,71,71,71,71,71,71,71,71,71,71,71,71,71,71],"relic_stats":{"Dream Catcher":1,"counters":[10,80],"Blue Candle":[0],"obtain_stats":[{"Lantern":11,"Dream Catcher":14,"Blue Candle":12,"Toolbox":11,"Red Mask":22,"Empty Cage":17,"Ring of the Snake":0},{"Lantern":3,"Dream Catcher":5,"Blue Candle":4,"Toolbox":3,"Red Mask":9,"Empty Cage":6,"Ring of the Snake":0},{"Lantern":25,"Dream Catcher":49,"Blue Candle":41,"Toolbox":25,"Red Mask":77,"Empty Cage":60,"Ring of the Snake":0}],"Ring of the Snake":[20]},"card_choices":[{"not_picked":["Sucker Punch","Slice"],"picked":"Dagger Throw","floor":1},{"not_picked":["Cloak And Dagger","Flechettes"],"picked":"Poisoned Stab","floor":5},{"not_picked":["Slice","PiercingWail"],"picked":"Backflip","floor":8},{"not_picked":["Dagger Throw","Venomology"],"picked":"Bouncing Flask","floor":12},{"not_picked":["Backflip","Dagger Spray"],"picked":"Crippling Poison","floor":13},{"not_picked":["Flying Knee","Quick Slash"],"picked":"PiercingWail","floor":15},{"not_picked":["Unload","Grand Finale"],"picked":"Malaise","floor":16},{"not_picked":["Blade Dance","PiercingWail"],"picked":"Calculated Gamble","floor":18},{"not_picked":["Concentrate","Masterful Stab"],"picked":"All Out Attack+1","floor":21},{"not_picked":["Underhanded Strike+1","Blade Dance"],"picked":"Reflex","floor":22}],"player_experience":2316765,"relics_obtained":[{"floor":12,"key":"Blue Candle"},{"floor":22,"key":"Red Mask"}],"event_choices":[{"damage_healed":0,"gold_gain":0,"cards_transformed":["Strike_G"],"player_choice":"Change","damage_taken":0,"max_hp_gain":0,"max_hp_loss":0,"event_name":"Living Wall","floor":3,"gold_loss":0,"cards_obtained":["PiercingWail"]},{"damage_healed":0,"gold_gain":0,"player_choice":"Donut","damage_taken":0,"max_hp_gain":5,"max_hp_loss":0,"event_name":"Big Fish","floor":4,"gold_loss":0},{"damage_healed":0,"gold_gain":275,"player_choice":"Desecrate","damage_taken":0,"max_hp_gain":0,"max_hp_loss":0,"event_name":"Golden Shrine","floor":6,"gold_loss":0,"cards_obtained":["Regret"]},{"cards_removed":["Regret"],"damage_healed":0,"gold_gain":0,"player_choice":"Card Removal","damage_taken":7,"max_hp_gain":0,"max_hp_loss":0,"event_name":"Golden Wing","floor":10,"gold_loss":0},{"cards_removed":["Crippling Poison"],"damage_healed":0,"gold_gain":0,"player_choice":"Gave Card","damage_taken":0,"relics_obtained":["Dream Catcher"],"max_hp_gain":0,"max_hp_loss":0,"event_name":"WeMeetAgain","floor":14,"gold_loss":0},{"damage_healed":0,"gold_gain":0,"player_choice":"Read","damage_taken":0,"max_hp_gain":0,"max_hp_loss":0,"event_name":"The Library","floor":19,"gold_loss":0,"cards_obtained":["Tactician"]},{"damage_healed":0,"gold_gain":0,"player_choice":"Ignored","damage_taken":0,"max_hp_gain":0,"max_hp_loss":0,"event_name":"Vampires","floor":20,"gold_loss":0},{"damage_healed":0,"gold_gain":0,"player_choice":"Fought Bandits","damage_taken":0,"max_hp_gain":0,"max_hp_loss":0,"event_name":"Masked Bandits","floor":22,"gold_loss":0}],"is_beta":false,"boss_relics":[{"not_picked":["SlaversCollar","WristBlade"],"picked":"Empty Cage"}],"items_purged_floors":[2],"is_endless":false,"potions_floor_spawned":[1,5,8],"killed_by":"Book of Stabbing","ascension_level":20}}