{"host":"t0dvmwh9w61bq0j7","time":1607784193,"event":{"mods":["2.2 Compatiblity","AchievementEnabler","BaseMod","Better Note","Block Reminder","Colored Map","DeckTracker","Highlight Path","Jorbs\u0027s Wanderer Trilogy","Minty Spire (QoL Compilation)","Random Character Button","Rare Cards Sparkle","Relic Stats","StSLib","The Cursed","The Judge","TheVacant","Transform Curses"],"gold_per_floor":[119,194,114,126,126,126,161,161,213,228,228,228,5,34,34,132,132,142,142,142,142,158,183,183,208,208,62,62,62,74,94,94,198,198,214,214,214,98,0,0,0,0],"floor_reached":41,"playtime":1767,"items_purged":["WordoMod:DefendCard"],"score":456,"play_id":"09ba9242-a484-4d50-bdd4-b0dccfc50218","local_time":"20201212154313","is_ascension_mode":false,"campfire_choices":[{"floor":6.0,"key":"RECALL"},{"floor":8.0,"key":"REST"},{"data":"WordoMod:Cataclysm","floor":11.0,"key":"SMITH"},{"data":"WordoMod:Unchained","floor":15.0,"key":"SMITH"},{"floor":28.0,"key":"REST"},{"floor":32.0,"key":"REST"},{"floor":40.0,"key":"REST"}],"circlet_count":0,"master_deck":["WordoMod:StrikeCard","WordoMod:StrikeCard","WordoMod:StrikeCard","WordoMod:DefendCard","WordoMod:DefendCard","WordoMod:DefendCard","WordoMod:Accursed","WordoMod:IllWill","WordoMod:Exorcism+1","WordoMod:Sickness","WordoMod:Infected","WordoMod:Cataclysm+1","WordoMod:Repent","WordoMod:Unchained","WordoMod:WillOWisp","WordoMod:Unchained+1","Decay","WordoMod:MorbidFascination","WordoMod:MementoMori","WordoMod:Retaliate+1","WordoMod:Combo","WordoMod:Reading+1","WordoMod:Hysteria","WordoMod:DarkForm","WordoMod:Penitence+1","Mind Blast","WordoMod:ICurseThee"],"relics":["WordoMod:Obsidian","WordoMod:Effigy","NeowsBlessing","Torii","Gremlin Horn","Juzu Bracelet","Blood Vial","Pocketwatch","Sozu","Nloth\u0027s Gift","Lizard Tail","Bronze Scales","Cursed Key","Red Mask"],"acts_visited":["Exordium","TheCity","TheBeyond"],"potions_floor_usage":[41],"damage_taken":[{"damage":0.0,"enemies":"2 Louse","floor":1.0,"turns":1.0},{"damage":0.0,"enemies":"Small Slimes","floor":4.0,"turns":1.0},{"damage":0.0,"enemies":"3 Sentries","floor":7.0,"turns":1.0},{"damage":1.0,"enemies":"Cultist","floor":10.0,"turns":3.0},{"damage":14.0,"enemies":"Lagavulin","floor":14.0,"turns":6.0},{"damage":11.0,"enemies":"The Guardian","floor":16.0,"turns":9.0},{"damage":2.0,"enemies":"Shell Parasite","floor":18.0,"turns":4.0},{"damage":20.0,"enemies":"2 Thieves","floor":22.0,"turns":3.0},{"damage":33.0,"enemies":"Gremlin Leader","floor":23.0,"turns":4.0},{"damage":21.0,"enemies":"Slavers","floor":25.0,"turns":3.0},{"damage":12.0,"enemies":"Snecko","floor":30.0,"turns":5.0},{"damage":16.0,"enemies":"Shelled Parasite and Fungi","floor":31.0,"turns":5.0},{"damage":72.0,"enemies":"Collector","floor":33.0,"turns":9.0},{"damage":17.0,"enemies":"Orb Walker","floor":35.0,"turns":3.0},{"damage":83,"enemies":"Giant Head","floor":41,"turns":7}],"seed_played":"-1668248491557639290","potions_obtained":[{"floor":4.0,"key":"Energy Potion"},{"floor":7.0,"key":"Regen Potion"},{"floor":10.0,"key":"SneckoOil"},{"floor":14.0,"key":"Fire Potion"}],"is_trial":false,"path_per_floor":["M","?","?","M","?","R","E","R","T","M","R","?","$","E","R","B",null,"M","?","?","?","M","E","?","E","T","$","R","?","M","M","R","B",null,"M","?","?","$","?","R","E"],"character_chosen":"JUDGE_CLASS","items_purchased":["WordoMod:Unchained","WordoMod:WillOWisp","Blood Vial","Bronze Scales","WordoMod:ICurseThee"],"campfire_rested":4,"item_purchase_floors":[13,13,13,27,38],"current_hp_per_floor":[75,64,64,64,64,64,64,75,75,74,74,67,67,55,55,46,75,73,73,73,73,55,24,24,5,5,5,27,27,17,3,25,19,75,58,58,53,53,53,75,0,0],"gold":0,"neow_bonus":"THREE_ENEMY_KILL","is_daily":false,"chose_seed":false,"campfire_upgraded":2,"win_rate":0.0,"timestamp":1607784193,"path_taken":["M","?","?","?","?","R","E","R","T","M","R","?","$","E","R","BOSS","M","?","?","?","M","E","?","E","T","$","R","?","M","M","R","BOSS","M","?","?","$","?","R","E"],"items_purchased_type":["Card","Card","Relic","Relic","Card"],"build_version":"2020-11-30","purchased_purges":1,"victory":false,"max_hp_per_floor":[75,75,75,75,75,75,75,75,75,75,75,75,75,75,75,75,75,75,75,75,75,75,75,75,75,75,75,75,75,75,75,75,75,75,75,75,75,75,75,75,75,75],"relic_stats":{"Blood Vial":16,"Sozu":3,"Lizard Tail":37,"Torii":31,"Gremlin Horn":[11,11],"counters":[15,64],"Bronze Scales":[72],"Juzu Bracelet":2,"Nloth\u0027s Gift":0,"Cursed Key":0,"obtain_stats":[{"WordoMod:Effigy":0,"NeowsBlessing":0,"Torii":3,"Gremlin Horn":7,"WordoMod:Obsidian":0,"Juzu Bracelet":9,"Cursed Key":34,"Blood Vial":13,"Sozu":17,"Lizard Tail":23,"Bronze Scales":27,"MealTicket":20,"Nloth\u0027s Gift":21,"Red Mask":39,"Pocketwatch":14},{"WordoMod:Effigy":0,"NeowsBlessing":0,"Torii":1,"Gremlin Horn":3,"WordoMod:Obsidian":0,"Juzu Bracelet":3,"Cursed Key":13,"Blood Vial":4,"Sozu":6,"Lizard Tail":9,"Bronze Scales":10,"MealTicket":7,"Nloth\u0027s Gift":7,"Red Mask":14,"Pocketwatch":5},{"WordoMod:Effigy":0,"NeowsBlessing":0,"Torii":1,"Gremlin Horn":3,"WordoMod:Obsidian":0,"Juzu Bracelet":3,"Cursed Key":54,"Blood Vial":6,"Sozu":21,"Lizard Tail":32,"Bronze Scales":35,"MealTicket":25,"Nloth\u0027s Gift":25,"Red Mask":57,"Pocketwatch":12}],"Pocketwatch":[36]},"card_choices":[{"not_picked":["WordoMod:SoulSpear","WordoMod:Rise"],"picked":"WordoMod:Exorcism","floor":1.0},{"not_picked":["WordoMod:LanternFlame","WordoMod:Retaliate"],"picked":"WordoMod:Sickness","floor":4.0},{"not_picked":["stsjorbsmod:Amnesia","Writhe"],"picked":"WordoMod:Infected","floor":7.0},{"not_picked":["WordoMod:BloodThinning","WordoMod:BurdenOfSin"],"picked":"WordoMod:Cataclysm","floor":7.0},{"not_picked":["WordoMod:SoulSpear","WordoMod:Malice"],"picked":"WordoMod:Repent","floor":10.0},{"not_picked":["WordoMod:Reading","WordoMod:LordOfTheFlies"],"picked":"WordoMod:Unchained","floor":14.0},{"not_picked":["Pain","Regret"],"picked":"Decay","floor":16.0},{"not_picked":["WordoMod:TheCure","WordoMod:EndOfTheWorld"],"picked":"WordoMod:MorbidFascination","floor":16.0},{"not_picked":["WordoMod:Repent","WordoMod:Unchained+1"],"picked":"WordoMod:MementoMori","floor":18.0},{"not_picked":["WordoMod:DarkBead","WordoMod:MementoMori"],"picked":"WordoMod:Retaliate+1","floor":22.0},{"not_picked":["WordoMod:MorbidFascination","WordoMod:WipingAllOut+1"],"picked":"WordoMod:Combo","floor":23.0},{"not_picked":["WordoMod:BloodThinning+1","WordoMod:WillOWisp","WordoMod:FalseDiagnosis"],"picked":"SKIP","floor":25.0},{"not_picked":["WordoMod:BadMemories","WordoMod:Vulgarity"],"picked":"WordoMod:Reading+1","floor":30.0},{"not_picked":["WordoMod:LordOfTheFlies","WordoMod:Malice"],"picked":"WordoMod:Hysteria","floor":31.0},{"not_picked":["WordoMod:BurnMyDread","WordoMod:GreatSeal"],"picked":"WordoMod:DarkForm","floor":33.0},{"not_picked":["WordoMod:BurdenOfSin+1","WordoMod:InduceTrauma+1"],"picked":"WordoMod:Penitence+1","floor":35.0},{"not_picked":["Blind","Dark Shackles"],"picked":"Mind Blast","floor":37.0}],"player_experience":291397,"relics_obtained":[{"floor":7.0,"key":"Gremlin Horn"},{"floor":9.0,"key":"Juzu Bracelet"},{"floor":14.0,"key":"Pocketwatch"},{"floor":20.0,"key":"MealTicket"},{"floor":23.0,"key":"Lizard Tail"}],"event_choices":[{"damage_healed":0.0,"max_hp_gain":0.0,"max_hp_loss":0.0,"gold_gain":75.0,"event_name":"World of Goop","player_choice":"Gather Gold","floor":2.0,"gold_loss":0.0,"damage_taken":11.0},{"damage_healed":0.0,"max_hp_gain":0.0,"max_hp_loss":0.0,"gold_gain":0.0,"event_name":"WeMeetAgain","player_choice":"Paid Gold","floor":3.0,"gold_loss":80.0,"damage_taken":0.0,"relics_obtained":["Torii"]},{"damage_healed":0.0,"max_hp_gain":0.0,"max_hp_loss":0.0,"gold_gain":0.0,"event_name":"Living Wall","player_choice":"Grow","floor":5.0,"gold_loss":0.0,"damage_taken":0.0,"cards_upgraded":["WordoMod:Exorcism"]},{"cards_removed":["WordoMod:StrikeCard"],"damage_healed":0.0,"max_hp_gain":0.0,"max_hp_loss":0.0,"gold_gain":0.0,"event_name":"Golden Wing","player_choice":"Card Removal","floor":12.0,"gold_loss":0.0,"damage_taken":7.0},{"damage_healed":0.0,"max_hp_gain":0.0,"max_hp_loss":0.0,"gold_gain":0.0,"event_name":"Lab","player_choice":"Got Potions","floor":19.0,"gold_loss":0.0,"damage_taken":0.0},{"damage_healed":0.0,"max_hp_gain":0.0,"max_hp_loss":0.0,"gold_gain":0.0,"event_name":"Wheel of Change","player_choice":"Relic","floor":20.0,"gold_loss":0.0,"damage_taken":0.0},{"damage_healed":0.0,"max_hp_gain":0.0,"max_hp_loss":0.0,"gold_gain":0.0,"event_name":"N\u0027loth","player_choice":"Traded Relic","floor":21.0,"relics_lost":["MealTicket"],"gold_loss":0.0,"damage_taken":0.0,"relics_obtained":["Nloth\u0027s Gift"]},{"damage_healed":0.0,"max_hp_gain":0.0,"max_hp_loss":0.0,"gold_gain":0.0,"event_name":"Ghosts","player_choice":"Ignored","floor":24.0,"gold_loss":0.0,"damage_taken":0.0},{"cards_removed":["WordoMod:Combo"],"damage_healed":0.0,"max_hp_gain":0.0,"max_hp_loss":0.0,"gold_gain":0.0,"event_name":"betterNote:BetterNote","player_choice":"Give","floor":29.0,"gold_loss":0.0,"damage_taken":0.0,"cards_obtained":["None"]},{"damage_healed":0.0,"max_hp_gain":0.0,"max_hp_loss":0.0,"gold_gain":0.0,"event_name":"SecretPortal","player_choice":"Ignored","floor":36.0,"gold_loss":0.0,"damage_taken":0.0},{"damage_healed":0.0,"max_hp_gain":0.0,"max_hp_loss":0.0,"gold_gain":0.0,"event_name":"SensoryStone","player_choice":"Memory 2","floor":37.0,"gold_loss":0.0,"damage_taken":5.0},{"damage_healed":0.0,"max_hp_gain":0.0,"max_hp_loss":0.0,"gold_gain":0.0,"event_name":"Tomb of Lord Red Mask","player_choice":"Paid","floor":39.0,"gold_loss":98.0,"damage_taken":0.0,"relics_obtained":["Red Mask"]}],"is_beta":false,"boss_relics":[{"not_picked":["Runic Pyramid","Snecko Eye"],"picked":"Sozu"},{"not_picked":["Philosopher\u0027s Stone","Tiny House"],"picked":"Cursed Key"}],"items_purged_floors":[38],"is_endless":false,"potions_floor_spawned":[4,7,10,14,25,30,33],"killed_by":"Giant Head","ascension_level":0}}