{"host":"s41rn2jhghpwfrvz","time":1607796450,"event":{"mods":["BaseMod","Minty Spire (QoL Compilation)","Quick Restart","Relic Stats","SuperFastMode"],"gold_per_floor":[114,114,132,156,4,39,39,70,70,105,124,124,24,53,53,132,132,147,163,178,228,256,282,282,312,312,312,337,353,132,163,163,234,234,253,273,273,287,312,345,345,374,374,402,402,102,129,144,144,144,144,144,144,8,36,36],"floor_reached":57,"playtime":1390,"items_purged":["Pain","Streamline","Evaluate+1","PiercingWail"],"score":4144,"play_id":"8493da4e-595d-4824-aa5a-031ccd727261","local_time":"20201212200730","daily_mods":["SealedDeck","Diverse","Elite Swarm"],"is_ascension_mode":true,"campfire_choices":[{"data":"Turbo","floor":7,"key":"SMITH"},{"data":"Skim","floor":15,"key":"SMITH"},{"data":"Grand Finale","floor":24,"key":"SMITH"},{"data":"Offering","floor":32,"key":"SMITH"},{"floor":41,"key":"RECALL"},{"data":"Madness","floor":49,"key":"SMITH"},{"data":"Backflip","floor":53,"key":"SMITH"}],"circlet_count":0,"master_deck":["AscendersBane","Shrug It Off","Turbo+1","Beam Cell","Backflip+1","Skim+1","Grand Finale+1","Offering+1","Madness+1","Madness"],"relics":["Burning Blood","WarpedTongs","Art of War","White Beast Statue","Gremlin Horn","Potion Belt","Blue Candle","StrikeDummy","Runic Cube","Red Mask","Singing Bowl","Kunai","InkBottle","Bronze Scales","Membership Card","Meat on the Bone","Empty Cage","Champion Belt","Frozen Egg 2","HornCleat","Bottled Lightning","Shuriken","Anchor","Turnip","Sundial","Ginger"],"acts_visited":["Exordium","TheCity","TheBeyond","TheEnding"],"potions_floor_usage":[14,16,56,56,56],"damage_taken":[{"damage":0,"enemies":"Small Slimes","floor":1,"turns":2},{"damage":1,"enemies":"Cultist","floor":3,"turns":2},{"damage":0,"enemies":"Lagavulin","floor":6,"turns":3},{"damage":0,"enemies":"Gremlin Nob","floor":8,"turns":2},{"damage":0,"enemies":"3 Sentries","floor":10,"turns":1},{"damage":0,"enemies":"2 Louse","floor":11,"turns":2},{"damage":0,"enemies":"Gremlin Nob","floor":14,"turns":1},{"damage":0,"enemies":"Hexaghost","floor":16,"turns":2},{"damage":0,"enemies":"Spheric Guardian","floor":18,"turns":2},{"damage":8,"enemies":"Shell Parasite","floor":19,"turns":2},{"damage":2,"enemies":"Snecko","floor":20,"turns":4},{"damage":0,"enemies":"Masked Bandits","floor":22,"turns":1},{"damage":0,"enemies":"Gremlin Leader","floor":23,"turns":1},{"damage":0,"enemies":"Slavers","floor":25,"turns":1},{"damage":0,"enemies":"Gremlin Leader","floor":28,"turns":1},{"damage":6,"enemies":"Cultist and Chosen","floor":29,"turns":1},{"damage":6,"enemies":"Slavers","floor":31,"turns":1},{"damage":6,"enemies":"Collector","floor":33,"turns":1},{"damage":0,"enemies":"3 Darklings","floor":35,"turns":1},{"damage":1,"enemies":"3 Shapes","floor":36,"turns":1},{"damage":0,"enemies":"3 Darklings","floor":38,"turns":2},{"damage":0,"enemies":"Mind Bloom Boss Battle","floor":39,"turns":1},{"damage":0,"enemies":"Reptomancer","floor":40,"turns":1},{"damage":0,"enemies":"Nemesis","floor":42,"turns":3},{"damage":6,"enemies":"Giant Head","floor":44,"turns":1},{"damage":6,"enemies":"Nemesis","floor":47,"turns":1},{"damage":6,"enemies":"Writhing Mass","floor":48,"turns":1},{"damage":0,"enemies":"Awakened One","floor":50,"turns":2},{"damage":6,"enemies":"Donu and Deca","floor":51,"turns":1},{"damage":0,"enemies":"Shield and Spear","floor":55,"turns":1},{"damage":14,"enemies":"The Heart","floor":56,"turns":5}],"seed_played":"7617922020101071959","potions_obtained":[{"floor":6,"key":"SteroidPotion"},{"floor":8,"key":"BloodPotion"},{"floor":10,"key":"Fruit Juice"},{"floor":11,"key":"DuplicationPotion"},{"floor":14,"key":"FearPotion"},{"floor":16,"key":"DuplicationPotion"},{"floor":25,"key":"Swift Potion"},{"floor":39,"key":"Block Potion"},{"floor":40,"key":"Dexterity Potion"}],"is_trial":true,"path_per_floor":["M","?","M","T","$","E","R","E","T","E","M","?","$","E","R","B",null,"M","M","M","?","?","E","R","E","T","?","E","M","$","E","R","B",null,"M","M","?","M","?","E","R","E","T","E","?","$","E","M","R","B","B",null,"R","$","E","B",null],"character_chosen":"IRONCLAD","items_purchased":["Skim","Membership Card","Shuriken","Anchor","Sundial"],"campfire_rested":0,"item_purchase_floors":[5,30,46,46,54],"current_hp_per_floor":[74,74,75,75,75,75,75,75,75,75,75,52,52,63,63,80,80,80,78,80,80,80,82,82,84,84,84,84,86,86,88,88,90,90,92,94,77,85,93,100,100,102,102,104,104,104,106,108,108,108,108,108,108,108,110,102],"gold":36,"neow_bonus":"","is_daily":false,"chose_seed":false,"campfire_upgraded":6,"win_rate":0.0,"timestamp":1607796450,"path_taken":["M","?","?","?","$","E","R","E","T","E","M","?","?","E","R","BOSS","M","M","M","?","?","E","R","E","T","?","E","M","$","E","R","BOSS","M","?","?","M","?","E","R","E","T","E","?","$","E","?","R","BOSS","BOSS","R","$","E","BOSS"],"items_purchased_type":["Card","Relic","Relic","Relic","Relic"],"build_version":"2020-11-30","purchased_purges":4,"victory":true,"max_hp_per_floor":[75,75,75,75,75,75,75,75,75,75,75,75,75,80,80,80,80,80,80,80,80,80,82,82,84,84,84,84,86,86,88,88,90,90,92,94,94,96,98,100,100,102,102,104,104,104,106,108,108,108,108,108,108,108,110,110],"relic_stats":{"Gremlin Horn":[12,12],"Singing Bowl":30,"counters":[31,51],"Blue Candle":[0],"Ginger":[2],"Burning Blood":96,"WarpedTongs":[46],"Shuriken":[26],"Sundial":[34],"Bronze Scales":[61],"Turnip":[2],"Art of War":[6],"Kunai":[38],"Champion Belt":[48],"obtain_stats":[{"Gremlin Horn":8,"Singing Bowl":23,"Ginger":55,"Empty Cage":34,"Burning Blood":0,"HornCleat":42,"Sundial":54,"Red Mask":22,"Kunai":25,"InkBottle":26,"Runic Cube":17,"Potion Belt":9,"Blue Candle":10,"Frozen Egg 2":40,"White Beast Statue":6,"WarpedTongs":2,"Anchor":46,"Shuriken":46,"Bronze Scales":28,"Turnip":47,"Art of War":4,"Membership Card":30,"Champion Belt":39,"Bottled Lightning":44,"StrikeDummy":14,"Meat on the Bone":31},{"Gremlin Horn":4,"Singing Bowl":13,"Ginger":30,"Empty Cage":18,"Burning Blood":0,"HornCleat":24,"Sundial":29,"Red Mask":12,"Kunai":14,"InkBottle":14,"Runic Cube":8,"Potion Belt":4,"Blue Candle":5,"Frozen Egg 2":23,"White Beast Statue":3,"WarpedTongs":1,"Anchor":25,"Shuriken":25,"Bronze Scales":15,"Turnip":26,"Art of War":2,"Membership Card":16,"Champion Belt":22,"Bottled Lightning":25,"StrikeDummy":7,"Meat on the Bone":17},{"Gremlin Horn":9,"Singing Bowl":25,"Ginger":46,"Empty Cage":30,"Burning Blood":0,"HornCleat":39,"Sundial":45,"Red Mask":24,"Kunai":26,"InkBottle":26,"Runic Cube":15,"Potion Belt":9,"Blue Candle":10,"Frozen Egg 2":36,"White Beast Statue":7,"WarpedTongs":2,"Anchor":40,"Shuriken":40,"Bronze Scales":27,"Turnip":41,"Art of War":4,"Membership Card":28,"Champion Belt":35,"Bottled Lightning":40,"StrikeDummy":13,"Meat on the Bone":29}],"InkBottle":[18],"Runic Cube":[14],"Meat on the Bone":0},"card_choices":[{"not_picked":["Deflect","Iron Wave","Coolheaded"],"picked":"SKIP","floor":1},{"not_picked":["Blizzard","Aggregate","Rampage"],"picked":"SKIP","floor":3},{"not_picked":["Burst","Bullet Time","Electrodynamics"],"picked":"SKIP","floor":6},{"not_picked":["DeusExMachina","Seek"],"picked":"Grand Finale","floor":8},{"not_picked":["Vault","Judgement","Amplify"],"picked":"SKIP","floor":10},{"not_picked":["BowlingBash","Fusion","SandsOfTime"],"picked":"SKIP","floor":11},{"not_picked":["Biased Cognition","Omniscience","Brutality"],"picked":"SKIP","floor":14},{"not_picked":["Sever Soul","Coolheaded","Predator"],"picked":"SKIP","floor":18},{"not_picked":["Coolheaded","Wild Strike","Catalyst"],"picked":"SKIP","floor":19},{"not_picked":["Entrench","Armaments","Pommel Strike"],"picked":"SKIP","floor":20},{"not_picked":["Amplify","SpiritShield","Fission"],"picked":"Singing Bowl","floor":23},{"not_picked":["Die Die Die","Berserk","Creative AI"],"picked":"Singing Bowl","floor":25},{"not_picked":["Meteor Strike","Omniscience"],"picked":"Offering","floor":28},{"not_picked":["Backflip","Cold Snap","Bane"],"picked":"Singing Bowl","floor":29},{"not_picked":["Blasphemy","Hyperbeam","Doppelganger"],"picked":"Singing Bowl","floor":31},{"not_picked":["Echo Form","Corpse Explosion","Amplify"],"picked":"Singing Bowl","floor":33},{"not_picked":["Iron Wave","Dash","LikeWater+1"],"picked":"Singing Bowl","floor":35},{"not_picked":["Shockwave","Inflame","Undo+1"],"picked":"Singing Bowl","floor":36},{"not_picked":["Steam","Dual Wield","Sweeping Beam+1"],"picked":"Singing Bowl","floor":38},{"not_picked":["Dark Embrace+1","Evaluate","Second Wind"],"picked":"Singing Bowl","floor":39},{"not_picked":["Ragnarok","Venomology","Blasphemy"],"picked":"Singing Bowl","floor":40},{"not_picked":["LessonLearned","Alpha","Juggernaut+1"],"picked":"Singing Bowl","floor":42},{"not_picked":["Burst","Brilliance","After Image+1"],"picked":"Singing Bowl","floor":44},{"not_picked":["Glass Knife","Adrenaline","Juggernaut+1"],"picked":"Singing Bowl","floor":47},{"not_picked":["DeceiveReality","Streamline","Power Through"],"picked":"Singing Bowl","floor":48},{"not_picked":["Seek","Alpha","Wish"],"picked":"Singing Bowl","floor":55}],"player_experience":1571411,"relics_obtained":[{"floor":4,"key":"Art of War"},{"floor":6,"key":"White Beast Statue"},{"floor":8,"key":"Gremlin Horn"},{"floor":9,"key":"Potion Belt"},{"floor":10,"key":"Blue Candle"},{"floor":14,"key":"StrikeDummy"},{"floor":22,"key":"Red Mask"},{"floor":23,"key":"Singing Bowl"},{"floor":25,"key":"Kunai"},{"floor":26,"key":"InkBottle"},{"floor":28,"key":"Bronze Scales"},{"floor":31,"key":"Meat on the Bone"},{"floor":39,"key":"Champion Belt"},{"floor":40,"key":"Frozen Egg 2"},{"floor":42,"key":"HornCleat"},{"floor":44,"key":"Bottled Lightning"},{"floor":47,"key":"Turnip"},{"floor":55,"key":"Ginger"}],"event_choices":[{"damage_healed":0,"gold_gain":0,"player_choice":"Rummage","damage_taken":0,"relics_obtained":["WarpedTongs"],"max_hp_gain":0,"max_hp_loss":0,"event_name":"Accursed Blacksmith","floor":2,"gold_loss":0,"cards_obtained":["Pain"]},{"damage_healed":0,"gold_gain":0,"player_choice":"Entered Light","damage_taken":23,"max_hp_gain":0,"max_hp_loss":0,"event_name":"Shining Light","floor":12,"gold_loss":0,"cards_upgraded":["Evaluate","Heatsinks"]},{"damage_healed":0,"gold_gain":50,"player_choice":"Stole From Cult","damage_taken":0,"max_hp_gain":0,"max_hp_loss":0,"event_name":"Nest","floor":21,"gold_loss":0},{"damage_healed":0,"gold_gain":0,"player_choice":"Fought Bandits","damage_taken":0,"max_hp_gain":0,"max_hp_loss":0,"event_name":"Masked Bandits","floor":22,"gold_loss":0},{"cards_removed":["Carnage"],"damage_healed":0,"gold_gain":0,"player_choice":"Purged","damage_taken":0,"max_hp_gain":0,"max_hp_loss":0,"event_name":"Purifier","floor":27,"gold_loss":0},{"damage_healed":0,"gold_gain":0,"player_choice":"Embrace Madness","damage_taken":17,"max_hp_gain":0,"max_hp_loss":0,"event_name":"Winding Halls","floor":37,"gold_loss":0,"cards_obtained":["Madness","Madness"]},{"damage_healed":0,"gold_gain":0,"player_choice":"Fight","damage_taken":0,"max_hp_gain":0,"max_hp_loss":0,"event_name":"MindBloom","floor":39,"gold_loss":0},{"damage_healed":0,"gold_gain":0,"player_choice":"Got Potions","damage_taken":0,"max_hp_gain":0,"max_hp_loss":0,"event_name":"Lab","floor":45,"gold_loss":0}],"is_beta":false,"boss_relics":[{"not_picked":["Ectoplasm","Tiny House"],"picked":"Runic Cube"},{"not_picked":["Astrolabe","Snecko Eye"],"picked":"Empty Cage"}],"items_purged_floors":[5,13,30,46],"is_endless":false,"potions_floor_spawned":[6,8,10,11,14,16,18,19,20,22,23,25,28,29,31,33,35,36,38,39,40,42,44,47,48,55],"ascension_level":20}}