{"host":"vpnygm79y7yi43ig","time":1607812931,"event":{"mods":["BaseMod","Bestiary","Minty Spire (QoL Compilation)"],"gold_per_floor":[109,129,147,21,21,53,53,67,94,94,94,94,112,112,112,215,215,215,68,68,68,68,68,68,68,68,68,68,14,14,14,14,14,14,14,14,14,14,14,14,14,14,14,14,14,14,14,14,14,14],"floor_reached":51,"playtime":1819,"items_purged":["Strike_P"],"score":743,"play_id":"b9696e31-ee82-43ea-82f1-dd0facae7fbb","local_time":"20201212144211","is_ascension_mode":false,"campfire_choices":[{"data":"Eruption","floor":10.0,"key":"SMITH"},{"data":"Vengeance","floor":12.0,"key":"SMITH"},{"data":"WheelKick","floor":15.0,"key":"SMITH"},{"data":"DeusExMachina","floor":32.0,"key":"SMITH"},{"floor":40,"key":"REST"},{"floor":44,"key":"REST"},{"floor":47,"key":"REST"},{"data":"Wallop","floor":49,"key":"SMITH"}],"circlet_count":0,"master_deck":["Defend_P","Defend_P","Defend_P","Eruption+1","Vigilance","FlurryOfBlows","FlurryOfBlows","Tantrum+1","WheelKick+1","DeusExMachina+1","FollowUp+1","FollowUp","Bite","Bite","Bite","Bite","Bite","FlyingSleeves","Halt","Halt","EmptyBody","EmptyFist","EmptyBody+1","FearNoEvil","SashWhip+1","EmptyMind","Wallop+1"],"relics":["PureWater","Lantern","Happy Flower","Boot","Ectoplasm","Vajra","MutagenicStrength","Bag of Preparation","Oddly Smooth Stone","Ancient Tea Set","SlaversCollar","MealTicket","Eternal Feather"],"acts_visited":["Exordium","TheCity","TheBeyond"],"potions_floor_usage":[39,39,39,46],"damage_taken":[{"damage":0.0,"enemies":"2 Louse","floor":1.0,"turns":2.0},{"damage":1.0,"enemies":"Jaw Worm","floor":2.0,"turns":2.0},{"damage":1.0,"enemies":"Cultist","floor":3.0,"turns":3.0},{"damage":31.0,"enemies":"Lagavulin","floor":6.0,"turns":3.0},{"damage":15.0,"enemies":"Lots of Slimes","floor":8.0,"turns":4.0},{"damage":0.0,"enemies":"2 Fungi Beasts","floor":13.0,"turns":2.0},{"damage":0.0,"enemies":"Large Slime","floor":14.0,"turns":2.0},{"damage":16.0,"enemies":"The Guardian","floor":16.0,"turns":4.0},{"damage":0.0,"enemies":"Chosen","floor":18.0,"turns":2.0},{"damage":0.0,"enemies":"Shell Parasite","floor":20.0,"turns":1.0},{"damage":0.0,"enemies":"Book of Stabbing","floor":23.0,"turns":1.0},{"damage":0.0,"enemies":"Snecko","floor":24.0,"turns":2.0},{"damage":1.0,"enemies":"Gremlin Leader","floor":25.0,"turns":2.0},{"damage":0.0,"enemies":"Centurion and Healer","floor":27.0,"turns":2.0},{"damage":0.0,"enemies":"Shelled Parasite and Fungi","floor":28.0,"turns":1.0},{"damage":0.0,"enemies":"Chosen and Byrds","floor":30.0,"turns":2.0},{"damage":0.0,"enemies":"Centurion and Healer","floor":31.0,"turns":2.0},{"damage":26.0,"enemies":"Champ","floor":33.0,"turns":8.0},{"damage":0.0,"enemies":"3 Shapes","floor":35.0,"turns":4.0},{"damage":0.0,"enemies":"3 Darklings","floor":36.0,"turns":2.0},{"damage":0.0,"enemies":"Spire Growth","floor":38.0,"turns":2.0},{"damage":52,"enemies":"Writhing Mass","floor":39,"turns":4},{"damage":29,"enemies":"Maw","floor":45,"turns":5},{"damage":0,"enemies":"Transient","floor":46,"turns":1},{"damage":43,"enemies":"Donu and Deca","floor":50,"turns":7}],"seed_played":"-5551868133363343219","potions_obtained":[{"floor":1.0,"key":"Fire Potion"},{"floor":3.0,"key":"FearPotion"},{"floor":8.0,"key":"SteroidPotion"},{"floor":16.0,"key":"Swift Potion"},{"floor":18.0,"key":"SkillPotion"},{"floor":20.0,"key":"EssenceOfSteel"},{"floor":25.0,"key":"Weak Potion"},{"floor":35.0,"key":"DistilledChaos"},{"floor":39,"key":"SmokeBomb"}],"is_trial":false,"path_per_floor":["M","M","M","$","?","E","$","M","T","R","?","R","M","M","R","B",null,"M","$","M","?","?","E","M","E","T","M","M","$","M","M","R","B",null,"M","M","?","M","M","R","?","$","T","R","M","M","R","?","R","B",null],"character_chosen":"WATCHER","items_purchased":["FlurryOfBlows","Vajra","EmptyFist"],"campfire_rested":3,"item_purchase_floors":[4,19,29],"current_hp_per_floor":[72,71,70,70,75,44,44,29,29,29,29,29,29,29,29,13,77,77,77,77,53,53,53,53,53,53,53,53,53,53,53,53,35,53,53,53,53,53,3,18,18,18,18,33,16,16,31,31,46,17],"gold":14,"neow_bonus":"RANDOM_COMMON_RELIC","is_daily":false,"chose_seed":false,"campfire_upgraded":5,"win_rate":0.0,"timestamp":1607812931,"path_taken":["M","M","M","$","?","E","$","M","T","R","?","R","?","M","R","BOSS","M","?","M","?","?","E","M","E","T","M","M","?","M","M","R","BOSS","M","M","?","?","M","R","?","$","T","R","M","M","R","?","R","BOSS"],"items_purchased_type":["Card","Relic","Card"],"build_version":"2020-11-30","purchased_purges":1,"victory":true,"max_hp_per_floor":[72,72,72,72,77,77,77,77,77,77,77,77,77,77,77,77,77,77,77,77,53,53,53,53,53,53,53,53,53,53,53,53,53,53,53,53,53,53,53,53,53,53,53,53,53,53,53,53,53,53],"card_choices":[{"not_picked":["Study","Evaluate"],"picked":"Vengeance","floor":1.0},{"not_picked":["Halt","ReachHeaven"],"picked":"FlurryOfBlows","floor":2.0},{"not_picked":["DeceiveReality","BowlingBash"],"picked":"FlurryOfBlows","floor":3.0},{"not_picked":["Crescendo","Halt"],"picked":"Tantrum","floor":6.0},{"not_picked":["ReachHeaven","Prostrate","Wireheading"],"picked":"SKIP","floor":8.0},{"not_picked":["Fasting2","Collect"],"picked":"WheelKick","floor":13.0},{"not_picked":["Halt","PathToVictory","SandsOfTime"],"picked":"SKIP","floor":14.0},{"not_picked":["Ragnarok","Alpha"],"picked":"DeusExMachina","floor":16.0},{"not_picked":["Wireheading","FlurryOfBlows"],"picked":"FollowUp+1","floor":18.0},{"not_picked":["SashWhip","Halt"],"picked":"FollowUp","floor":20.0},{"not_picked":["BattleHymn","ClearTheMind"],"picked":"FlyingSleeves","floor":23.0},{"not_picked":["FlyingSleeves","WreathOfFlame"],"picked":"Halt","floor":24.0},{"not_picked":["Weave+1","ForeignInfluence"],"picked":"Halt","floor":25.0},{"not_picked":["Pray","Evaluate"],"picked":"EmptyBody","floor":27.0},{"not_picked":["DeceiveReality","LessonLearned","Halt"],"picked":"SKIP","floor":28.0},{"not_picked":["SandsOfTime","WreathOfFlame+1"],"picked":"EmptyBody+1","floor":30.0},{"not_picked":["FlurryOfBlows","Consecrate+1"],"picked":"FearNoEvil","floor":31.0},{"not_picked":["SandsOfTime","FollowUp+1","Prostrate"],"picked":"SKIP","floor":35.0},{"not_picked":["EmptyBody+1","Crescendo"],"picked":"SashWhip+1","floor":36.0},{"not_picked":["Worship","WreathOfFlame+1"],"picked":"Wallop","floor":38.0},{"not_picked":["Nirvana","PathToVictory","LikeWater"],"picked":"SKIP","floor":39},{"not_picked":["Consecrate+1","Protect","Indignation"],"picked":"SKIP","floor":45}],"player_experience":164647,"relics_obtained":[{"floor":6.0,"key":"Happy Flower"},{"floor":9.0,"key":"Boot"},{"floor":23.0,"key":"Bag of Preparation"},{"floor":25.0,"key":"Oddly Smooth Stone"},{"floor":26.0,"key":"Ancient Tea Set"},{"floor":43,"key":"MealTicket"}],"event_choices":[{"damage_healed":0.0,"max_hp_gain":5.0,"max_hp_loss":0.0,"gold_gain":0.0,"event_name":"Big Fish","player_choice":"Donut","floor":5.0,"gold_loss":0.0,"damage_taken":0.0},{"damage_healed":0.0,"max_hp_gain":0.0,"max_hp_loss":0.0,"gold_gain":0.0,"event_name":"Upgrade Shrine","player_choice":"Upgraded","floor":11.0,"gold_loss":0.0,"damage_taken":0.0,"cards_upgraded":["Tantrum"]},{"damage_healed":0.0,"max_hp_gain":0.0,"max_hp_loss":24.0,"gold_gain":0.0,"event_name":"Vampires","player_choice":"Became a vampire","floor":21.0,"gold_loss":0.0,"damage_taken":0.0,"cards_obtained":["Bite","Bite","Bite","Bite","Bite"]},{"damage_healed":0.0,"max_hp_gain":0.0,"max_hp_loss":0.0,"gold_gain":0.0,"event_name":"Drug Dealer","player_choice":"Inject Mutagens","floor":22.0,"gold_loss":0.0,"damage_taken":0.0,"relics_obtained":["MutagenicStrength"]},{"damage_healed":0.0,"max_hp_gain":0.0,"max_hp_loss":0.0,"gold_gain":0.0,"cards_transformed":["Defend_P"],"event_name":"Transmorgrifier","player_choice":"Transformed","floor":37.0,"gold_loss":0.0,"damage_taken":0.0,"cards_obtained":["EmptyMind"]},{"cards_removed":["FlurryOfBlows"],"damage_healed":0,"gold_gain":0,"player_choice":"Removed Attack","damage_taken":0,"max_hp_gain":0,"max_hp_loss":0,"event_name":"Falling","floor":41,"gold_loss":0},{"cards_removed":["Vengeance"],"damage_healed":0,"gold_gain":0,"player_choice":"Gave Card","damage_taken":0,"relics_obtained":["Eternal Feather"],"max_hp_gain":0,"max_hp_loss":0,"event_name":"WeMeetAgain","floor":48,"gold_loss":0}],"is_beta":false,"boss_relics":[{"not_picked":["Velvet Choker","Fusion Hammer"],"picked":"Ectoplasm"},{"not_picked":["Runic Dome","Empty Cage"],"picked":"SlaversCollar"}],"items_purged_floors":[4],"is_endless":false,"potions_floor_spawned":[1,3,8,16,18,20,25,27,35,38,39],"ascension_level":0}}