{"host":"6o1vh5lr98s0jjq7","time":1607755850,"event":{"mods":["2.2 Compatiblity","Act Like it!","Aspiration","BaseMod","Better Altar","Better Match","Better Note","Better Third Choice","Conspire","Downfall","Gensokyo","Hallownest","Infinite Spire","Marisa????????","Minty Spire (QoL Compilation)","Replay The Spire","StSLib","The Alterego","WarShipGirlsR/????R mod"],"gold_per_floor":[99,132,132,148,178,178,201,51,77,77,15,15,115,131,158,158,158],"floor_reached":16,"playtime":712,"items_purged":[],"score":127,"play_id":"1c7541d5-8ad0-408a-924a-fac3562db3ab","local_time":"20201212005050","is_ascension_mode":true,"campfire_choices":[{"floor":6,"key":"RECALL"},{"floor":8,"key":"REST"},{"data":"PulseMagic","floor":10,"key":"SMITH"},{"data":"MysteriousBeam","floor":10,"key":"SMITH"}],"circlet_count":0,"master_deck":["Strike_MRS","Strike_MRS","Strike_MRS","Strike_MRS","Defend_MRS","Defend_MRS","Defend_MRS","Defend_MRS","MasterSpark","UpSweep","PulseMagic+1","MysteriousBeam+1","GalacticHalo","NonDirectionalLaser","OortCloud","MysteriousBeam","DoubleSpark","AbsoluteMagnitude","ManaConvection","WitchOfGreed","hexamod:Haunted","MasterSpark","Replay:SS_forest_5","ShootingEcho","6A","AsteroidBelt"],"relics":["MiniHakkero","downfall:HeartsMalice","infinitespire:Golems Mask","aspiration:HatOfInfinitePower","downfall:HeartBlessingRed","downfall:HeartBlessingBlue","Replay:Arrowhead","downfall:GremlinSack"],"acts_visited":["Exordium"],"potions_floor_usage":[5,16,16,16],"damage_taken":[{"damage":0,"enemies":"conspire:MimicChest","floor":2,"turns":1},{"damage":0,"enemies":"Small Slimes","floor":3,"turns":1},{"damage":0,"enemies":"2 Louse","floor":4,"turns":2},{"damage":26,"enemies":"3 Sentries","floor":5,"turns":6},{"damage":18,"enemies":"Gremlin Nob","floor":9,"turns":3},{"damage":0,"enemies":"downfall:FleeingMerchant","floor":11,"turns":4},{"damage":0,"enemies":"Cultist","floor":12,"turns":1},{"damage":18,"enemies":"Cultist","floor":13,"turns":3},{"damage":0,"enemies":"Exordium Wildlife","floor":14,"turns":1},{"damage":16,"enemies":"Red Slaver","floor":15,"turns":3},{"damage":34,"enemies":"downfall:CharBossSilent","floor":16,"turns":4}],"seed_played":"8843715994819404876","potions_obtained":[{"floor":4,"key":"PowerPotion"},{"floor":13,"key":"DuplicationPotion"},{"floor":15,"key":"Dexterity Potion"},{"floor":15,"key":"Reflective Coating"}],"is_trial":false,"path_per_floor":["R","?","M","M","E","R","T","R","E","R","$","M","?","M","M","B"],"character_chosen":"MARISA","items_purchased":["MysteriousBeam"],"campfire_rested":1,"item_purchase_floors":[11],"current_hp_per_floor":[75,75,75,75,49,49,49,84,66,66,66,66,48,48,32,0,0],"gold":158,"neow_bonus":"THREE_ENEMY_KILL","is_daily":false,"chose_seed":false,"campfire_upgraded":2,"win_rate":0.0,"timestamp":1607755850,"path_taken":["R","?","M","?","E","R","T","R","E","R","$","M","?","M","M","BOSS"],"items_purchased_type":["Card"],"build_version":"2020-11-30","purchased_purges":0,"victory":false,"max_hp_per_floor":[75,75,75,75,75,75,75,85,85,85,85,85,85,85,85,85,85],"card_choices":[{"not_picked":["PowerUp","EarthLightRay"],"picked":"PulseMagic","floor":2},{"not_picked":["ShootingEcho","DragonMeteor"],"picked":"MysteriousBeam","floor":3},{"not_picked":["StarlightTyphoon","SuperPerseids"],"picked":"GalacticHalo","floor":4},{"not_picked":["6A","GalacticHalo"],"picked":"NonDirectionalLaser","floor":5},{"not_picked":["ChargeUpSpray","EnergyFlow"],"picked":"OortCloud","floor":9},{"not_picked":["StarBarrage","DragonMeteor"],"picked":"DoubleSpark","floor":12},{"not_picked":["WitchOfGreed","GrandCross"],"picked":"ShootingEcho","floor":13},{"not_picked":["MysteriousBeam","SporeBomb"],"picked":"6A","floor":14},{"not_picked":["SporeBomb","IllusionStar"],"picked":"AsteroidBelt","floor":15}],"player_experience":194369,"relics_obtained":[{"floor":2,"key":"infinitespire:Golems Mask"},{"floor":5,"key":"aspiration:HatOfInfinitePower"},{"floor":9,"key":"Replay:Arrowhead"},{"floor":13,"key":"downfall:GremlinSack"}],"event_choices":[],"is_beta":false,"boss_relics":[],"items_purged_floors":[],"is_endless":false,"potions_floor_spawned":[4,13,15],"killed_by":"downfall:CharBossSilent","ascension_level":4}}