{"host":"2461dio7vetlq1z3","time":1607808722,"event":{"mods":["AchievementEnabler","Aspiration","BaseMod","Hermit","Lobotomy","Minty Spire (QoL Compilation)","Relic Stats","Spicy Shops","StSLib","Waifu the Spire"],"gold_per_floor":[116,134,22,32,44,44,44,44,68,68,102,115,115,142,142,243,243,253,253,266,23,23,23],"floor_reached":22,"playtime":1160,"items_purged":["Strike_B","hermit:Shortfuse"],"score":316,"play_id":"d3e7dcd5-f07d-4d86-b0a1-00416e9b139c","local_time":"20201212223202","daily_mods":["Diverse"],"is_ascension_mode":true,"campfire_choices":[{"data":"Fiend Fire","floor":6,"key":"SMITH"},{"data":"Metallicize","floor":10,"key":"SMITH"},{"data":"hermit:Vantage","floor":13,"key":"SMITH"},{"floor":15,"key":"REST"}],"circlet_count":0,"master_deck":["AscendersBane","Zap","Dualcast","hermit:Vantage+1","WheelKick","Fiend Fire+1","Metallicize+1","Steam","Barricade","hermit:Adapt","Loop","Envenom","Escape Plan","hermit:Magnum","Setup","ThirdEye","hermit:EyeOfTheStorm","Shockwave","Ghostly","Ghostly","Ghostly","Ghostly","Ghostly","Vault"],"relics":["Cracked Core","Juzu Bracelet","Bottled Tornado","Orichalcum","Pandora\u0027s Box"],"acts_visited":["Exordium","TheCity"],"potions_floor_usage":[],"damage_taken":[{"damage":1,"enemies":"Cultist","floor":1,"turns":4},{"damage":2,"enemies":"Jaw Worm","floor":2,"turns":3},{"damage":1,"enemies":"2 Louse","floor":4,"turns":2},{"damage":15,"enemies":"Lots of Slimes","floor":5,"turns":3},{"damage":1,"enemies":"Lagavulin","floor":11,"turns":7},{"damage":0,"enemies":"Blue Slaver","floor":12,"turns":3},{"damage":20,"enemies":"3 Sentries","floor":14,"turns":10},{"damage":34,"enemies":"Slime Boss","floor":16,"turns":16},{"damage":2,"enemies":"Shell Parasite","floor":18,"turns":6},{"damage":0,"enemies":"Chosen","floor":20,"turns":6},{"damage":37,"enemies":"3 Cultists","floor":22,"turns":8}],"seed_played":"-3429477902411498391","potions_obtained":[{"floor":1,"key":"FocusPotion"},{"floor":4,"key":"BlessingOfTheForge"},{"floor":16,"key":"EntropicBrew"}],"is_trial":true,"path_per_floor":["M","M","$","M","M","R","$","?","T","R","E","M","R","E","R","B",null,"M","?","M","$","M"],"character_chosen":"DEFECT","items_purchased":["WheelKick","Vault"],"campfire_rested":1,"item_purchase_floors":[3,21],"current_hp_per_floor":[67,65,65,64,49,49,49,34,34,34,33,33,33,13,35,1,57,55,37,37,37,0,0],"gold":23,"neow_bonus":"","is_daily":false,"chose_seed":false,"campfire_upgraded":3,"win_rate":0.0,"timestamp":1607808722,"path_taken":["M","M","$","M","M","R","$","?","T","R","E","M","R","E","R","BOSS","M","?","M","$","M"],"items_purchased_type":["Card","Card"],"build_version":"2020-11-30","purchased_purges":2,"victory":false,"max_hp_per_floor":[75,75,75,75,75,75,75,75,75,75,75,75,75,75,75,75,75,75,37,37,37,37,37],"relic_stats":{"counters":[11,68],"Pandora\u0027s Box":["Loop","Envenom","Escape Plan","hermit:Magnum","Setup","ThirdEye","hermit:EyeOfTheStorm"],"Juzu Bracelet":0,"Orichalcum":[72],"obtain_stats":[{"Pandora\u0027s Box":17,"Juzu Bracelet":9,"Bottled Tornado":11,"Orichalcum":14,"Cracked Core":0},{"Pandora\u0027s Box":8,"Juzu Bracelet":4,"Bottled Tornado":5,"Orichalcum":7,"Cracked Core":0},{"Pandora\u0027s Box":48,"Juzu Bracelet":12,"Bottled Tornado":19,"Orichalcum":32,"Cracked Core":0}]},"card_choices":[{"not_picked":["hermit:DeadMansHand","Predator"],"picked":"hermit:Shortfuse","floor":1},{"not_picked":["Halt","CrushJoints"],"picked":"hermit:Vantage","floor":2},{"not_picked":["Steam","Heavy Blade"],"picked":"Fiend Fire","floor":4},{"not_picked":["Perfected Strike","hermit:Dive"],"picked":"Metallicize","floor":5},{"not_picked":["hermit:Malice","Consume"],"picked":"Steam","floor":11},{"not_picked":["hermit:TrackingShot","CrushJoints","Bouncing Flask"],"picked":"SKIP","floor":12},{"not_picked":["PathToVictory","Cleave"],"picked":"Barricade","floor":14},{"not_picked":["Bullet Time","Corpse Explosion"],"picked":"hermit:Adapt","floor":16},{"not_picked":["hermit:Coalescence","Evaluate"],"picked":"Shockwave","floor":18},{"not_picked":["PathToVictory","Stack","Prostrate"],"picked":"SKIP","floor":20}],"player_experience":660070,"relics_obtained":[{"floor":9,"key":"Juzu Bracelet"},{"floor":11,"key":"Bottled Tornado"},{"floor":14,"key":"Orichalcum"}],"event_choices":[{"damage_healed":0,"gold_gain":0,"player_choice":"Entered Light","damage_taken":15,"max_hp_gain":0,"max_hp_loss":0,"event_name":"Shining Light","floor":8,"gold_loss":0,"cards_upgraded":["Strike_B","Strike_B"]},{"damage_healed":0,"gold_gain":0,"player_choice":"Became a Ghost","damage_taken":0,"max_hp_gain":0,"max_hp_loss":38,"event_name":"Ghosts","floor":19,"gold_loss":0,"cards_obtained":["Ghostly","Ghostly","Ghostly","Ghostly","Ghostly"]}],"is_beta":false,"boss_relics":[{"not_picked":["Black Star","aspiration:Stellarator"],"picked":"Pandora\u0027s Box"}],"items_purged_floors":[3,21],"is_endless":false,"potions_floor_spawned":[1,4,16],"killed_by":"3 Cultists","ascension_level":10}}