{"host":"avjwtc49fhlk6kym","time":1607813868,"event":{"mods":["AchievementEnabler","BaseMod","Better Match","Better Note","Better Third Choice","Colored Map","Colored Powertips","Displayed Cursed Tome","Highlight Path","Minty Spire (QoL Compilation)","Permanent Neow","Quick Restart","StSLib"],"gold_per_floor":[110,126,144,159,159,186,186,186,210,226,186,33,66,28,28,28,28],"floor_reached":16,"playtime":538,"items_purged":[],"score":121,"play_id":"5bc0d53f-8846-473f-badb-305f9faa12fd","local_time":"20201212175748","is_ascension_mode":true,"campfire_choices":[{"floor":8,"key":"REST"},{"floor":15,"key":"REST"}],"circlet_count":0,"master_deck":["Strike_P","Strike_P","Strike_P","Strike_P","Defend_P","Defend_P","Defend_P","Defend_P","Eruption","Vigilance","Trip","Evaluate","FearNoEvil","Conclude","Meditate","Protect","SandsOfTime"],"relics":["PureWater","Art of War","Toy Ornithopter","Happy Flower","OrangePellets","Frozen Egg 2"],"acts_visited":["Exordium"],"potions_floor_usage":[4,6,6,11,13,13],"damage_taken":[{"damage":0,"enemies":"Small Slimes","floor":1,"turns":3},{"damage":7,"enemies":"Jaw Worm","floor":2,"turns":2},{"damage":0,"enemies":"Cultist","floor":3,"turns":2},{"damage":6,"enemies":"Exordium Wildlife","floor":4,"turns":3},{"damage":31,"enemies":"Lagavulin","floor":6,"turns":7},{"damage":27,"enemies":"Large Slime","floor":10,"turns":4},{"damage":36,"enemies":"Gremlin Nob","floor":13,"turns":5},{"damage":52,"enemies":"The Guardian","floor":16,"turns":10}],"seed_played":"5705759377218835128","potions_obtained":[{"floor":3,"key":"Energy Potion"},{"floor":4,"key":"Regen Potion"},{"floor":6,"key":"Fruit Juice"},{"floor":11,"key":"DistilledChaos"},{"floor":11,"key":"DistilledChaos"},{"floor":11,"key":"Fruit Juice"}],"is_trial":false,"path_per_floor":["M","M","M","M","?","E","?","R","T","M","?","$","E","$","R","B"],"character_chosen":"WATCHER","items_purchased":["OrangePellets","SandsOfTime"],"campfire_rested":2,"item_purchase_floors":[12,14],"current_hp_per_floor":[72,65,65,59,59,47,47,70,70,43,53,53,27,27,51,0,0],"gold":28,"neow_bonus":"RANDOM_COLORLESS","is_daily":false,"chose_seed":false,"campfire_upgraded":0,"win_rate":0.0,"timestamp":1607813868,"path_taken":["M","M","M","M","?","E","?","R","T","?","?","?","E","?","R","BOSS"],"items_purchased_type":["Relic","Card"],"build_version":"2020-11-30","purchased_purges":0,"victory":false,"max_hp_per_floor":[72,72,72,72,72,77,77,77,77,77,82,82,82,82,82,82,82],"card_choices":[{"not_picked":["Discovery","Jack Of All Trades"],"picked":"Trip","floor":0},{"not_picked":["ClearTheMind","Prostrate"],"picked":"Evaluate","floor":1},{"not_picked":["EmptyFist","JustLucky"],"picked":"FearNoEvil","floor":2},{"not_picked":["Perseverance","Crescendo","Halt"],"picked":"SKIP","floor":3},{"not_picked":["MentalFortress","CarveReality"],"picked":"Conclude","floor":4},{"not_picked":["Evaluate","SashWhip"],"picked":"Meditate","floor":6},{"not_picked":["EmptyBody","FlyingSleeves"],"picked":"Protect","floor":10},{"not_picked":["MentalFortress+1","WreathOfFlame","Worship"],"picked":"SKIP","floor":13}],"player_experience":494904,"relics_obtained":[{"floor":6,"key":"Art of War"},{"floor":9,"key":"Happy Flower"},{"floor":13,"key":"Frozen Egg 2"}],"event_choices":[{"damage_healed":0,"gold_gain":0,"player_choice":"Ignored","damage_taken":0,"max_hp_gain":0,"max_hp_loss":0,"event_name":"Golden Idol","floor":5,"gold_loss":0},{"damage_healed":0,"gold_gain":0,"player_choice":"Searched \u00271\u0027 times","damage_taken":0,"relics_obtained":["Toy Ornithopter"],"max_hp_gain":0,"max_hp_loss":0,"event_name":"Dead Adventurer","floor":7,"gold_loss":0},{"damage_healed":0,"gold_gain":0,"player_choice":"Bought 3 Potions","damage_taken":0,"max_hp_gain":0,"max_hp_loss":0,"event_name":"The Woman in Blue","floor":11,"gold_loss":0}],"is_beta":false,"boss_relics":[],"items_purged_floors":[],"is_endless":false,"potions_floor_spawned":[3,4,6],"killed_by":"The Guardian","ascension_level":2}}