{"host":"vzugls1u57eppbds","time":1607810007,"event":{"mods":["AchievementEnabler","BaseMod","Better Third Choice","Minty Spire (QoL Compilation)","Relic Stats","Shop Mod","StSLib","The IronCluck"],"gold_per_floor":[114,114,114,135,161,196,219,233,533,577,263,263,263],"floor_reached":12,"playtime":314,"items_purged":[],"score":158,"play_id":"0e6dd43d-5978-4a5c-9ebd-7361b32aed31","local_time":"20201212225327","is_ascension_mode":true,"campfire_choices":[],"circlet_count":0,"master_deck":["Strike_R","Strike_R","Strike_R","Strike_R","Strike_R","Defend_R","Defend_R","Defend_R","Defend_R","Bash","Heavy Blade+1","Infernal Blade","Twin Strike","Clothesline","Rage","Ghostly Armor","Carnage","Purity"],"relics":["Burning Blood","NeowsBlessing","Golden Idol","Happy Flower","Omamori","Old Coin","Matryoshka","Bag of Marbles"],"acts_visited":["Exordium"],"potions_floor_usage":[8,10,10,12,12],"damage_taken":[{"damage":0,"enemies":"Small Slimes","floor":1,"turns":1},{"damage":0,"enemies":"2 Louse","floor":4,"turns":1},{"damage":0,"enemies":"Lagavulin","floor":6,"turns":1},{"damage":2,"enemies":"Jaw Worm","floor":7,"turns":3},{"damage":39,"enemies":"Gremlin Gang","floor":8,"turns":7},{"damage":31,"enemies":"3 Sentries","floor":10,"turns":8},{"damage":21,"enemies":"Lagavulin","floor":12,"turns":3}],"seed_played":"-3607575096443984736","potions_obtained":[{"floor":4,"key":"Block Potion"},{"floor":8,"key":"EntropicBrew"}],"is_trial":false,"path_per_floor":["M","?","?","M","T","E","M","M","T","E","$","E"],"character_chosen":"IRONCLAD","items_purchased":["Carnage","Bag of Marbles","SkillPotion","Purity"],"campfire_rested":0,"item_purchase_floors":[11,11,11,11],"current_hp_per_floor":[78,58,58,64,64,70,74,41,41,16,16,0,0],"gold":263,"neow_bonus":"THREE_ENEMY_KILL","is_daily":false,"chose_seed":false,"campfire_upgraded":0,"win_rate":0.0,"timestamp":1607810007,"path_taken":["M","?","?","M","?","E","M","M","T","E","$","E"],"items_purchased_type":["Card","Relic","Potion","Card"],"build_version":"2020-11-30","purchased_purges":0,"victory":false,"max_hp_per_floor":[80,80,80,80,80,80,80,80,80,80,80,80,80],"relic_stats":{"Happy Flower":[7],"counters":[7,24],"Golden Idol":28,"obtain_stats":[{"Matryoshka":10,"NeowsBlessing":0,"Happy Flower":5,"Golden Idol":2,"Omamori":6,"Bag of Marbles":11,"Burning Blood":0,"Old Coin":9},{"Matryoshka":6,"NeowsBlessing":0,"Happy Flower":2,"Golden Idol":1,"Omamori":3,"Bag of Marbles":6,"Burning Blood":0,"Old Coin":5},{"Matryoshka":21,"NeowsBlessing":0,"Happy Flower":2,"Golden Idol":1,"Omamori":3,"Bag of Marbles":21,"Burning Blood":0,"Old Coin":13}],"Burning Blood":36},"card_choices":[{"not_picked":["Perfected Strike","Inflame"],"picked":"Heavy Blade","floor":1},{"not_picked":["Cleave","Rampage"],"picked":"Infernal Blade","floor":4},{"not_picked":["Perfected Strike","Fiend Fire"],"picked":"Twin Strike","floor":6},{"not_picked":["Battle Trance","Sword Boomerang"],"picked":"Clothesline","floor":7},{"not_picked":["Combust","Perfected Strike"],"picked":"Rage","floor":8},{"not_picked":["Rampage","Battle Trance"],"picked":"Ghostly Armor","floor":10}],"player_experience":208277,"relics_obtained":[{"floor":5,"key":"Happy Flower"},{"floor":6,"key":"Omamori"},{"floor":9,"key":"Old Coin"},{"floor":10,"key":"Matryoshka"}],"event_choices":[{"damage_healed":0,"gold_gain":0,"player_choice":"Take Damage","damage_taken":20,"relics_obtained":["Golden Idol"],"max_hp_gain":0,"max_hp_loss":0,"event_name":"Golden Idol","floor":2,"gold_loss":0},{"damage_healed":0,"gold_gain":0,"player_choice":"Grow","damage_taken":0,"max_hp_gain":0,"max_hp_loss":0,"event_name":"Living Wall","floor":3,"gold_loss":0,"cards_upgraded":["Heavy Blade"]}],"is_beta":false,"boss_relics":[],"items_purged_floors":[],"is_endless":false,"potions_floor_spawned":[4,8],"killed_by":"Lagavulin","ascension_level":8}}