{"host":"2nhpogk5xa0u9xre","time":1607743935,"event":{"mods":["Aspiration","BaseMod","Colored Powertips","Googly Eyes","Hubris","Infinite Spire","Minty Spire (QoL Compilation)","Rare Cards Sparkle","Replay The Spire","StSLib","The Construct","The Hayseed","The Hierophant","The Runesmith","everything is the same but u backflip on backflip"],"gold_per_floor":[110,127,202,215,189,189,204,204,204,259,278,291,291,304,304,304,304],"floor_reached":16,"playtime":433,"items_purged":[],"score":94,"play_id":"383f07ff-1dcf-4b3c-8ddc-74ba0d9f14fa","local_time":"20201211223215","is_ascension_mode":false,"campfire_choices":[{"data":"Runesmith:Grindstone","floor":6,"key":"SMITH"},{"data":"Runesmith:HammerThrow","floor":8,"key":"SMITH"},{"floor":15,"key":"REST"}],"circlet_count":0,"master_deck":["Runesmith:Strike_RS","Runesmith:Strike_RS","Runesmith:Strike_RS","Runesmith:Strike_RS","Runesmith:Defend_RS","Runesmith:Defend_RS","Runesmith:Defend_RS","Runesmith:Defend_RS","Runesmith:CraftFirestone","Runesmith:Fortify","Runesmith:Grindstone","Runesmith:Grindstone","Runesmith:HammerThrow+1","Runesmith:Grindstone+1","Runesmith:HeatExchange","Runesmith:CraftProtectio","Runesmith:HeatedChisel","Runesmith:LightningRod","Runesmith:CraftMagma"],"relics":["Runesmith:BrokenRuby","NeowsBlessing","Bottled Lightning","Oddly Smooth Stone"],"acts_visited":["Exordium"],"potions_floor_usage":[10,16],"damage_taken":[{"damage":0,"enemies":"Jaw Worm","floor":1,"turns":1},{"damage":0,"enemies":"Cultist","floor":2,"turns":1},{"damage":0,"enemies":"2 Louse","floor":4,"turns":1},{"damage":0,"enemies":"Large Slime","floor":7,"turns":8},{"damage":39,"enemies":"Gremlin Nob","floor":10,"turns":5},{"damage":16,"enemies":"Exordium Thugs","floor":11,"turns":6},{"damage":0,"enemies":"3 Louse","floor":12,"turns":3},{"damage":0,"enemies":"Red Slaver","floor":14,"turns":4},{"damage":35,"enemies":"Slime Boss","floor":16,"turns":7}],"seed_played":"-7522548349783047260","potions_obtained":[{"floor":2,"key":"AttackPotion"},{"floor":7,"key":"BlessingOfTheForge"},{"floor":14,"key":"BlessingOfTheForge"}],"is_trial":false,"path_per_floor":["M","M","?","M","$","R","M","R","T","?","M","M","?","M","R","B"],"character_chosen":"RUNESMITH_CLASS","items_purchased":["Runesmith:Grindstone"],"campfire_rested":1,"item_purchase_floors":[5],"current_hp_per_floor":[70,70,63,63,63,63,63,63,63,24,8,8,8,8,29,0,0],"gold":304,"neow_bonus":"THREE_ENEMY_KILL","is_daily":false,"chose_seed":false,"campfire_upgraded":2,"win_rate":0.0,"timestamp":1607743935,"path_taken":["M","M","?","M","?","R","M","R","T","?","M","M","?","M","R","BOSS"],"items_purchased_type":["Card"],"build_version":"2020-11-30","purchased_purges":0,"victory":false,"max_hp_per_floor":[70,70,70,70,70,70,70,70,70,70,70,70,70,70,70,70,70],"card_choices":[{"not_picked":["Runesmith:RuneHurl","Runesmith:Overpower"],"picked":"Runesmith:Grindstone","floor":1},{"not_picked":["Runesmith:Overpower","Runesmith:CraftVitae"],"picked":"Runesmith:Grindstone","floor":2},{"not_picked":["Runesmith:CraftProtectio","Runesmith:HeatedChisel"],"picked":"Runesmith:HammerThrow","floor":4},{"not_picked":["Runesmith:Repurpose","Runesmith:NegativeSpace"],"picked":"Runesmith:HeatExchange","floor":7},{"not_picked":["Runesmith:StaticCage","Runesmith:CraftObretio"],"picked":"Runesmith:CraftProtectio","floor":10},{"not_picked":["Runesmith:EarthShield","Runesmith:MakeshiftArmor"],"picked":"Runesmith:HeatedChisel","floor":11},{"not_picked":["aspiration:UnbridledHammer","Runesmith:Prism"],"picked":"Runesmith:LightningRod","floor":12},{"not_picked":["Runesmith:Repurpose","Runesmith:EnergizedChisel"],"picked":"Runesmith:CraftMagma","floor":14}],"player_experience":186554,"relics_obtained":[{"floor":9,"key":"Bottled Lightning"}],"event_choices":[{"damage_healed":0,"gold_gain":75,"player_choice":"Touch","damage_taken":7,"max_hp_gain":0,"max_hp_loss":0,"event_name":"FaceTrader","floor":3,"gold_loss":0},{"damage_healed":0,"gold_gain":0,"player_choice":"Searched \u00272\u0027 times","damage_taken":0,"relics_obtained":["Oddly Smooth Stone"],"max_hp_gain":0,"max_hp_loss":0,"event_name":"Dead Adventurer","floor":10,"gold_loss":0},{"damage_healed":0,"gold_gain":0,"player_choice":"Ignored","damage_taken":0,"max_hp_gain":0,"max_hp_loss":0,"event_name":"NoteForYourself","floor":13,"gold_loss":0}],"is_beta":false,"boss_relics":[],"items_purged_floors":[],"is_endless":false,"potions_floor_spawned":[2,7,14],"killed_by":"Slime Boss","ascension_level":0}}