{"host":"ebguxldc2ucorva7","time":1607797997,"event":{"mods":["AchievementEnabler","BaseMod","Best Route Mod","Colored Map","Colored Powertips","Disable Question Mark Monsters","Energized Spire","Highlight Path","Minty Spire (QoL Compilation)","Permanent Neow","Quick Restart","Shop Mod","StSLib"],"gold_per_floor":[110,121,121,121,136,136,151,326,326,17,37,37,50,69,69,69,69],"floor_reached":16,"playtime":917,"items_purged":["Regret"],"score":94,"play_id":"6f933a10-e72d-4e1e-b95d-36879dddd2c3","local_time":"20201212113317","is_ascension_mode":false,"campfire_choices":[{"data":"Zap","floor":6,"key":"SMITH"},{"floor":15,"key":"REST"}],"circlet_count":0,"master_deck":["Strike_B","Strike_B","Strike_B","Strike_B","Defend_B","Defend_B","Defend_B","Defend_B","Zap+1","Dualcast+1","BootSequence","Defragment","Force Field","Melter","Doubt","Defragment","Fission","Decay","Redo","Reinforced Body"],"relics":["Cracked Core","InkBottle","Happy Flower","Anchor","PreservedInsect"],"acts_visited":["Exordium"],"potions_floor_usage":[14],"damage_taken":[{"damage":1,"enemies":"Cultist","floor":1,"turns":3},{"damage":3,"enemies":"Jaw Worm","floor":2,"turns":3},{"damage":10,"enemies":"2 Louse","floor":5,"turns":3},{"damage":8,"enemies":"Blue Slaver","floor":7,"turns":4},{"damage":0,"enemies":"3 Louse","floor":11,"turns":3},{"damage":23,"enemies":"Gremlin Gang","floor":13,"turns":5},{"damage":13,"enemies":"Red Slaver","floor":14,"turns":5},{"damage":22,"enemies":"Slime Boss","floor":16,"turns":7}],"seed_played":"2523755501267884213","potions_obtained":[{"floor":1,"key":"SteroidPotion"},{"floor":5,"key":"GamblersBrew"}],"is_trial":false,"path_per_floor":["M","M","?","?","M","R","M","?","T","$","M","?","M","M","R","B"],"character_chosen":"DEFECT","items_purchased":["PreservedInsect","Defragment"],"campfire_rested":1,"item_purchase_floors":[10,10],"current_hp_per_floor":[74,71,64,64,54,54,46,46,46,46,46,46,23,10,32,10,10],"gold":69,"neow_bonus":"UPGRADE_CARD","is_daily":false,"chose_seed":false,"campfire_upgraded":1,"win_rate":0.0,"timestamp":1607797997,"path_taken":["M","M","?","?","M","R","M","?","T","?","M","?","M","?","R","BOSS"],"items_purchased_type":["Relic","Card"],"build_version":"2020-11-30","purchased_purges":1,"victory":false,"max_hp_per_floor":[75,75,75,75,75,75,75,75,75,75,75,75,75,75,75,75,75],"card_choices":[{"not_picked":["Coolheaded","Streamline"],"picked":"BootSequence","floor":1},{"not_picked":["Ball Lightning","Scrape"],"picked":"Defragment","floor":2},{"not_picked":["Compile Driver","Redo"],"picked":"Force Field","floor":5},{"not_picked":["Sweeping Beam","Conserve Battery"],"picked":"Melter","floor":7},{"not_picked":["Steam Power","Conserve Battery"],"picked":"Fission","floor":11},{"not_picked":["Streamline","Steam Power"],"picked":"Redo","floor":13},{"not_picked":["Force Field","Hologram"],"picked":"Reinforced Body","floor":14}],"player_experience":92781,"relics_obtained":[{"floor":9,"key":"Anchor"}],"event_choices":[{"damage_healed":0,"gold_gain":0,"player_choice":"Success","damage_taken":7,"relics_obtained":["InkBottle"],"max_hp_gain":0,"max_hp_loss":0,"event_name":"Scrap Ooze","floor":3,"gold_loss":0},{"damage_healed":0,"gold_gain":0,"player_choice":"Box","damage_taken":0,"relics_obtained":["Happy Flower"],"max_hp_gain":0,"max_hp_loss":0,"event_name":"Big Fish","floor":4,"gold_loss":0,"cards_obtained":["Regret"]},{"damage_healed":0,"gold_gain":175,"player_choice":"AGREE","damage_taken":0,"max_hp_gain":0,"max_hp_loss":0,"event_name":"Liars Game","floor":8,"gold_loss":0,"cards_obtained":["Doubt"]},{"damage_healed":0,"gold_gain":0,"player_choice":"Cursed","damage_taken":0,"max_hp_gain":0,"max_hp_loss":0,"event_name":"Wheel of Change","floor":12,"gold_loss":0,"cards_obtained":["Decay"]}],"is_beta":false,"boss_relics":[],"items_purged_floors":[10],"is_endless":false,"potions_floor_spawned":[1,5],"killed_by":"Slime Boss","ascension_level":0}}