{"host":"t7mx8yfj1no5p62f","time":1607814783,"event":{"mods":["BaseMod","Colored Map","Colored Powertips","Minty Spire (QoL Compilation)","Relic Stats","StSLib"],"gold_per_floor":[112,125,125,139,158,183,25,25,25,51,51,64,64,74,74,152,152,162,162,180,8,28,28,61,74,74,99,109,123,123,150,150,226,226,241,256,1255,1307,1307,1333,1333,817,817,461,473,502,517,534,534,534,534,534],"floor_reached":51,"playtime":3272,"items_purged":["Normality","Normality"],"score":1808,"play_id":"dc53944e-914d-4aad-8b34-da5ae036e667","local_time":"20201212181303","is_ascension_mode":true,"campfire_choices":[{"data":"Leg Sweep","floor":8.0,"key":"SMITH"},{"data":"Sucker Punch","floor":13.0,"key":"SMITH"},{"data":"Dagger Throw","floor":15.0,"key":"SMITH"},{"data":"Wraith Form v2","floor":23.0,"key":"SMITH"},{"data":"Predator","floor":30.0,"key":"SMITH"},{"data":"Well Laid Plans","floor":32.0,"key":"SMITH"},{"data":"Noxious Fumes","floor":41.0,"key":"SMITH"},{"floor":49.0,"key":"RECALL"}],"circlet_count":0,"master_deck":["AscendersBane","Strike_G","Strike_G","Strike_G","Strike_G","Strike_G","Defend_G","Defend_G","Defend_G","Defend_G","Defend_G","Survivor","Neutralize","Dagger Throw+1","Riddle With Holes+1","Calculated Gamble","Leg Sweep+1","PiercingWail","Sucker Punch+1","Wraith Form v2+1","Leg Sweep+1","Backflip+1","Distraction","Well Laid Plans+1","Predator+1","Bouncing Flask+1","Malaise+1","Noxious Fumes+1","Normality","Acrobatics+1","Calculated Gamble+1","Master of Strategy+1","Dodge and Roll+1","Prepared+1","Footwork","Noxious Fumes","Prepared+1","Escape Plan+1","Tactician+1","Tools of the Trade","Catalyst+1","Calculated Gamble+1"],"relics":["Coffee Dripper","FossilizedHelix","OrangePellets","Ninja Scroll","Paper Crane","Cursed Key","Membership Card","Orichalcum","Toxic Egg 2","Anchor","SacredBark","Prayer Wheel","HornCleat","TwistedFunnel","Strawberry","Boot","Mercury Hourglass","Strange Spoon","PreservedInsect"],"acts_visited":["Exordium","TheCity","TheBeyond"],"potions_floor_usage":[],"damage_taken":[{"damage":0.0,"enemies":"Jaw Worm","floor":1.0,"turns":6.0},{"damage":1.0,"enemies":"Cultist","floor":2.0,"turns":4.0},{"damage":0.0,"enemies":"2 Louse","floor":4.0,"turns":2.0},{"damage":1.0,"enemies":"Exordium Wildlife","floor":5.0,"turns":3.0},{"damage":21.0,"enemies":"Gremlin Nob","floor":6.0,"turns":4.0},{"damage":34.0,"enemies":"Lagavulin","floor":10.0,"turns":10.0},{"damage":0.0,"enemies":"Red Slaver","floor":12.0,"turns":3.0},{"damage":0.0,"enemies":"3 Louse","floor":14.0,"turns":3.0},{"damage":0.0,"enemies":"Slime Boss","floor":16.0,"turns":13.0},{"damage":0.0,"enemies":"3 Byrds","floor":18.0,"turns":7.0},{"damage":1.0,"enemies":"Shell Parasite","floor":20.0,"turns":5.0},{"damage":0.0,"enemies":"Centurion and Healer","floor":22.0,"turns":9.0},{"damage":50.0,"enemies":"Book of Stabbing","floor":24.0,"turns":11.0},{"damage":0.0,"enemies":"Snake Plant","floor":25.0,"turns":7.0},{"damage":9.0,"enemies":"Slavers","floor":27.0,"turns":14.0},{"damage":0.0,"enemies":"3 Cultists","floor":28.0,"turns":8.0},{"damage":0.0,"enemies":"Centurion and Healer","floor":29.0,"turns":5.0},{"damage":0.0,"enemies":"Book of Stabbing","floor":31.0,"turns":8.0},{"damage":5.0,"enemies":"Automaton","floor":33.0,"turns":13.0},{"damage":0.0,"enemies":"3 Darklings","floor":35.0,"turns":10.0},{"damage":0.0,"enemies":"Orb Walker","floor":36.0,"turns":5.0},{"damage":14.0,"enemies":"2 Orb Walkers","floor":38.0,"turns":7.0},{"damage":90.0,"enemies":"Reptomancer","floor":40.0,"turns":13.0},{"damage":0.0,"enemies":"Writhing Mass","floor":45.0,"turns":8.0},{"damage":0.0,"enemies":"Nemesis","floor":46.0,"turns":7.0},{"damage":0.0,"enemies":"Spire Growth","floor":47.0,"turns":6.0},{"damage":0.0,"enemies":"3 Darklings","floor":48.0,"turns":5.0},{"damage":0.0,"enemies":"Donu and Deca","floor":50.0,"turns":12.0},{"damage":20,"enemies":"Time Eater","floor":51,"turns":9}],"seed_played":"-1670280600753447303","potions_obtained":[{"floor":5.0,"key":"FairyPotion"},{"floor":6.0,"key":"Poison Potion"},{"floor":10.0,"key":"Fire Potion"},{"floor":16.0,"key":"GamblersBrew"},{"floor":25.0,"key":"EntropicBrew"},{"floor":27.0,"key":"LiquidMemories"},{"floor":38.0,"key":"Regen Potion"},{"floor":47.0,"key":"FearPotion"}],"is_trial":false,"path_per_floor":["M","M","?","M","M","E","$","R","T","E","?","M","R","M","R","B",null,"M","?","M","$","M","R","E","M","T","E","M","M","R","E","R","B",null,"M","M","?","?","?","E","R","$","T","$","M","E","M","M","R","B","B"],"character_chosen":"THE_SILENT","items_purchased":["OrangePellets","Membership Card","Master of Strategy+1","TwistedFunnel","Strawberry","PowerPotion","Dodge and Roll+1","Prepared+1","Footwork","Boot","Noxious Fumes","Prepared+1","Escape Plan+1","Mercury Hourglass","Strange Spoon"],"campfire_rested":0,"item_purchase_floors":[7,21,42,42,42,42,42,42,42,42,44,44,44,44,44],"current_hp_per_floor":[59,58,58,58,57,36,36,36,36,2,24,24,24,24,24,24,56,56,56,55,55,55,55,5,5,5,18,18,18,18,18,18,13,53,53,53,53,39,39,4,4,11,11,11,11,11,11,11,11,11,0,0],"gold":534,"neow_bonus":"BOSS_RELIC","is_daily":false,"chose_seed":false,"campfire_upgraded":7,"win_rate":0.0,"timestamp":1607814783,"path_taken":["M","M","?","M","M","E","?","R","T","E","?","M","R","M","R","BOSS","M","?","M","$","M","R","E","M","T","E","M","M","R","E","R","BOSS","M","M","?","?","?","E","R","$","T","$","?","E","M","M","R","BOSS","BOSS"],"items_purchased_type":["Relic","Relic","Card","Relic","Relic","Potion","Card","Card","Card","Relic","Card","Card","Card","Relic","Relic"],"build_version":"2020-11-30","purchased_purges":2,"victory":false,"max_hp_per_floor":[66,66,66,66,66,66,66,66,66,66,66,66,66,66,66,66,66,66,66,66,66,66,66,66,66,66,66,66,66,66,66,66,66,66,66,66,66,66,66,66,66,73,73,73,73,73,73,73,73,73,73,73],"relic_stats":{"OrangePellets":[25],"Strange Spoon":[32],"counters":[29,217],"Prayer Wheel":3,"PreservedInsect":0,"Orichalcum":[186],"Cursed Key":1,"Boot":[78],"obtain_stats":[{"TwistedFunnel":42,"SacredBark":34,"PreservedInsect":46,"Paper Crane":10,"Orichalcum":24,"Cursed Key":17,"Boot":42,"Mercury Hourglass":44,"OrangePellets":7,"Strange Spoon":44,"Anchor":31,"HornCleat":40,"Ninja Scroll":9,"Strawberry":42,"Prayer Wheel":38,"Coffee Dripper":0,"Membership Card":21,"Toxic Egg 2":27,"FossilizedHelix":6,"Ring of the Snake":0},{"TwistedFunnel":23,"SacredBark":19,"PreservedInsect":25,"Paper Crane":6,"Orichalcum":13,"Cursed Key":9,"Boot":23,"Mercury Hourglass":23,"OrangePellets":5,"Strange Spoon":23,"Anchor":18,"HornCleat":23,"Ninja Scroll":5,"Strawberry":23,"Prayer Wheel":22,"Coffee Dripper":0,"Membership Card":11,"Toxic Egg 2":15,"FossilizedHelix":5,"Ring of the Snake":0},{"TwistedFunnel":170,"SacredBark":135,"PreservedInsect":185,"Paper Crane":29,"Orichalcum":80,"Cursed Key":48,"Boot":170,"Mercury Hourglass":170,"OrangePellets":19,"Strange Spoon":170,"Anchor":122,"HornCleat":170,"Ninja Scroll":19,"Strawberry":170,"Prayer Wheel":157,"Coffee Dripper":0,"Membership Card":60,"Toxic Egg 2":101,"FossilizedHelix":19,"Ring of the Snake":0}],"Mercury Hourglass":[102]},"card_choices":[{"not_picked":["Acrobatics","Cloak And Dagger"],"picked":"Dagger Throw","floor":1.0},{"not_picked":["Skewer","Finisher"],"picked":"Riddle With Holes","floor":2.0},{"not_picked":["Quick Slash","Slice"],"picked":"Calculated Gamble","floor":4.0},{"not_picked":["Masterful Stab","Flying Knee"],"picked":"Leg Sweep","floor":5.0},{"not_picked":["Concentrate","Infinite Blades"],"picked":"PiercingWail","floor":6.0},{"not_picked":["Quick Slash","Tactician","Accuracy"],"picked":"SKIP","floor":10.0},{"not_picked":["Calculated Gamble","Accuracy"],"picked":"Sucker Punch","floor":12.0},{"not_picked":["Skewer","Endless Agony","Outmaneuver"],"picked":"SKIP","floor":14.0},{"not_picked":["Skewer","Endless Agony","Outmaneuver"],"picked":"SKIP","floor":14.0},{"not_picked":["Storm of Steel","Phantasmal Killer"],"picked":"Wraith Form v2","floor":16.0},{"not_picked":["Sucker Punch","Dodge and Roll","Deflect"],"picked":"SKIP","floor":18.0},{"not_picked":["Skewer","Choke+1"],"picked":"Backflip+1","floor":20.0},{"not_picked":["Dodge and Roll","Skewer","Leg Sweep"],"picked":"SKIP","floor":22.0},{"not_picked":["Heel Hook","Grand Finale"],"picked":"Distraction","floor":24.0},{"not_picked":["Flying Knee","Flechettes"],"picked":"Well Laid Plans","floor":25.0},{"not_picked":["Dagger Throw","Blur+1"],"picked":"Predator","floor":27.0},{"not_picked":["Underhanded Strike","Dagger Throw"],"picked":"Bouncing Flask+1","floor":28.0},{"not_picked":["Riddle With Holes","Deflect+1","Sucker Punch+1"],"picked":"SKIP","floor":29.0},{"not_picked":["Heel Hook","Slice+1","Dash"],"picked":"SKIP","floor":31.0},{"not_picked":["Storm of Steel+1","Adrenaline+1"],"picked":"Malaise+1","floor":33.0},{"not_picked":["Acrobatics+1","Deadly Poison+1"],"picked":"Noxious Fumes","floor":35.0},{"not_picked":["Concentrate+1","Quick Slash","Cloak And Dagger+1"],"picked":"SKIP","floor":36.0},{"not_picked":["Dash","Endless Agony"],"picked":"Acrobatics+1","floor":38.0},{"not_picked":["Dagger Throw","Cloak And Dagger+1"],"picked":"Calculated Gamble+1","floor":40.0},{"not_picked":["Flying Knee","Outmaneuver+1"],"picked":"Tactician+1","floor":45.0},{"not_picked":["Slice","Bane"],"picked":"Tools of the Trade","floor":45.0},{"not_picked":["Bane+1","Deflect+1"],"picked":"Catalyst+1","floor":46.0},{"not_picked":["Bane","Eviscerate"],"picked":"Calculated Gamble+1","floor":47.0},{"not_picked":["Dagger Spray","Flechettes","Flying Knee"],"picked":"SKIP","floor":47.0},{"not_picked":["Dodge and Roll+1","Dagger Spray","Unload"],"picked":"SKIP","floor":48.0},{"not_picked":["Dodge and Roll+1","Noxious Fumes","Bouncing Flask+1"],"picked":"SKIP","floor":48.0}],"player_experience":1533941,"relics_obtained":[{"floor":6.0,"key":"FossilizedHelix"},{"floor":9.0,"key":"Ninja Scroll"},{"floor":10.0,"key":"Paper Crane"},{"floor":24.0,"key":"Orichalcum"},{"floor":27.0,"key":"Toxic Egg 2"},{"floor":31.0,"key":"Anchor"},{"floor":38.0,"key":"Prayer Wheel"},{"floor":40.0,"key":"HornCleat"},{"floor":46.0,"key":"PreservedInsect"}],"event_choices":[{"damage_healed":0.0,"max_hp_gain":0.0,"max_hp_loss":0.0,"gold_gain":0.0,"event_name":"Upgrade Shrine","player_choice":"Upgraded","floor":3.0,"gold_loss":0.0,"damage_taken":0.0,"cards_upgraded":["Riddle With Holes"]},{"damage_healed":22.0,"max_hp_gain":0.0,"max_hp_loss":0.0,"gold_gain":0.0,"event_name":"Big Fish","player_choice":"Banana","floor":11.0,"gold_loss":0.0,"damage_taken":0.0},{"damage_healed":0.0,"max_hp_gain":0.0,"max_hp_loss":0.0,"gold_gain":0.0,"event_name":"Duplicator","player_choice":"Copied","floor":19.0,"gold_loss":0.0,"damage_taken":0.0,"cards_obtained":["Leg Sweep"]},{"damage_healed":0.0,"max_hp_gain":0.0,"max_hp_loss":0.0,"gold_gain":999.0,"event_name":"MindBloom","player_choice":"Gold","floor":37.0,"gold_loss":0.0,"damage_taken":0.0,"cards_obtained":["Normality","Normality"]},{"damage_healed":0.0,"max_hp_gain":0.0,"max_hp_loss":0.0,"gold_gain":0.0,"event_name":"Mysterious Sphere","player_choice":"Fight","floor":38.0,"gold_loss":0.0,"damage_taken":0.0},{"damage_healed":0.0,"max_hp_gain":0.0,"max_hp_loss":0.0,"gold_gain":0.0,"event_name":"Lab","player_choice":"Got Potions","floor":39.0,"gold_loss":0.0,"damage_taken":0.0}],"is_beta":false,"boss_relics":[{"not_picked":["Sozu","Ectoplasm"],"picked":"Cursed Key"},{"not_picked":["SlaversCollar","Velvet Choker"],"picked":"SacredBark"}],"items_purged_floors":[42,44],"is_endless":false,"potions_floor_spawned":[5,6,10,16,20,22,25,27,38,47,48],"killed_by":"Time Eater","ascension_level":20}}