{"host":"ebguxldc2ucorva7","time":1607807211,"event":{"mods":["AchievementEnabler","BaseMod","Best Route Mod","Bestiary","Better Note","Better Third Choice","Better-Laid Plans","Colored Map","Colored Powertips","Energized Spire","Minty Spire (QoL Compilation)","Permanent Neow","Quick Restart","Rare Cards Sparkle","Relic Stats","Replay The Spire","Shop Mod","StSLib","Synergy Search"],"gold_per_floor":[214,224,224,244,171,171,186,361,361,361,311,321,253,13,13,114,114,148,148,161,161,173,173],"floor_reached":22,"playtime":644,"items_purged":["Doubt"],"score":183,"play_id":"29c4b0d1-7d3b-4509-bf77-d390431af4ef","local_time":"20201212140651","is_ascension_mode":true,"campfire_choices":[{"data":"Loop","floor":6.0,"key":"SMITH"},{"data":"Zap","floor":10.0,"key":"SMITH"},{"data":"Magnetism","floor":15.0,"key":"SMITH"}],"circlet_count":0,"master_deck":["Strike_B","Strike_B","Strike_B","Defend_B","Defend_B","Defend_B","Zap+1","Dualcast","Ball Lightning","Conserve Battery","Loop+1","Turbo","Panic Button","Loop","Magnetism+1","Creative AI","FTL+1","Doubt","Amplify"],"relics":["Cracked Core","Bronze Scales","Prayer Wheel","Nuclear Battery","ReplayTheSpireMod:Ring of Exchange","MawBank"],"acts_visited":["Exordium","TheCity"],"potions_floor_usage":[18,22],"damage_taken":[{"damage":0.0,"enemies":"2 Louse","floor":1.0,"turns":2.0},{"damage":0.0,"enemies":"Cultist","floor":2.0,"turns":2.0},{"damage":5.0,"enemies":"Small Slimes","floor":4.0,"turns":3.0},{"damage":5.0,"enemies":"Looter","floor":7.0,"turns":3.0},{"damage":2.0,"enemies":"Blue Slaver","floor":12.0,"turns":3.0},{"damage":40.0,"enemies":"Hexaghost","floor":16.0,"turns":7.0},{"damage":28,"enemies":"2 Thieves","floor":18,"turns":3},{"damage":24,"enemies":"Chosen","floor":20,"turns":5},{"damage":34,"enemies":"Centurion and Healer","floor":22,"turns":7}],"seed_played":"3499106621105414213","potions_obtained":[{"floor":2.0,"key":"LiquidBronze"},{"floor":16.0,"key":"Fire Potion"},{"floor":20,"key":"Languid Potion"}],"is_trial":false,"path_per_floor":["M","M","?","M","$","R","M","?","T","R","?","M","$","$","R","B",null,"M","?","M","?","M"],"character_chosen":"DEFECT","items_purchased":["Loop","Loop","Magnetism"],"campfire_rested":0,"item_purchase_floors":[5,13,14],"current_hp_per_floor":[75,75,75,70,70,70,65,65,65,65,65,63,63,63,63,23,75,47,47,23,23,0,0],"gold":173,"neow_bonus":"HUNDRED_GOLD","is_daily":false,"chose_seed":false,"campfire_upgraded":3,"win_rate":0.0,"timestamp":1607807211,"path_taken":["M","M","?","M","$","R","?","?","T","R","?","M","?","$","R","BOSS","M","?","M","?","?"],"items_purchased_type":["Card","Card","Card"],"build_version":"2020-11-30","purchased_purges":1,"victory":false,"max_hp_per_floor":[75,75,75,75,75,75,75,75,75,75,75,75,75,75,75,75,75,75,75,75,75,75,75],"relic_stats":{"counters":[9,35],"Bronze Scales":[75],"Prayer Wheel":2,"MawBank":12,"obtain_stats":[{"ReplayTheSpireMod:Ring of Exchange":19,"Bronze Scales":9,"Prayer Wheel":16,"Cracked Core":0,"MawBank":21,"Nuclear Battery":17},{"ReplayTheSpireMod:Ring of Exchange":7,"Bronze Scales":4,"Prayer Wheel":6,"Cracked Core":0,"MawBank":8,"Nuclear Battery":6},{"ReplayTheSpireMod:Ring of Exchange":23,"Bronze Scales":10,"Prayer Wheel":17,"Cracked Core":0,"MawBank":28,"Nuclear Battery":20}]},"card_choices":[{"not_picked":["Go for the Eyes","Coolheaded"],"picked":"Ball Lightning","floor":1.0},{"not_picked":["Streamline","Sweeping Beam"],"picked":"Conserve Battery","floor":2.0},{"not_picked":["Sweeping Beam","Steam","Stack"],"picked":"SKIP","floor":4.0},{"not_picked":["Sweeping Beam","Leap"],"picked":"Turbo","floor":7.0},{"not_picked":["Barrage","Sweeping Beam"],"picked":"Panic Button","floor":12.0},{"not_picked":["Amplify","Multi-Cast"],"picked":"Creative AI","floor":16.0},{"not_picked":["Ball Lightning","Sweeping Beam"],"picked":"FTL+1","floor":18},{"not_picked":["BasicCrystalCard","Steam","Leap"],"picked":"SKIP","floor":18},{"not_picked":["Lockon","Streamline"],"picked":"Amplify","floor":20},{"not_picked":["Darkness","Barrage","Go for the Eyes+1"],"picked":"SKIP","floor":20}],"player_experience":99337,"relics_obtained":[{"floor":9.0,"key":"Bronze Scales"},{"floor":19,"key":"ReplayTheSpireMod:Ring of Exchange"}],"event_choices":[{"cards_removed":["Defend_B"],"damage_healed":0.0,"max_hp_gain":0.0,"max_hp_loss":0.0,"gold_gain":0.0,"event_name":"Bonfire Elementals","player_choice":"Offered Basic","floor":3.0,"gold_loss":0.0,"damage_taken":0.0},{"damage_healed":0.0,"max_hp_gain":0.0,"max_hp_loss":0.0,"gold_gain":175.0,"event_name":"betterThird:BetterSerpent","player_choice":"AGREE","floor":8.0,"gold_loss":0.0,"damage_taken":186.0},{"cards_removed":["Strike_B"],"damage_healed":0.0,"max_hp_gain":0.0,"max_hp_loss":0.0,"gold_gain":0.0,"event_name":"The Cleric","player_choice":"Card Removal","floor":11.0,"gold_loss":50.0,"damage_taken":0.0}],"is_beta":false,"boss_relics":[{"not_picked":["energizedSpire:OldTV","ReplayTheSpireMod:DimensionalGlitch"],"picked":"Nuclear Battery"}],"items_purged_floors":[14],"is_endless":false,"potions_floor_spawned":[2,16,20],"killed_by":"Centurion and Healer","ascension_level":1}}