{"host":"sct5htsgcw1q318k","time":1607808719,"event":{"mods":["BaseMod","Colored Map","Minty Spire (QoL Compilation)","Permanent Neow"],"gold_per_floor":[114,114,125,140,17,42,61,71,71,71,83,83,83,99,99,193,193,207,207,207],"floor_reached":19,"playtime":1098,"items_purged":[],"score":380,"play_id":"4ad21a14-91cb-4551-9328-73834b3c0aaf","local_time":"20201212153159","is_ascension_mode":true,"campfire_choices":[{"data":"Spot Weakness","floor":15,"key":"SMITH"}],"circlet_count":0,"master_deck":["AscendersBane","Strike_R","Strike_R","Strike_R","Strike_R","Strike_R","Defend_R","Defend_R","Defend_R","Defend_R","Bash","Brutality","Anger","Cleave","Whirlwind","Flex","Limit Break","Combust","Spot Weakness+1","Warcry","Feed"],"relics":["Burning Blood","Spirit Poop","Nunchaku","Omamori","Golden Idol","Busted Crown"],"acts_visited":["Exordium","TheCity"],"potions_floor_usage":[7,7,13,16],"damage_taken":[{"damage":14.0,"enemies":"2 Louse","floor":1.0,"turns":3.0},{"damage":8.0,"enemies":"Cultist","floor":3.0,"turns":3.0},{"damage":11.0,"enemies":"Jaw Worm","floor":4.0,"turns":4.0},{"damage":54.0,"enemies":"3 Sentries","floor":6.0,"turns":7.0},{"damage":0,"enemies":"Blue Slaver","floor":7,"turns":2},{"damage":8,"enemies":"Large Slime","floor":8,"turns":6},{"damage":1,"enemies":"2 Fungi Beasts","floor":11,"turns":3},{"damage":0,"enemies":"Gremlin Nob","floor":13,"turns":2},{"damage":9,"enemies":"Red Slaver","floor":14,"turns":3},{"damage":6,"enemies":"Slime Boss","floor":16,"turns":5},{"damage":22,"enemies":"Chosen","floor":18,"turns":4},{"damage":50,"enemies":"Masked Bandits","floor":19,"turns":3}],"seed_played":"852451393682737336","potions_obtained":[{"floor":3.0,"key":"FearPotion"},{"floor":4.0,"key":"SteroidPotion"},{"floor":11,"key":"SmokeBomb"},{"floor":14,"key":"Fire Potion"}],"is_trial":false,"path_per_floor":["M","?","M","M","$","E","M","M","T","?","M","?","E","M","R","B",null,"M","?"],"character_chosen":"IRONCLAD","items_purchased":["Flex","Limit Break"],"campfire_rested":0,"item_purchase_floors":[5,5],"current_hp_per_floor":[64,64,62,57,57,9,15,13,13,13,18,18,24,21,21,21,61,45,0,0],"gold":207,"neow_bonus":"THREE_RARE_CARDS","is_daily":false,"chose_seed":false,"campfire_upgraded":1,"win_rate":0.0,"timestamp":1607808719,"path_taken":["M","?","M","M","$","E","M","?","T","?","M","?","E","M","R","BOSS","M","?"],"items_purchased_type":["Card","Card"],"build_version":"2020-11-30","purchased_purges":0,"victory":false,"max_hp_per_floor":[80,80,80,80,80,80,80,80,80,80,80,74,74,74,74,74,74,74,77,77],"card_choices":[{"not_picked":["Reaper","Fiend Fire"],"picked":"Brutality","floor":0.0},{"not_picked":["Dark Embrace","Flex"],"picked":"Anger","floor":1.0},{"not_picked":["Perfected Strike","Clash"],"picked":"Cleave","floor":3.0},{"not_picked":["Perfected Strike","Disarm"],"picked":"Whirlwind","floor":4.0},{"not_picked":["Immolate","Second Wind"],"picked":"Combust","floor":6.0},{"not_picked":["Clash","Entrench","Heavy Blade"],"picked":"SKIP","floor":7},{"not_picked":["Heavy Blade","Iron Wave","Reckless Charge"],"picked":"SKIP","floor":8},{"not_picked":["Disarm","Warcry"],"picked":"Spot Weakness","floor":11},{"not_picked":["Thunderclap","Bloodletting","Warcry"],"picked":"SKIP","floor":14},{"not_picked":["Thunderclap","Bloodletting"],"picked":"Warcry","floor":14},{"not_picked":["Immolate","Exhume"],"picked":"Feed","floor":16},{"not_picked":["Cleave"],"picked":"SKIP","floor":18}],"player_experience":743461,"relics_obtained":[{"floor":6.0,"key":"Nunchaku"},{"floor":9,"key":"Omamori"}],"event_choices":[{"cards_removed":["Writhe"],"damage_healed":0.0,"max_hp_gain":0.0,"max_hp_loss":0.0,"gold_gain":0.0,"event_name":"Bonfire Elementals","player_choice":"Offered Curse","floor":2.0,"gold_loss":0.0,"damage_taken":0.0,"relics_obtained":["Spirit Poop"]},{"damage_healed":0,"gold_gain":0,"player_choice":"Fled","damage_taken":0,"max_hp_gain":0,"max_hp_loss":0,"event_name":"Scrap Ooze","floor":10,"gold_loss":0},{"damage_healed":0,"gold_gain":0,"player_choice":"Lose Max HP","damage_taken":0,"relics_obtained":["Golden Idol"],"max_hp_gain":0,"max_hp_loss":6,"event_name":"Golden Idol","floor":12,"gold_loss":0},{"damage_healed":0,"gold_gain":0,"player_choice":"Fought Bandits","damage_taken":0,"max_hp_gain":0,"max_hp_loss":0,"event_name":"Masked Bandits","floor":19,"gold_loss":0}],"is_beta":false,"boss_relics":[{"not_picked":["Fusion Hammer","Ectoplasm"],"picked":"Busted Crown"}],"items_purged_floors":[],"is_endless":false,"potions_floor_spawned":[3,4,6,11,14],"killed_by":"Masked Bandits","ascension_level":13}}