{"host":"l2821e3dgmq4sghh","time":1607799902,"event":{"mods":["BaseMod","Colored Powertips","Minty Spire (QoL Compilation)","StSLib"],"gold_per_floor":[111,111,126,146,221,252,252,284,284,284,284,294,324,342,342,342,342],"floor_reached":16,"playtime":1830,"items_purged":[],"score":228,"play_id":"1c044633-af1f-418d-8298-a88217f5cdc5","local_time":"20201212200502","is_ascension_mode":true,"campfire_choices":[{"floor":7,"key":"REST"},{"floor":11,"key":"REST"},{"floor":15,"key":"REST"}],"circlet_count":0,"master_deck":["AscendersBane","Strike_G","Strike_G","Strike_G","Strike_G","Defend_G","Defend_G","Defend_G","Defend_G","Defend_G","Survivor","Neutralize","Choke","Dash","Glass Knife","Dagger Spray","Dash","Escape Plan","Predator","Well Laid Plans","Cloak And Dagger"],"relics":["Ring of the Snake","Centennial Puzzle","Gremlin Horn","Bag of Marbles","Nunchaku"],"acts_visited":["Exordium"],"potions_floor_usage":[6,12,16],"damage_taken":[{"damage":7,"enemies":"Cultist","floor":1,"turns":5},{"damage":1,"enemies":"2 Louse","floor":3,"turns":3},{"damage":4,"enemies":"Small Slimes","floor":4,"turns":5},{"damage":38,"enemies":"Lagavulin","floor":6,"turns":9},{"damage":20,"enemies":"Gremlin Nob","floor":8,"turns":4},{"damage":0,"enemies":"Gremlin Gang","floor":12,"turns":3},{"damage":24,"enemies":"3 Sentries","floor":13,"turns":14},{"damage":0,"enemies":"Exordium Wildlife","floor":14,"turns":2},{"damage":24,"enemies":"Slime Boss","floor":16,"turns":6}],"seed_played":"7046026767564771035","potions_obtained":[{"floor":1,"key":"GamblersBrew"},{"floor":4,"key":"SmokeBomb"},{"floor":6,"key":"Explosive Potion"},{"floor":13,"key":"EssenceOfSteel"}],"is_trial":false,"path_per_floor":["M","?","M","M","?","E","R","E","T","?","R","M","E","M","R","B"],"character_chosen":"THE_SILENT","items_purchased":[],"campfire_rested":3,"item_purchase_floors":[],"current_hp_per_floor":[58,58,57,53,42,4,25,5,5,5,26,26,2,2,23,0,0],"gold":342,"neow_bonus":"TEN_PERCENT_HP_BONUS","is_daily":false,"chose_seed":false,"campfire_upgraded":0,"win_rate":0.0,"timestamp":1607799902,"path_taken":["M","?","M","M","?","E","R","E","T","?","R","M","E","M","R","BOSS"],"items_purchased_type":[],"build_version":"2020-11-30","purchased_purges":0,"victory":false,"max_hp_per_floor":[72,72,72,72,72,72,72,72,72,72,72,72,72,72,72,72,72],"card_choices":[{"not_picked":["Heel Hook","Outmaneuver"],"picked":"Choke","floor":1},{"not_picked":["Eviscerate","Acrobatics"],"picked":"Dash","floor":3},{"not_picked":["Deadly Poison","Choke"],"picked":"Glass Knife","floor":4},{"not_picked":["Sucker Punch","Dagger Throw"],"picked":"Dagger Spray","floor":6},{"not_picked":["Catalyst","Choke"],"picked":"Dash","floor":8},{"not_picked":["Underhanded Strike","Cloak And Dagger"],"picked":"Predator","floor":12},{"not_picked":["Quick Slash","Unload"],"picked":"Well Laid Plans","floor":13},{"not_picked":["Bane","Dagger Throw"],"picked":"Cloak And Dagger","floor":14}],"player_experience":5286327,"relics_obtained":[{"floor":6,"key":"Centennial Puzzle"},{"floor":8,"key":"Gremlin Horn"},{"floor":9,"key":"Bag of Marbles"},{"floor":13,"key":"Nunchaku"}],"event_choices":[{"damage_healed":0,"gold_gain":0,"player_choice":"Ignored","damage_taken":0,"max_hp_gain":0,"max_hp_loss":0,"event_name":"Liars Game","floor":2,"gold_loss":0},{"damage_healed":0,"gold_gain":75,"player_choice":"Gather Gold","damage_taken":11,"max_hp_gain":0,"max_hp_loss":0,"event_name":"World of Goop","floor":5,"gold_loss":0},{"damage_healed":0,"gold_gain":0,"cards_transformed":["Strike_G"],"player_choice":"Transformed","damage_taken":0,"max_hp_gain":0,"max_hp_loss":0,"event_name":"Transmorgrifier","floor":10,"gold_loss":0,"cards_obtained":["Escape Plan"]}],"is_beta":false,"boss_relics":[],"items_purged_floors":[],"is_endless":false,"potions_floor_spawned":[1,4,6,13],"killed_by":"Slime Boss","ascension_level":18}}