{"host":"ejx8funnumxcegvh","time":1607790120,"event":{"mods":["AchievementEnabler","Act Like it!","Aspiration","Bard","BaseMod","Beaked The Cultist","Better Altar","Better Match","Better Note","Better Sensory Stone","Better Skull","Better Third Choice","BetterRewards","CCEM","Clawfect","Colored Map","Conspire","Downfall","GifTheSpireLib","Googly Eyes","Halation","Hallownest","Hermit","Highlight Path","Hubris","Hunter ??","Infinite Spire","Jedi Mod","Jorbs\u0027s Wanderer Trilogy","Mad Scientist","Marisa????????","Mimic Mod","Minty Spire (QoL Compilation)","Permanent Neow","Replay The Spire","Shade Mod","Shop Mod","Spicy Shops","StSLib","Stuff the Spire","The Administrix","The Blackbeard","The Bug Knight","The Construct","The Cursed","The Disciple","The Gatherer","The Hierophant","The IronCluck","The Jungle","The Mystic","The Necromancer","The Problem Sleuth","The Runesmith","The Servant 0.9.4","The Spell Scribe","The Witch","Unceasing Turn Reminder","[IsaacMod]????","everything is the same but u backflip on backflip","slay the spire mod where everything is the same but ironclad has a cowboy hat"],"gold_per_floor":[110,0,18,31,50,50,61,169,194,302,302,314,430,214,214,318,318,330,330,330,349,349,477,477,490,526,526,526],"floor_reached":27,"playtime":3707,"items_purged":[],"score":303,"play_id":"5e4d159f-e9eb-44ee-9e36-481b84e66df5","local_time":"20201212102200","is_ascension_mode":false,"campfire_choices":[{"data":"bard:HideousLaughter","floor":6,"key":"SMITH"},{"floor":11,"key":"REST"},{"data":"bard:SongBolt","floor":15,"key":"SMITH"},{"data":"bard:CovetousAura","floor":24,"key":"SMITH"}],"circlet_count":0,"master_deck":["bard:Strike","bard:Strike","bard:Strike+1","bard:Strike","bard:Defend","bard:Defend","bard:Defend","bard:Defend","bard:Riposte","bard:Inspire","bard:LingeringEcho+1","Enlightenment","bard:Sift","bard:SongBolt+1","bard:HideousLaughter+1","bard:Flourish","bard:Heroism","bard:Balestra","bard:GuardPoint","bard:ThickOfTheFight","bard:CovetousAura+1","bard:FirstStrike","bard:Doot+1","bard:BestowCurse","bard:DervishDance+1"],"relics":["bard:PitchPipe","bard:BagPipes","HushsDoor","Damocles","StuffTheSpire:TintedRock","Gremlin Horn","Replay:Kaleidoscope","Pet Ghost","Onion Ring","CCEMRelics:JestersCrown","BookofShadows","StuffTheSpire:Wildfire","HollowMod:LifeEnderRelic","infinitespire:PuzzleCube","StuffTheSpire:Experiment12","halation:ForbiddenBikini","aspiration:FetidBarrel","GremlinMask","Mercury Hourglass","aspiration:ChemicalBlood","Whetstone","conspire:DeflatedDodgeball","Question Card","hubris:SphereOfDissonance"],"acts_visited":["Exordium","TheCity"],"potions_floor_usage":[],"damage_taken":[{"damage":6,"enemies":"Jaw Worm","floor":1,"turns":4},{"damage":0,"enemies":"2 Louse","floor":3,"turns":3},{"damage":0,"enemies":"conspire:RoseBush","floor":4,"turns":3},{"damage":0,"enemies":"Exordium Thugs","floor":5,"turns":5},{"damage":2,"enemies":"3 Louse","floor":7,"turns":3},{"damage":15,"enemies":"Gremlin Nob","floor":8,"turns":4},{"damage":2,"enemies":"Replay:BlueRogue","floor":10,"turns":5},{"damage":0,"enemies":"conspire:2 RoseBushes","floor":12,"turns":2},{"damage":0,"enemies":"HollowMod:MossKnight","floor":13,"turns":9},{"damage":3,"enemies":"Hexaghost","floor":16,"turns":7},{"damage":0,"enemies":"2 Thieves","floor":18,"turns":2},{"damage":0,"enemies":"3 Byrds","floor":21,"turns":2},{"damage":6,"enemies":"Slavers","floor":23,"turns":3},{"damage":0,"enemies":"Sentry and Sphere","floor":25,"turns":2},{"damage":0,"enemies":"Shelled Parasite and Fungi","floor":26,"turns":4},{"damage":0,"enemies":"conspire:SneckoGhost","floor":27,"turns":2}],"seed_played":"-4644017723356181116","potions_obtained":[{"floor":3,"key":"Strength Potion"},{"floor":4,"key":"Dexterity Potion"},{"floor":7,"key":"bard:InspiredBrew"},{"floor":10,"key":"Energy Potion"}],"is_trial":false,"path_per_floor":["M","?","M","M","M","R","M","E","T","E","R","M","E","$","R","B",null,"M","?","?","M","$","E","R","M","MIM","E"],"character_chosen":"BARD","items_purchased":["infinitespire:PuzzleCube","StuffTheSpire:Experiment12"],"campfire_rested":1,"item_purchase_floors":[14,14],"current_hp_per_floor":[57,63,63,63,63,63,61,46,46,44,71,71,71,71,71,68,90,90,90,75,75,75,69,69,69,69,0,0],"gold":526,"neow_bonus":"TWENTY_PERCENT_HP_BONUS","is_daily":false,"chose_seed":false,"campfire_upgraded":3,"win_rate":0.0,"timestamp":1607790120,"path_taken":["M","?","M","M","M","R","M","E","T","E","R","M","E","$","R","BOSS","M","?","?","M","$","E","R","M","MIM","E"],"items_purchased_type":["Relic","Relic"],"build_version":"2020-11-30","purchased_purges":0,"victory":false,"max_hp_per_floor":[84,90,90,90,90,90,90,90,90,90,90,90,90,90,90,90,90,90,90,90,90,90,90,90,90,90,90,90],"card_choices":[{"not_picked":[],"picked":"ChaosCard","floor":0},{"not_picked":["bard:CuttingWords","bard:QuickSong"],"picked":"bard:LingeringEcho","floor":1},{"not_picked":["bard:BucklerBash","bard:Balestra"],"picked":"bard:Sift","floor":3},{"not_picked":["bard:QuickSong","bard:InspiringSong"],"picked":"bard:SongBolt","floor":4},{"not_picked":["bard:TinyHut","bard:BucklerBash"],"picked":"bard:HideousLaughter","floor":5},{"not_picked":["bard:PowerWordStun","bard:DervishDance"],"picked":"bard:Flourish","floor":7},{"not_picked":["bard:QuickSong","bard:FeastOnFear"],"picked":"bard:Heroism","floor":8},{"not_picked":["bard:Heroism","bard:Gamble"],"picked":"bard:Balestra","floor":10},{"not_picked":["bard:ViciousMockery","bard:Gamble"],"picked":"bard:GuardPoint","floor":12},{"not_picked":["bard:Haste","bard:FingerOfDeath"],"picked":"bard:ThickOfTheFight","floor":13},{"not_picked":["bard:PowerWordStun","bard:Shifting"],"picked":"bard:CovetousAura","floor":16},{"not_picked":["bard:Shout+1","bard:Balestra"],"picked":"bard:FirstStrike","floor":18},{"not_picked":["bard:ThickOfTheFight","bard:PhantasmalForce","bard:Parry+1"],"picked":"SKIP","floor":21},{"not_picked":["bard:FaerieFire","bard:Fermata"],"picked":"bard:Doot+1","floor":23},{"not_picked":["bard:Parry+1","bard:PrismaticSpray"],"picked":"bard:BestowCurse","floor":25},{"not_picked":["bard:PowerWordStun","bard:Greatness"],"picked":"bard:DervishDance+1","floor":26}],"player_experience":23079,"relics_obtained":[{"floor":7,"key":"StuffTheSpire:TintedRock"},{"floor":8,"key":"Gremlin Horn"},{"floor":8,"key":"Replay:Kaleidoscope"},{"floor":9,"key":"Pet Ghost"},{"floor":10,"key":"Onion Ring"},{"floor":10,"key":"CCEMRelics:JestersCrown"},{"floor":12,"key":"BookofShadows"},{"floor":13,"key":"StuffTheSpire:Wildfire"},{"floor":13,"key":"HollowMod:LifeEnderRelic"},{"floor":18,"key":"aspiration:FetidBarrel"},{"floor":21,"key":"Mercury Hourglass"},{"floor":23,"key":"aspiration:ChemicalBlood"},{"floor":23,"key":"Whetstone"},{"floor":25,"key":"conspire:DeflatedDodgeball"},{"floor":26,"key":"Question Card"},{"floor":26,"key":"hubris:SphereOfDissonance"}],"event_choices":[{"damage_healed":0,"gold_gain":0,"player_choice":"RENOUNCE","damage_taken":110,"max_hp_gain":0,"max_hp_loss":0,"event_name":"betterThird:BetterSerpent","floor":2,"gold_loss":110,"cards_obtained":["Enlightenment"]},{"damage_healed":0,"gold_gain":0,"player_choice":"Trade","damage_taken":0,"relics_obtained":["GremlinMask"],"max_hp_gain":0,"max_hp_loss":0,"event_name":"FaceTrader","floor":19,"gold_loss":0}],"is_beta":false,"boss_relics":[{"not_picked":["conspire:RoyalGoblet","conspire:RunicOctahedron"],"picked":"halation:ForbiddenBikini"},{"not_picked":[]}],"items_purged_floors":[],"is_endless":false,"potions_floor_spawned":[3,4,7,10,12,16,23],"killed_by":"conspire:SneckoGhost","ascension_level":0}}