{"host":"5pvsezzv96u4cz40","time":1607804988,"event":{"mods":["Act Like it!","BaseMod","BetterRewards","CapriCore","Colored Map","Colored Powertips","GifTheSpireLib","Hubris","Menagerie","Minty Spire (QoL Compilation)","Remilia??????","Replay The Spire","Shop Mod","StSLib"],"gold_per_floor":[113,26,39,51,63,63,63,40,40,58,58,58,58,58,58,154,154,173,113,107,11,32,32,57,57,57],"floor_reached":25,"playtime":6759,"items_purged":[],"score":211,"play_id":"cd9da09b-965c-4504-bb9d-da4ddf72d525","local_time":"20201212212948","is_ascension_mode":false,"campfire_choices":[{"data":"ReplayTheSpireMod:Scrap Shanks","floor":6,"key":"SMITH"},{"floor":11,"key":"REST"},{"data":"Skewer","floor":13,"key":"SMITH"},{"data":"Poisoned Stab","floor":15,"key":"SMITH"},{"floor":23,"key":"REST"}],"circlet_count":0,"master_deck":["Strike_G","Strike_G+1","Strike_G","Strike_G","Strike_G","Defend_G+1","Defend_G","Defend_G","Defend_G","Survivor","Neutralize","Poisoned Stab+1","ReplayTheSpireMod:Scrap Shanks+1","PiercingWail","Slice","PiercingWail","Quick Slash","Skewer+1","Slice","ReplayTheSpireMod:Shiv Toss","Die Die Die","Deflect+1","Dagger Throw+1","ReplayTheSpireMod:Scrap Shanks+1","Calculated Gamble"],"relics":["Ring of the Serpent","NeowsBlessing","Question Card","Mummified Hand","Menagerie:HuntersKnife","Simple Rune"],"acts_visited":["Menagerie:Menagerie","TheCity"],"potions_floor_usage":[16,16,16,22],"damage_taken":[{"damage":0,"enemies":"Menagerie:StygianBoar","floor":1,"turns":1},{"damage":0,"enemies":"Menagerie:WhisperingWraith","floor":3,"turns":1},{"damage":0,"enemies":"Menagerie:2_RABBITS","floor":4,"turns":1},{"damage":0,"enemies":"Menagerie:RedMage","floor":5,"turns":5},{"damage":9,"enemies":"Menagerie:STYGIAN_BOAR_AND_WHISPERING_WRAITH","floor":10,"turns":6},{"damage":36,"enemies":"Menagerie:Chimera","floor":16,"turns":11},{"damage":32,"enemies":"Shell Parasite","floor":18,"turns":8},{"damage":3,"enemies":"2 Thieves","floor":20,"turns":4},{"damage":7,"enemies":"Centurion and Healer","floor":22,"turns":7},{"damage":69,"enemies":"Book of Stabbing","floor":24,"turns":8},{"damage":5,"enemies":"Cultist and Chosen","floor":25,"turns":1}],"seed_played":"3679537103084237380","potions_obtained":[{"floor":1,"key":"Swift Potion"},{"floor":4,"key":"SkillPotion"},{"floor":10,"key":"Swift Potion"},{"floor":18,"key":"Dexterity Potion"}],"is_trial":false,"path_per_floor":["M","$","M","M","M","R","?","$","T","M","R","T","R","?","R","B",null,"M","?","M","$","M","R","E","M"],"character_chosen":"THE_SILENT","items_purchased":["ReplayTheSpireMod:Scrap Shanks","PiercingWail","Slice","FairyPotion"],"campfire_rested":2,"item_purchase_floors":[2,2,8,21],"current_hp_per_floor":[70,70,70,70,70,70,73,73,73,64,73,73,73,68,68,32,68,36,36,33,33,26,46,2,0,0],"gold":57,"neow_bonus":"THREE_ENEMY_KILL","is_daily":false,"chose_seed":false,"campfire_upgraded":3,"win_rate":0.0,"timestamp":1607804988,"path_taken":["M","$","M","M","M","R","?","$","T","M","R","?","R","?","R","BOSS","M","?","M","$","M","R","E","M"],"items_purchased_type":["Card","Card","Card","Potion"],"build_version":"2020-11-30","purchased_purges":0,"victory":false,"max_hp_per_floor":[70,70,70,70,70,70,73,73,73,73,73,73,73,68,68,68,68,68,68,68,68,68,68,68,68,68],"card_choices":[{"not_picked":["Replay:Poison Smokescreen","Fluid Movement"],"picked":"Poisoned Stab","floor":1},{"not_picked":["Leg Sweep","Replay:Poison Smokescreen"],"picked":"Slice","floor":3},{"not_picked":["Finisher","Outmaneuver"],"picked":"PiercingWail","floor":4},{"not_picked":["Flying Knee","ReplayTheSpireMod:Tripwire"],"picked":"Quick Slash","floor":5},{"not_picked":["Bane","Sneak Up","hubris:Sniper"],"picked":"ReplayTheSpireMod:Shiv Toss","floor":10},{"not_picked":["Wraith Form v2","Venomology","Replay:Bag of Tricks"],"picked":"Die Die Die","floor":16},{"not_picked":["Poisoned Stab","Acrobatics+1","PiercingWail"],"picked":"Deflect+1","floor":18},{"not_picked":["Hidden Blade","Flying Knee","Dodge and Roll+1"],"picked":"Dagger Throw+1","floor":20},{"not_picked":["Flying Knee+1","hubris:SlightOfHand","Prepared"],"picked":"ReplayTheSpireMod:Scrap Shanks+1","floor":22},{"not_picked":["Predator+1","Caltrops","Dagger Throw"],"picked":"Calculated Gamble","floor":24}],"player_experience":50333,"relics_obtained":[{"floor":9,"key":"Question Card"},{"floor":12,"key":"Mummified Hand"},{"floor":24,"key":"Simple Rune"}],"event_choices":[{"damage_healed":0,"gold_gain":0,"cards_transformed":["Defend_G"],"player_choice":"Vigor","damage_taken":0,"max_hp_gain":3,"max_hp_loss":0,"event_name":"Menagerie:CloudVision","floor":7,"gold_loss":0,"cards_obtained":["Skewer"]},{"damage_healed":0,"gold_gain":0,"player_choice":"Take","damage_taken":0,"relics_obtained":["Menagerie:HuntersKnife"],"max_hp_gain":0,"max_hp_loss":5,"event_name":"Menagerie:BigGameHunter","floor":14,"gold_loss":0}],"is_beta":false,"boss_relics":[{"not_picked":["Honey Jar","Philosopher\u0027s Stone"],"picked":"Ring of the Serpent"}],"items_purged_floors":[],"is_endless":false,"potions_floor_spawned":[1,4,10,18],"killed_by":"Cultist and Chosen","ascension_level":0}}