{"host":"y76clbnovzmw9ubx","time":1607733616,"event":{"mods":["AchievementEnabler","BaseMod","Minty Spire (QoL Compilation)","Permanent Neow","Relic Stats"],"gold_per_floor":[109,127,145,145,155,155,181,181,181,196,228,248,262,275,275,347,347,366,43,43,43,57,57,90,90,90,15,15,35,135,161,161,237,237,256,274,291,291,291],"floor_reached":38,"playtime":1830,"items_purged":["Injury"],"score":856,"play_id":"65880d2d-455b-43af-91b8-2cff7da76303","local_time":"20201211194016","is_ascension_mode":true,"campfire_choices":[{"data":"Lockon","floor":6.0,"key":"SMITH"},{"floor":8.0,"key":"REST"},{"floor":15.0,"key":"REST"},{"data":"Hologram","floor":23,"key":"SMITH"},{"data":"Biased Cognition","floor":25,"key":"SMITH"},{"data":"Coolheaded","floor":28,"key":"SMITH"},{"data":"Tempest","floor":32,"key":"SMITH"}],"circlet_count":0,"master_deck":["AscendersBane","Strike_B","Strike_B","Strike_B","Defend_B","Defend_B","Defend_B","Defend_B","Zap","Dualcast","Rebound","Lockon+1","Go for the Eyes","Ball Lightning","Ball Lightning","Chill","Echo Form","Conserve Battery","Genetic Algorithm","Coolheaded+1","Electrodynamics","Hologram+1","Barrage+1","Biased Cognition+1","Tempest+1","Echo Form","Coolheaded+1","Seek","Capacitor"],"relics":["Cracked Core","Ginger","Art of War","Potion Belt","Eternal Feather","Cursed Key","Lantern","Regal Pillow","Question Card","HornCleat","Gambling Chip","Matryoshka","Boot","Coffee Dripper"],"acts_visited":["Exordium","TheCity","TheBeyond"],"potions_floor_usage":[18,30,33,38,38],"damage_taken":[{"damage":0.0,"enemies":"Small Slimes","floor":1.0,"turns":3.0},{"damage":2.0,"enemies":"Jaw Worm","floor":2.0,"turns":3.0},{"damage":1.0,"enemies":"Cultist","floor":3.0,"turns":3.0},{"damage":9.0,"enemies":"Looter","floor":5.0,"turns":3.0},{"damage":11.0,"enemies":"Gremlin Nob","floor":7.0,"turns":3.0},{"damage":0.0,"enemies":"2 Fungi Beasts","floor":10.0,"turns":2.0},{"damage":18.0,"enemies":"Lagavulin","floor":11.0,"turns":5.0},{"damage":14.0,"enemies":"3 Louse","floor":12.0,"turns":3.0},{"damage":6.0,"enemies":"Blue Slaver","floor":13.0,"turns":2.0},{"damage":0.0,"enemies":"Looter","floor":14.0,"turns":3.0},{"damage":29.0,"enemies":"Hexaghost","floor":16.0,"turns":9.0},{"damage":7,"enemies":"3 Byrds","floor":18,"turns":4},{"damage":7,"enemies":"2 Thieves","floor":22,"turns":3},{"damage":26,"enemies":"Slavers","floor":24,"turns":3},{"damage":0,"enemies":"Chosen and Byrds","floor":29,"turns":3},{"damage":0,"enemies":"Colosseum Slavers","floor":30,"turns":3},{"damage":2,"enemies":"Colosseum Nobs","floor":30,"turns":4},{"damage":12,"enemies":"Gremlin Leader","floor":31,"turns":7},{"damage":36,"enemies":"Champ","floor":33,"turns":9},{"damage":11,"enemies":"3 Darklings","floor":35,"turns":5},{"damage":0,"enemies":"Orb Walker","floor":36,"turns":3},{"damage":36,"enemies":"3 Darklings","floor":37,"turns":4},{"damage":23,"enemies":"Jaw Worm Horde","floor":38,"turns":2}],"seed_played":"-109613607848858250","potions_obtained":[{"floor":2.0,"key":"FocusPotion"},{"floor":3.0,"key":"Dexterity Potion"},{"floor":13.0,"key":"SmokeBomb"},{"floor":14.0,"key":"Weak Potion"},{"floor":16.0,"key":"Block Potion"},{"floor":24,"key":"SkillPotion"},{"floor":29,"key":"PotionOfCapacity"},{"floor":31,"key":"Weak Potion"}],"is_trial":false,"path_per_floor":["M","M","M","?","M","R","E","R","T","M","E","M","M","M","R","B",null,"M","$","?","?","M","R","E","R","T","$","R","M","?","E","R","B",null,"M","M","M","M"],"character_chosen":"DEFECT","items_purchased":["Lantern","Regal Pillow"],"campfire_rested":2,"item_purchase_floors":[19,19],"current_hp_per_floor":[46,44,43,43,34,34,23,44,44,44,26,12,6,6,39,10,56,49,49,49,49,42,54,28,40,40,40,52,52,50,38,53,17,58,47,47,11,0,0],"gold":291,"neow_bonus":"ONE_RARE_RELIC","is_daily":false,"chose_seed":false,"campfire_upgraded":5,"win_rate":0.0,"timestamp":1607733616,"path_taken":["M","M","M","?","M","R","E","R","T","M","E","M","M","M","R","BOSS","M","$","?","?","?","R","E","R","T","$","R","M","?","E","R","BOSS","M","M","M","M"],"items_purchased_type":["Relic","Relic"],"build_version":"2020-11-30","purchased_purges":1,"victory":false,"max_hp_per_floor":[71,71,71,71,71,71,71,71,71,71,71,71,71,71,71,71,71,71,71,71,71,71,71,71,71,71,71,71,71,71,71,71,71,71,71,71,71,71,71],"relic_stats":{"Regal Pillow":0,"counters":[23,89],"Gambling Chip":[15],"Eternal Feather":63,"Art of War":[9],"Ginger":[7],"Cursed Key":1,"Question Card":7,"Boot":[13],"obtain_stats":[{"Potion Belt":9,"Lantern":19,"Regal Pillow":19,"Eternal Feather":11,"Ginger":0,"Cursed Key":17,"Question Card":24,"Boot":31,"HornCleat":26,"Matryoshka":30,"Gambling Chip":30,"Art of War":7,"Coffee Dripper":34,"Cracked Core":0},{"Potion Belt":5,"Lantern":12,"Regal Pillow":12,"Eternal Feather":7,"Ginger":0,"Cursed Key":11,"Question Card":14,"Boot":18,"HornCleat":14,"Matryoshka":17,"Gambling Chip":17,"Art of War":5,"Coffee Dripper":19,"Cracked Core":0},{"Potion Belt":15,"Lantern":43,"Regal Pillow":43,"Eternal Feather":22,"Ginger":0,"Cursed Key":39,"Question Card":49,"Boot":66,"HornCleat":49,"Matryoshka":59,"Gambling Chip":59,"Art of War":15,"Coffee Dripper":75,"Cracked Core":0}]},"card_choices":[{"not_picked":["Conserve Battery","Darkness"],"picked":"Rebound","floor":1.0},{"not_picked":["Stack","Gash"],"picked":"Lockon","floor":2.0},{"not_picked":["Fusion","Conserve Battery"],"picked":"Go for the Eyes","floor":3.0},{"not_picked":["Coolheaded","Tempest"],"picked":"Ball Lightning","floor":5.0},{"not_picked":["Sweeping Beam","Melter"],"picked":"Ball Lightning","floor":7.0},{"not_picked":["Auto Shields","Redo"],"picked":"Chill","floor":10.0},{"not_picked":["Rip and Tear","Blizzard"],"picked":"Echo Form","floor":11.0},{"not_picked":["Fusion","Rebound"],"picked":"Conserve Battery","floor":12.0},{"not_picked":["Beam Cell","Leap"],"picked":"Genetic Algorithm","floor":13.0},{"not_picked":["Compile Driver","Gash"],"picked":"Coolheaded","floor":14.0},{"not_picked":["Multi-Cast","Meteor Strike"],"picked":"Electrodynamics","floor":16.0},{"not_picked":["Go for the Eyes","Rebound+1"],"picked":"Hologram","floor":18},{"not_picked":["Streamline","Steam Power"],"picked":"Barrage+1","floor":22},{"not_picked":["Compile Driver","Stack"],"picked":"Biased Cognition","floor":24},{"not_picked":["Blizzard","BootSequence","Force Field"],"picked":"Tempest","floor":29},{"not_picked":["Streamline","Rip and Tear","Turbo","Chaos+1"],"picked":"SKIP","floor":31},{"not_picked":["Streamline","Rip and Tear","Turbo","Chaos+1"],"picked":"SKIP","floor":31},{"not_picked":["Amplify","Machine Learning","Creative AI"],"picked":"Echo Form","floor":33},{"not_picked":["Conserve Battery+1","Barrage","Heatsinks"],"picked":"Coolheaded+1","floor":35},{"not_picked":["Darkness","Rebound","BootSequence"],"picked":"Seek","floor":36},{"not_picked":["Steam Power","Gash+1","Ball Lightning"],"picked":"Capacitor","floor":37}],"player_experience":2809605,"relics_obtained":[{"floor":7.0,"key":"Art of War"},{"floor":9.0,"key":"Potion Belt"},{"floor":11.0,"key":"Eternal Feather"},{"floor":24,"key":"Question Card"},{"floor":26,"key":"HornCleat"},{"floor":30,"key":"Gambling Chip"},{"floor":30,"key":"Matryoshka"},{"floor":31,"key":"Boot"}],"event_choices":[{"damage_healed":0.0,"max_hp_gain":0.0,"max_hp_loss":0.0,"gold_gain":0.0,"event_name":"Shining Light","player_choice":"Ignored","floor":4.0,"gold_loss":0.0,"damage_taken":0.0},{"cards_removed":["Strike_B"],"damage_healed":0,"gold_gain":0,"player_choice":"Card Removal","damage_taken":0,"max_hp_gain":0,"max_hp_loss":0,"event_name":"Wheel of Change","floor":21,"gold_loss":0},{"damage_healed":0,"gold_gain":0,"player_choice":"Fight","damage_taken":0,"max_hp_gain":0,"max_hp_loss":0,"event_name":"Colosseum","floor":30,"gold_loss":0},{"damage_healed":0,"gold_gain":0,"player_choice":"Fought Nobs","damage_taken":0,"max_hp_gain":0,"max_hp_loss":0,"event_name":"Colosseum","floor":30,"gold_loss":0}],"is_beta":false,"boss_relics":[{"not_picked":["Runic Dome","Empty Cage"],"picked":"Cursed Key"},{"not_picked":["Calling Bell","Velvet Choker"],"picked":"Coffee Dripper"}],"items_purged_floors":[27],"is_endless":false,"potions_floor_spawned":[2,3,13,14,16,24,29,30,31],"killed_by":"Jaw Worm Horde","ascension_level":20}}