{"host":"2cg6xoexl1he7zus","time":1607763507,"event":{"mods":["AchievementEnabler","BaseMod","Colored Map","Minty Spire (QoL Compilation)","Quick Restart","StSLib","SuperFastMode","everything is the same but u backflip on backflip"],"gold_per_floor":[112,131,131,144,156,156,156,185,265,340,340,340,353,379,379,482,482,496,496,41,41,41,41,55,55,55,55,69,84,102,136,136,239,239,254,529,283,301,349,349,361,361,361,394,394,394,394,56,56,56],"floor_reached":51,"playtime":2328,"items_purged":["Defend_B","Regret"],"score":1086,"play_id":"d30b9c91-6a3d-44e8-b6d5-48dd65cc88c6","local_time":"20201212175827","is_ascension_mode":true,"campfire_choices":[{"data":"Dualcast","floor":6.0,"key":"SMITH"},{"data":"Genetic Algorithm","floor":11.0,"key":"SMITH"},{"floor":15.0,"key":"REST"},{"data":"Reboot","floor":23.0,"key":"SMITH"},{"data":"Aggregate","floor":25.0,"key":"SMITH"},{"floor":27.0,"key":"REST"},{"data":"Double Energy","floor":32.0,"key":"SMITH"},{"data":"Creative AI","floor":40,"key":"SMITH"},{"data":"Hologram","floor":42,"key":"SMITH"},{"data":"Defragment","floor":47,"key":"SMITH"},{"data":"Coolheaded","floor":49,"key":"SMITH"}],"circlet_count":0,"master_deck":["Zap","Dualcast+1","Double Energy+1","Sunder","Turbo","Streamline","Ball Lightning","Aggregate+1","Genetic Algorithm+1","Defragment+1","Reboot+1","Self Repair","Hologram+1","Force Field","Coolheaded+1","Scrape","Creative AI+1","Reinforced Body+1","Master of Strategy+1","Heatsinks"],"relics":["Cracked Core","Torii","Sundial","Nunchaku","Empty Cage","Enchiridion","Art of War","Runic Capacitor","Gremlin Horn","Pantograph","Runic Pyramid","HandDrill","TungstenRod","Toxic Egg 2","Strawberry","Bag of Marbles"],"acts_visited":["Exordium","TheCity","TheBeyond"],"potions_floor_usage":[39,44,50,50,50],"damage_taken":[{"damage":0.0,"enemies":"Cultist","floor":1.0,"turns":3.0},{"damage":0.0,"enemies":"Small Slimes","floor":2.0,"turns":2.0},{"damage":0.0,"enemies":"Jaw Worm","floor":4.0,"turns":2.0},{"damage":13.0,"enemies":"Blue Slaver","floor":5.0,"turns":2.0},{"damage":15.0,"enemies":"3 Sentries","floor":8.0,"turns":4.0},{"damage":10.0,"enemies":"Looter","floor":13.0,"turns":2.0},{"damage":6.0,"enemies":"Gremlin Nob","floor":14.0,"turns":3.0},{"damage":24.0,"enemies":"Slime Boss","floor":16.0,"turns":7.0},{"damage":32.0,"enemies":"2 Thieves","floor":18.0,"turns":4.0},{"damage":12.0,"enemies":"Chosen","floor":24.0,"turns":3.0},{"damage":0.0,"enemies":"3 Cultists","floor":28.0,"turns":4.0},{"damage":7.0,"enemies":"Centurion and Healer","floor":29.0,"turns":6.0},{"damage":1.0,"enemies":"Chosen and Byrds","floor":30.0,"turns":6.0},{"damage":38.0,"enemies":"Slavers","floor":31.0,"turns":4.0},{"damage":87.0,"enemies":"Champ","floor":33.0,"turns":12.0},{"damage":0.0,"enemies":"3 Shapes","floor":35.0,"turns":3.0},{"damage":22.0,"enemies":"3 Darklings","floor":38.0,"turns":5.0},{"damage":0,"enemies":"2 Orb Walkers","floor":39,"turns":5},{"damage":12,"enemies":"Jaw Worm Horde","floor":41,"turns":3},{"damage":16,"enemies":"Reptomancer","floor":44,"turns":5},{"damage":0,"enemies":"Donu and Deca","floor":50,"turns":11}],"seed_played":"-8137217325377923603","potions_obtained":[{"floor":1.0,"key":"Block Potion"},{"floor":2.0,"key":"Fire Potion"},{"floor":8.0,"key":"LiquidMemories"},{"floor":18.0,"key":"Regen Potion"},{"floor":28.0,"key":"FairyPotion"},{"floor":31.0,"key":"PotionOfCapacity"},{"floor":33.0,"key":"PowerPotion"},{"floor":39,"key":"FearPotion"},{"floor":44,"key":"Regen Potion"}],"is_trial":false,"path_per_floor":["M","M","?","M","M","R","?","E","T","?","R","?","M","E","R","B",null,"M","?","$","?","?","R","M","R","T","R","M","M","M","E","R","B",null,"M","?","$","M","?","R","M","R","T","E","?","T","R","$","R","B",null],"character_chosen":"DEFECT","items_purchased":["Self Repair","Art of War","Runic Capacitor","HandDrill","Master of Strategy+1","Heatsinks","GamblersBrew"],"campfire_rested":2,"item_purchase_floors":[20,20,20,37,48,48,48],"current_hp_per_floor":[68,68,61,61,48,48,48,33,33,22,22,47,37,31,53,29,64,32,16,16,16,41,41,36,36,36,58,65,65,71,40,40,11,59,73,73,73,51,58,58,53,53,53,65,65,65,65,65,65,78],"gold":56,"neow_bonus":"TRANSFORM_CARD","is_daily":false,"chose_seed":false,"campfire_upgraded":9,"win_rate":0.0,"timestamp":1607763507,"path_taken":["M","M","?","M","M","R","?","E","T","?","R","?","M","E","R","BOSS","M","?","$","?","?","R","M","R","T","R","M","M","M","E","R","BOSS","M","?","$","?","?","R","M","R","T","E","?","?","R","$","R","BOSS"],"items_purchased_type":["Card","Relic","Relic","Relic","Card","Card","Potion"],"build_version":"2020-11-30","purchased_purges":2,"victory":true,"max_hp_per_floor":[75,75,75,75,75,75,75,75,75,75,75,75,75,75,75,75,75,75,75,75,75,75,75,75,75,75,75,75,75,75,75,75,75,75,75,75,75,75,75,75,75,75,75,82,78,78,78,78,78,78],"card_choices":[{"not_picked":["Rip and Tear","BootSequence"],"picked":"Sunder","floor":1.0},{"not_picked":["Steam Power","Hologram"],"picked":"Turbo","floor":2.0},{"not_picked":["Fusion","Recycle"],"picked":"Streamline","floor":4.0},{"not_picked":["Compile Driver","Gash"],"picked":"Ball Lightning","floor":5.0},{"not_picked":["Hello World","Stack"],"picked":"Genetic Algorithm","floor":8.0},{"not_picked":["Steam","Barrage"],"picked":"Defragment","floor":13.0},{"not_picked":["Rebound","Gash","Cold Snap"],"picked":"SKIP","floor":14.0},{"not_picked":["Creative AI","Core Surge"],"picked":"Reboot","floor":16.0},{"not_picked":["Streamline","Beam Cell+1","Double Energy"],"picked":"SKIP","floor":18.0},{"not_picked":["Chill","Defragment","Cold Snap+1"],"picked":"SKIP","floor":24.0},{"not_picked":["Force Field","Auto Shields+1"],"picked":"Coolheaded","floor":28.0},{"not_picked":["Coolheaded","Rebound","Compile Driver+1"],"picked":"SKIP","floor":29.0},{"not_picked":["Cold Snap","Heatsinks","Ball Lightning"],"picked":"SKIP","floor":30.0},{"not_picked":["Loop","Recycle"],"picked":"Scrape","floor":31.0},{"not_picked":["Electrodynamics","Fission"],"picked":"Creative AI","floor":33.0},{"not_picked":["BootSequence+1","Gash+1"],"picked":"Reinforced Body+1","floor":35.0},{"not_picked":["Leap","Redo+1","Sweeping Beam"],"picked":"SKIP","floor":38.0},{"not_picked":["Compile Driver","Leap+1","Stack"],"picked":"SKIP","floor":41},{"not_picked":["Aggregate+1","Leap+1","Blizzard+1"],"picked":"SKIP","floor":44}],"player_experience":237531,"relics_obtained":[{"floor":8.0,"key":"Torii"},{"floor":9.0,"key":"Sundial"},{"floor":14.0,"key":"Nunchaku"},{"floor":19.0,"key":"Enchiridion"},{"floor":26.0,"key":"Gremlin Horn"},{"floor":31.0,"key":"Pantograph"},{"floor":39,"key":"TungstenRod"},{"floor":43,"key":"Toxic Egg 2"},{"floor":44,"key":"Strawberry"},{"floor":46,"key":"Bag of Marbles"}],"event_choices":[{"cards_removed":["Strike_B"],"damage_healed":0.0,"max_hp_gain":0.0,"max_hp_loss":0.0,"gold_gain":0.0,"event_name":"Golden Wing","player_choice":"Card Removal","floor":3.0,"gold_loss":0.0,"damage_taken":7.0},{"damage_healed":0.0,"max_hp_gain":0.0,"max_hp_loss":0.0,"gold_gain":0.0,"cards_transformed":["Defend_B"],"event_name":"Living Wall","player_choice":"Change","floor":7.0,"gold_loss":0.0,"damage_taken":0.0,"cards_obtained":["Aggregate"]},{"damage_healed":0.0,"max_hp_gain":0.0,"max_hp_loss":0.0,"gold_gain":75.0,"event_name":"World of Goop","player_choice":"Gather Gold","floor":10.0,"gold_loss":0.0,"damage_taken":11.0},{"damage_healed":25.0,"max_hp_gain":0.0,"max_hp_loss":0.0,"gold_gain":0.0,"event_name":"Big Fish","player_choice":"Banana","floor":12.0,"gold_loss":0.0,"damage_taken":0.0},{"damage_healed":0.0,"max_hp_gain":0.0,"max_hp_loss":0.0,"gold_gain":0.0,"event_name":"Cursed Tome","player_choice":"Obtained Book","floor":19.0,"gold_loss":0.0,"damage_taken":16.0},{"damage_healed":0.0,"max_hp_gain":0.0,"max_hp_loss":0.0,"gold_gain":0.0,"cards_transformed":["Strike_B","Defend_B"],"event_name":"Drug Dealer","player_choice":"Became Test Subject","floor":21.0,"gold_loss":0.0,"damage_taken":0.0,"cards_obtained":["Hologram","Force Field"]},{"damage_healed":25.0,"max_hp_gain":0.0,"max_hp_loss":0.0,"gold_gain":0.0,"event_name":"The Library","player_choice":"Heal","floor":22.0,"gold_loss":0.0,"damage_taken":0.0},{"damage_healed":0.0,"max_hp_gain":0.0,"max_hp_loss":0.0,"gold_gain":275.0,"event_name":"Golden Shrine","player_choice":"Desecrate","floor":36.0,"gold_loss":0.0,"damage_taken":0.0,"cards_obtained":["Regret"]},{"damage_healed":0,"gold_gain":0,"player_choice":"Fight","damage_taken":0,"max_hp_gain":0,"max_hp_loss":0,"event_name":"Mysterious Sphere","floor":39,"gold_loss":0},{"damage_healed":0,"gold_gain":0,"player_choice":"Max HP","damage_taken":0,"max_hp_gain":0,"max_hp_loss":4,"event_name":"Winding Halls","floor":45,"gold_loss":0}],"is_beta":false,"boss_relics":[{"not_picked":["Velvet Choker","Runic Dome"],"picked":"Empty Cage"},{"not_picked":["Black Star","Philosopher\u0027s Stone"],"picked":"Runic Pyramid"}],"items_purged_floors":[20,37],"is_endless":false,"potions_floor_spawned":[1,2,8,18,28,31,33,39,44],"ascension_level":6}}