{"host":"601kwmmyhlqgotx3","time":1607745753,"event":{"mods":["Bard","BaseMod","Colored Map","Colored Powertips","Conspire","Decade(王小明)","Downfall","Hero for Fun","Highlight Path","Hunter 猎人","KinomotoSakuraMod(木之本樱)","LagranYue(拉格朗・月)","Lobotomy","Marisa（F雨　魔理沙）","Minty Spire (QoL Compilation)","Quick Restart","Reimu（博丽灵梦）","Remilia（蕾米莉亚）","Replay The Spire","Shop Mod","StSLib","TestMod","The Administrix","The Bladedancer","The Bug Knight","The Construct","The Cursed","The Gatherer","The Hierophant","The IronCluck","The Poker Player","The Runesmith","The Senshi","The Servant 0.9.4","WarShipGirlsR/战舰少女R mod","Youmu（魂魄妖梦）","Yuri Mod","Yuyuko","vexMod"],"gold_per_floor":[111,111,111,111,131,131,143,177,189,189,189],"floor_reached":10,"playtime":491,"items_purged":[],"score":93,"play_id":"893f8ec8-843c-4a9f-bdc9-289899483cb1","local_time":"20201212120233","is_ascension_mode":false,"campfire_choices":[],"circlet_count":0,"master_deck":["rmod:strick","rmod:strick","rmod:strick","rmod:strick","rmod:defend","rmod:defend","rmod:defend","rmod:basicallowance","rmod:maingunfire","rmod:highspeedmaneuver","rmod:luckystar","Hallucinations","rmod:intelligenceanalysis","rmod:seals","rmod:punchline","rmod:supportescort"],"relics":["rmod:firstchargereward","testmod-TestBox","LagranYue:RandomDrawCardRelic","testmod-Muramasa","Ring of Peace","Ring of Panic"],"acts_visited":["Exordium"],"potions_floor_usage":[],"damage_taken":[{"damage":0,"enemies":"Small Slimes","floor":1,"turns":3},{"damage":0,"enemies":"Jaw Worm","floor":5,"turns":4},{"damage":0,"enemies":"Cultist","floor":7,"turns":4},{"damage":0,"enemies":"Lagavulin","floor":8,"turns":5},{"damage":0,"enemies":"Looter","floor":9,"turns":2},{"damage":0,"enemies":"Gremlin Nob","floor":10,"turns":2}],"seed_played":"8500014585172595616","potions_obtained":[{"floor":5,"key":"EssenceOfSteel"},{"floor":7,"key":"MagicPotion:ReiMu"},{"floor":8,"key":"SpeedPotion"}],"is_trial":false,"path_per_floor":["M","?","PTL","PTL","M","?","M","E","M","E"],"character_chosen":"PRAEFECT","items_purchased":[],"campfire_rested":0,"item_purchase_floors":[],"current_hp_per_floor":[75,75,75,75,75,75,75,75,75,75,75],"gold":189,"neow_bonus":"ONE_RANDOM_RARE_CARD","is_daily":false,"chose_seed":false,"campfire_upgraded":0,"win_rate":0.0,"timestamp":1607745753,"path_taken":["M","?","PTL","PTL","M","?","M","E","?","E"],"items_purchased_type":[],"build_version":"2020-11-30","purchased_purges":0,"victory":false,"max_hp_per_floor":[75,75,75,75,75,75,75,75,75,75,75],"card_choices":[{"not_picked":["rmod:supportescort","rmod:fuelsupply"],"picked":"rmod:luckystar","floor":1},{"not_picked":["rmod:supportescort","rmod:ring"],"picked":"rmod:intelligenceanalysis","floor":5},{"not_picked":["rmod:smokecover","rmod:aggressivemary"],"picked":"rmod:seals","floor":7},{"not_picked":["rmod:ammunitionsupply","rmod:luckystar"],"picked":"rmod:punchline","floor":8},{"not_picked":["rmod:firesupport","rmod:ammunitionsupply"],"picked":"rmod:supportescort","floor":9}],"player_experience":46270,"relics_obtained":[{"floor":2,"key":"Ring of Peace"},{"floor":2,"key":"Ring of Panic"}],"event_choices":[],"is_beta":false,"boss_relics":[],"items_purged_floors":[],"is_endless":false,"potions_floor_spawned":[5,7,8],"killed_by":"Gremlin Nob","ascension_level":0}}