{"host":"vtakxgab1vu2j1nx","time":1607789542,"event":{"mods":["AchievementEnabler","BaseMod","Colored Map","Minty Spire (QoL Compilation)","Quick Restart","SuperFastMode"],"gold_per_floor":[217,227,227,11,21,21,74,74,74,74,90,90,54,79,79,175,175,185,185,203,235,250,250,250,303,303,335,335,347,106,120,120,218,218,258,258,275,275,291,291,341,357,357,373,373,402,402,436,436,436,436,436,68,100,100],"floor_reached":56,"playtime":2092,"items_purged":[],"score":1839,"play_id":"14f2765e-ed73-4b4a-a533-376201133deb","local_time":"20201212111222","is_ascension_mode":true,"campfire_choices":[{"data":"Corruption","floor":6.0,"key":"SMITH"},{"data":"Heavy Blade","floor":8.0,"key":"SMITH"},{"data":"Magnetism","floor":10.0,"key":"SMITH"},{"floor":12.0,"key":"RECALL"},{"floor":15.0,"key":"REST"},{"floor":23.0,"key":"REST"},{"floor":28.0,"key":"REST"},{"floor":32.0,"key":"REST"},{"floor":40.0,"key":"REST"},{"data":"Perfected Strike","floor":45.0,"key":"SMITH"},{"data":"Juggernaut","floor":47.0,"key":"SMITH"},{"data":"Armaments","floor":49.0,"key":"SMITH"},{"floor":52.0,"key":"REST"}],"circlet_count":0,"master_deck":["AscendersBane","Strike_R+1","Strike_R+1","Strike_R+1","Strike_R+1","Defend_R+1","Defend_R+1","Defend_R+1","Defend_R+1","Bash","Inflame","Pommel Strike","Corruption+1","Feel No Pain","Magnetism+1","Heavy Blade+1","Iron Wave","Shrug It Off","Bludgeon","Spot Weakness","Armaments+1","Twin Strike+1","Burning Pact","Perfected Strike+1","Heavy Blade+1","Armaments+1","Twin Strike","Juggernaut+1","Shrug It Off","True Grit+1","Heavy Blade+1"],"relics":["Burning Blood","Torii","Pen Nib","Snecko Eye","Red Mask","Toy Ornithopter","The Courier","Dream Catcher","Unceasing Top","Busted Crown","Incense Burner","FossilizedHelix","Letter Opener","Blood Vial","Bottled Lightning","Anchor","Bag of Marbles","Centennial Puzzle","Orichalcum"],"acts_visited":["Exordium","TheCity","TheBeyond","TheEnding"],"potions_floor_usage":[55],"damage_taken":[{"damage":8.0,"enemies":"Small Slimes","floor":1.0,"turns":4.0},{"damage":11.0,"enemies":"Cultist","floor":2.0,"turns":4.0},{"damage":8.0,"enemies":"Jaw Worm","floor":5.0,"turns":5.0},{"damage":25.0,"enemies":"3 Sentries","floor":7.0,"turns":9.0},{"damage":1.0,"enemies":"3 Louse","floor":11.0,"turns":4.0},{"damage":59.0,"enemies":"The Guardian","floor":16.0,"turns":12.0},{"damage":16.0,"enemies":"3 Byrds","floor":18.0,"turns":5.0},{"damage":21.0,"enemies":"2 Thieves","floor":20.0,"turns":5.0},{"damage":21.0,"enemies":"Masked Bandits","floor":21.0,"turns":4.0},{"damage":1.0,"enemies":"Centurion and Healer","floor":22.0,"turns":4.0},{"damage":4.0,"enemies":"Gremlin Leader","floor":25.0,"turns":7.0},{"damage":24.0,"enemies":"Book of Stabbing","floor":27.0,"turns":5.0},{"damage":7.0,"enemies":"Snecko","floor":29.0,"turns":4.0},{"damage":6.0,"enemies":"Cultist and Chosen","floor":31.0,"turns":5.0},{"damage":18.0,"enemies":"Champ","floor":33.0,"turns":8.0},{"damage":18.0,"enemies":"3 Darklings","floor":35.0,"turns":3.0},{"damage":0.0,"enemies":"Orb Walker","floor":37.0,"turns":2.0},{"damage":49.0,"enemies":"Jaw Worm Horde","floor":39.0,"turns":5.0},{"damage":0.0,"enemies":"Mind Bloom Boss Battle","floor":41.0,"turns":3.0},{"damage":0.0,"enemies":"Transient","floor":42.0,"turns":5.0},{"damage":5.0,"enemies":"Writhing Mass","floor":44.0,"turns":6.0},{"damage":0.0,"enemies":"Reptomancer","floor":46.0,"turns":5.0},{"damage":0.0,"enemies":"Nemesis","floor":48.0,"turns":3.0},{"damage":65.0,"enemies":"Time Eater","floor":50.0,"turns":7.0},{"damage":9.0,"enemies":"Shield and Spear","floor":54.0,"turns":4.0},{"damage":84,"enemies":"The Heart","floor":55,"turns":10}],"seed_played":"4050037643202015647","potions_obtained":[{"floor":1.0,"key":"FearPotion"},{"floor":5.0,"key":"Energy Potion"},{"floor":11.0,"key":"LiquidBronze"},{"floor":21.0,"key":"Explosive Potion"},{"floor":25.0,"key":"FairyPotion"},{"floor":29.0,"key":"Dexterity Potion"},{"floor":33.0,"key":"SteroidPotion"},{"floor":54.0,"key":"Ancient Potion"}],"is_trial":false,"path_per_floor":["M","M","?","$","M","R","E","R","T","R","M","R","$","T","R","B",null,"M","?","M","?","M","R","?","E","T","E","R","M","$","M","R","B",null,"M","?","M","T","M","R","?","M","T","M","R","E","R","E","R","B",null,"R","$","E","B",null],"character_chosen":"IRONCLAD","items_purchased":["Feel No Pain","Magnetism","Bloodletting","Unceasing Top","Anchor","Bag of Marbles","Centennial Puzzle"],"campfire_rested":6,"item_purchase_floors":[4,4,13,30,53,53,53],"current_hp_per_floor":[70,65,65,65,63,63,44,44,44,44,49,49,49,49,73,20,65,55,55,40,25,30,54,39,41,41,23,48,47,47,47,72,65,80,68,68,74,74,31,56,62,68,68,69,69,75,75,85,85,26,70,85,85,82,11],"gold":100,"neow_bonus":"HUNDRED_GOLD","is_daily":false,"chose_seed":false,"campfire_upgraded":6,"win_rate":0.0,"timestamp":1607789542,"path_taken":["M","M","?","$","?","R","E","R","T","R","M","R","$","?","R","BOSS","M","?","M","?","M","R","?","E","T","E","R","M","$","M","R","BOSS","M","?","M","?","M","R","?","M","T","M","R","E","R","E","R","BOSS","R","$","E","BOSS"],"items_purchased_type":["Card","Card","Card","Relic","Relic","Relic","Relic"],"build_version":"2020-11-30","purchased_purges":0,"victory":true,"max_hp_per_floor":[80,80,80,80,80,80,80,80,80,80,80,80,80,80,80,80,80,80,80,80,80,80,80,85,85,85,85,85,85,85,85,85,85,85,85,85,85,85,85,85,85,85,85,85,85,85,85,85,85,85,85,85,85,85,85],"card_choices":[{"not_picked":["Shockwave","Evolve"],"picked":"Inflame","floor":1.0},{"not_picked":["Ghostly Armor","Sword Boomerang"],"picked":"Pommel Strike","floor":2.0},{"not_picked":["Flex","Fire Breathing"],"picked":"Heavy Blade","floor":5.0},{"not_picked":["Twin Strike","Sword Boomerang"],"picked":"Iron Wave","floor":7.0},{"not_picked":["Rage","Wild Strike"],"picked":"Shrug It Off","floor":11.0},{"not_picked":["Corruption","Exhume"],"picked":"Bludgeon","floor":16.0},{"not_picked":["Pummel","Havoc","Uppercut"],"picked":"SKIP","floor":18.0},{"not_picked":["Hemokinesis","Perfected Strike"],"picked":"Spot Weakness","floor":20.0},{"not_picked":["Clash","Body Slam"],"picked":"Armaments","floor":21.0},{"not_picked":["Wild Strike","Body Slam+1"],"picked":"Twin Strike+1","floor":22.0},{"not_picked":["Wild Strike+1","Twin Strike"],"picked":"Burning Pact","floor":25.0},{"not_picked":["Heavy Blade","Flex"],"picked":"Perfected Strike","floor":27.0},{"not_picked":["Dropkick","Sword Boomerang"],"picked":"Heavy Blade+1","floor":28.0},{"not_picked":["Clash","Double Tap","Dual Wield+1"],"picked":"SKIP","floor":29.0},{"not_picked":["Evolve","Second Wind"],"picked":"Armaments+1","floor":31.0},{"not_picked":["Cleave+1","Blood for Blood"],"picked":"Twin Strike","floor":32.0},{"not_picked":["Reaper","Exhume"],"picked":"Juggernaut","floor":33.0},{"not_picked":["Clash+1"],"picked":"SKIP","floor":35.0},{"not_picked":[],"picked":"Shrug It Off","floor":37.0},{"not_picked":["Iron Wave"],"picked":"SKIP","floor":39.0},{"not_picked":["Rupture+1"],"picked":"SKIP","floor":42.0},{"not_picked":["Pummel"],"picked":"SKIP","floor":44.0},{"not_picked":["Carnage+1"],"picked":"SKIP","floor":46.0},{"not_picked":["Rampage"],"picked":"SKIP","floor":48.0},{"not_picked":[],"picked":"True Grit+1","floor":52.0},{"not_picked":[],"picked":"Heavy Blade+1","floor":54.0}],"player_experience":176388,"relics_obtained":[{"floor":7.0,"key":"Torii"},{"floor":14.0,"key":"Pen Nib"},{"floor":21.0,"key":"Red Mask"},{"floor":25.0,"key":"Toy Ornithopter"},{"floor":26.0,"key":"The Courier"},{"floor":27.0,"key":"Dream Catcher"},{"floor":38.0,"key":"Incense Burner"},{"floor":41.0,"key":"FossilizedHelix"},{"floor":43.0,"key":"Letter Opener"},{"floor":46.0,"key":"Blood Vial"},{"floor":48.0,"key":"Bottled Lightning"},{"floor":54.0,"key":"Orichalcum"}],"event_choices":[{"damage_healed":0.0,"max_hp_gain":0.0,"max_hp_loss":0.0,"gold_gain":0.0,"cards_transformed":["Strike_R"],"event_name":"Transmorgrifier","player_choice":"Transformed","floor":3.0,"gold_loss":0.0,"damage_taken":0.0,"cards_obtained":["Corruption"]},{"damage_healed":0.0,"max_hp_gain":0.0,"max_hp_loss":0.0,"gold_gain":0.0,"event_name":"Back to Basics","player_choice":"Simplicity","floor":19.0,"gold_loss":0.0,"damage_taken":0.0,"cards_upgraded":["Strike_R","Strike_R","Strike_R","Strike_R","Defend_R","Defend_R","Defend_R","Defend_R"]},{"damage_healed":0.0,"max_hp_gain":0.0,"max_hp_loss":0.0,"gold_gain":0.0,"event_name":"Masked Bandits","player_choice":"Fought Bandits","floor":21.0,"gold_loss":0.0,"damage_taken":0.0},{"damage_healed":0.0,"max_hp_gain":5.0,"max_hp_loss":0.0,"gold_gain":0.0,"event_name":"Forgotten Altar","player_choice":"Shed Blood","floor":24.0,"gold_loss":0.0,"damage_taken":20.0},{"cards_removed":["Bloodletting"],"damage_healed":0.0,"max_hp_gain":0.0,"max_hp_loss":0.0,"gold_gain":0.0,"event_name":"Falling","player_choice":"Removed Skill","floor":36.0,"gold_loss":0.0,"damage_taken":0.0},{"damage_healed":0.0,"max_hp_gain":0.0,"max_hp_loss":0.0,"gold_gain":0.0,"event_name":"MindBloom","player_choice":"Fight","floor":41.0,"gold_loss":0.0,"damage_taken":0.0}],"is_beta":false,"boss_relics":[{"not_picked":["Black Star","Tiny House"],"picked":"Snecko Eye"},{"not_picked":["Empty Cage","Coffee Dripper"],"picked":"Busted Crown"}],"items_purged_floors":[],"is_endless":false,"potions_floor_spawned":[1,5,11,21,25,29,31,33,37,39,42,54],"ascension_level":11}}