{"host":"mbjdlts9b6456t85","time":1607812380,"event":{"mods":["2.2 Compatiblity","AchievementEnabler","Aspiration","BaseMod","Better Altar","Better Match","Better Note","Better Sensory Stone","Better Skull","Better Third Choice","BetterRewards","CCEM","Clawfect","Conspire","Downfall","GifTheSpireLib","Googly Eyes","Halation","Highlight Path","Hubris","Minty Spire (QoL Compilation)","Permanent Neow","Replay The Spire","Shop Mod","Spicy Shops","StSLib","Stuff the Spire","Unceasing Turn Reminder","everything is the same but u backflip on backflip"],"gold_per_floor":[111,0,14,14,30,30,49,49,131,131,4,34,93,140,140,238,238,272,272,2,12,12,12,39,39,39,77,77,77,91,125,125,125,125],"floor_reached":33,"playtime":4178,"items_purged":["Strike_G"],"score":335,"play_id":"a2ab0ee0-e13b-497c-a990-6bd0ab8e079b","local_time":"20201212173300","is_ascension_mode":false,"campfire_choices":[{"data":"ReplayTheSpireMod:Shiv Toss","floor":6,"key":"SMITH"},{"data":"Prepared","floor":10,"key":"SMITH"},{"floor":15,"key":"REST"},{"floor":23,"key":"REST"},{"data":"After Image","floor":25,"key":"SMITH"},{"floor":28,"key":"DIG"},{"floor":32,"key":"DIG"}],"circlet_count":0,"master_deck":["Strike_G","Strike_G","Strike_G","Defend_G","Defend_G","Defend_G","Defend_G","Survivor","Neutralize","Prepared+1","Enlightenment","Cloak And Dagger","Regret","ReplayTheSpireMod:Shiv Toss+1","Acrobatics","Secret Technique+1","expansioncontent:DefensiveMode","HandOfGreed","Quick Slash","All Out Attack","Hidden Blade+1","After Image+1","CurseOfTheBell","Predator","Fluid Movement","After Image","Toxin Wave","Backstab","StuffTheSpire:ClusterCrunch+1","Night Terror"],"relics":["Ring of the Snake","aspiration:Nostalgia","StuffTheSpire:RedRose","Replay:Bottled Flurry","ReplayTheSpireMod:ShopPack","Strawberry","Calling Bell","War Paint","StuffTheSpire:RubySignet","aspiration:DSix","DollysMirror","Nloth\u0027s Gift","Shuriken","Shovel","Darkstone Periapt","FaceOfCleric","CCEMRelics:OverlyComfyChair","CCEMRelics:OrganicArmor"],"acts_visited":["Exordium","TheCity"],"potions_floor_usage":[24,27,31,33],"damage_taken":[{"damage":0,"enemies":"2 Louse","floor":1,"turns":3},{"damage":3,"enemies":"Small Slimes","floor":3,"turns":4},{"damage":0,"enemies":"Cultist","floor":5,"turns":4},{"damage":17,"enemies":"Lots of Slimes","floor":7,"turns":5},{"damage":1,"enemies":"3 Louse","floor":12,"turns":3},{"damage":9,"enemies":"2 Fungi Beasts","floor":13,"turns":4},{"damage":20,"enemies":"3 Sentries","floor":14,"turns":6},{"damage":40,"enemies":"The Guardian","floor":16,"turns":11},{"damage":26,"enemies":"3 Byrds","floor":18,"turns":4},{"damage":23,"enemies":"Spheric Guardian","floor":21,"turns":6},{"damage":8,"enemies":"Replay:Snechameleon","floor":24,"turns":8},{"damage":0,"enemies":"Centurion and Healer","floor":27,"turns":9},{"damage":18,"enemies":"Sentry and Sphere","floor":30,"turns":7},{"damage":8,"enemies":"conspire:Head Lice","floor":31,"turns":11},{"damage":52,"enemies":"Automaton","floor":33,"turns":6}],"seed_played":"2756081672000970927","potions_obtained":[{"floor":7,"key":"Cursed Concoction"},{"floor":12,"key":"Poison Potion"},{"floor":13,"key":"FearPotion"},{"floor":24,"key":"DistilledChaos"},{"floor":27,"key":"Strength Potion"},{"floor":30,"key":"SkillPotion"}],"is_trial":false,"path_per_floor":["M","?","M","?","M","R","M","?","T","R","$","M","M","E","R","B",null,"M","?","$","M","?","R","E","R","T","M","R","?","M","E","R","B"],"character_chosen":"THE_SILENT","items_purchased":["ReplayTheSpireMod:ShopPack","Fluid Movement","DollysMirror"],"campfire_rested":2,"item_purchase_floors":[11,20,20],"current_hp_per_floor":[70,76,73,73,73,73,56,56,56,56,56,55,46,33,57,17,83,57,57,57,34,34,58,52,52,52,52,52,52,35,28,28,0,0],"gold":125,"neow_bonus":"NOSTALGIA","is_daily":false,"chose_seed":false,"campfire_upgraded":3,"win_rate":0.0,"timestamp":1607812380,"path_taken":["M","?","M","?","M","R","M","?","T","R","$","?","?","E","R","BOSS","M","?","$","M","?","R","E","R","T","M","R","?","M","E","R","BOSS"],"items_purchased_type":["Relic","Card","Relic"],"build_version":"2020-11-30","purchased_purges":1,"victory":false,"max_hp_per_floor":[70,76,76,76,76,76,76,76,76,76,76,76,76,83,83,83,83,83,83,83,83,83,83,83,83,83,83,83,83,84,85,85,85,85],"card_choices":[{"not_picked":["Bane","Flying Knee"],"picked":"Prepared","floor":1},{"not_picked":["Backflip","StuffTheSpire:Python"],"picked":"Cloak And Dagger","floor":3},{"not_picked":["Quick Slash","hubris:Sniper"],"picked":"ReplayTheSpireMod:Shiv Toss","floor":5},{"not_picked":["ReplayTheSpireMod:Shiv Toss","Underhanded Strike"],"picked":"Acrobatics","floor":7},{"not_picked":["ReplayTheSpireMod:Necrogeddon","Midas Touch"],"picked":"Secret Technique","floor":11},{"not_picked":["Blind","expansioncontent:PrepareCrush"],"picked":"expansioncontent:DefensiveMode","floor":11},{"not_picked":["Replay:SS_hec_1","expansioncontent:TimeRipple"],"picked":"HandOfGreed","floor":11},{"not_picked":["hubris:TrickCloak","Replay:Poison Smokescreen"],"picked":"Quick Slash","floor":12},{"not_picked":["Backstab","Escape Plan"],"picked":"All Out Attack","floor":13},{"not_picked":["StuffTheSpire:Python","Slice"],"picked":"Hidden Blade","floor":14},{"not_picked":["ReplayTheSpireMod:From All Sides","Venomology"],"picked":"After Image","floor":16},{"not_picked":["Deflect","Masterful Stab","Deadly Poison"],"picked":"SKIP","floor":18},{"not_picked":["Leg Sweep","Bane"],"picked":"Toxin Wave","floor":21},{"not_picked":["StuffTheSpire:Python+1","Deflect"],"picked":"Backstab","floor":24},{"not_picked":["ReplayTheSpireMod:Exploit Weakness","Deflect"],"picked":"StuffTheSpire:ClusterCrunch+1","floor":27},{"not_picked":["Poisoned Stab","Prepared"],"picked":"Night Terror","floor":30},{"not_picked":["Masterful Stab","Doppelganger","Underhanded Strike"],"picked":"SKIP","floor":31}],"player_experience":425511,"relics_obtained":[{"floor":9,"key":"Replay:Bottled Flurry"},{"floor":14,"key":"Strawberry"},{"floor":17,"key":"War Paint"},{"floor":17,"key":"StuffTheSpire:RubySignet"},{"floor":17,"key":"aspiration:DSix"},{"floor":24,"key":"Shuriken"},{"floor":26,"key":"Shovel"},{"floor":28,"key":"Darkstone Periapt"},{"floor":31,"key":"CCEMRelics:OverlyComfyChair"},{"floor":32,"key":"CCEMRelics:OrganicArmor"}],"event_choices":[{"damage_healed":0,"gold_gain":0,"player_choice":"RENOUNCE","damage_taken":111,"max_hp_gain":0,"max_hp_loss":0,"event_name":"betterThird:BetterSerpent","floor":2,"gold_loss":111,"cards_obtained":["Enlightenment"]},{"cards_removed":["Strike_G"],"damage_healed":0,"gold_gain":0,"player_choice":"Purged","damage_taken":0,"max_hp_gain":0,"max_hp_loss":0,"event_name":"Purifier","floor":8,"gold_loss":0},{"damage_healed":0,"gold_gain":0,"cards_transformed":["Defend_G"],"player_choice":"Transformed","damage_taken":0,"max_hp_gain":0,"max_hp_loss":0,"event_name":"Transmorgrifier","floor":19,"gold_loss":0,"cards_obtained":["Predator"]},{"damage_healed":0,"gold_gain":0,"player_choice":"Traded Relic","damage_taken":0,"relics_obtained":["Nloth\u0027s Gift"],"max_hp_gain":0,"max_hp_loss":0,"event_name":"N\u0027loth","floor":22,"relics_lost":["champ:ChampionCrown"],"gold_loss":0},{"damage_healed":0,"gold_gain":0,"player_choice":"Trade","damage_taken":0,"relics_obtained":["FaceOfCleric"],"max_hp_gain":0,"max_hp_loss":0,"event_name":"FaceTrader","floor":29,"gold_loss":0}],"is_beta":false,"boss_relics":[{"not_picked":["halation:SmartPhone","Replay:Bronze Core"],"picked":"Calling Bell"}],"items_purged_floors":[20],"is_endless":false,"potions_floor_spawned":[7,12,13,24,27,30],"killed_by":"Automaton","ascension_level":0}}