{"host":"9vk21r6l9dtkpvh9","time":1607812659,"event":{"mods":["2.2 Compatiblity","AchievementEnabler","Act Like it!","Astrologer","Bard","Bartender","BaseMod","Better Altar","Better Match","Better Note","Better Sensory Stone","Better Skull","Better Third Choice","BetterRewards","CapriCore","CatGirl Mod","Colored Map","Colored Powertips","Conspire","DeckTracker","Downfall","Energized Spire","Fiend Mod","Gensokyo","GifTheSpireLib","Hermit","Hubris","Infinite Spire","Jorbs\u0027s Wanderer Trilogy","Koishi","LagranYue(???·?)","Luminous","Mad Scientist","Marisa????????","Mimic Mod","Minty Spire (QoL Compilation)","Potionbrewer","Rare Cards Sparkle","Relic Stats","Replay The Spire","SOS???????","Shade Mod","Spicy Shops","StSLib","SuperFastMode","Td1madao Mod","The Animator","The Construct","The Forsaken","The Gatherer","The Hayseed","The Hierophant","The Immortal","The Jungle","The Mystic","The Necromancer","The Runesmith","The Senshi","The Servant 0.9.4","The Trickster","The Valiant","The Wild Card","TheBandit","TheSwordswoman","TheWitcher","WarShipGirlsR/????R mod","vexMod","???Mod??????Boss"],"gold_per_floor":[112,131,131,143,90,125,125,176,176,176,206,206,229,270,270,383,383,405,436,436,436,461,498,498,545,587,636,636,636,686,719,719,835,835,865,913,942,259,287,287,340,372,409,409,409,453,453,483,483,501,501,501,64,110,120],"floor_reached":56,"playtime":6430,"items_purged":[],"score":1646,"play_id":"2b57b412-c51b-45d6-b22a-6568fa203ade","local_time":"20201212173739","is_ascension_mode":true,"metric_token":4369,"campfire_choices":[{"data":"Gatherer:FlowerPower","floor":7,"key":"SMITH"},{"floor":10,"key":"REST"},{"data":"Gatherer:FlowerPower+2","floor":12,"key":"SMITH"},{"floor":15,"key":"REST"},{"floor":24,"key":"RECALL"},{"floor":28,"key":"REST"},{"floor":32,"key":"REST"},{"floor":40,"key":"REST"},{"floor":45,"key":"REST"},{"floor":49,"key":"DIG"},{"floor":52,"key":"REST"}],"circlet_count":0,"master_deck":["Gatherer:Strike_Gatherer","Gatherer:Strike_Gatherer","Gatherer:Strike_Gatherer","Gatherer:Strike_Gatherer","Gatherer:Strike_Gatherer","Gatherer:Defend_Gatherer","Gatherer:Defend_Gatherer","Gatherer:Defend_Gatherer","Gatherer:Defend_Gatherer","Gatherer:Defend_Gatherer","Gatherer:Centralize","Gatherer:FlowerWhip+2","Gatherer:FlowerPower+3","Gatherer:RecoveryHerb","Gatherer:BambuSword","Gatherer:TreeGrowth","Gatherer:FlowerShield+3","Gatherer:TacticalStrike","Gatherer:FlowerFalling+2","Gatherer:Nutrients","Gatherer:HeartToFruit","Gatherer:LuckyClover","Gatherer:TacticalStrike+1","Gatherer:Nutrients","Gatherer:AcidicSpray","Gatherer:WitheringStrike+1","Gatherer:QuickSynthesis","Gatherer:QuickSynthesis","Gatherer:FlamingBottle","Gatherer:AlchemyTrial","Gatherer:MindSearch","Gatherer:Frenzy+1","Gatherer:QuickSynthesis+1","Gatherer:BalancedGrowth+1","expansioncontent:QuickStudy"],"relics":["Gatherer:AlchemyBag","LagranYue:RandomDrawCardRelic","Boot","Replay:Bandana","Kunai","theSenshi:SuperSailorFukuRelic","Tiny Chest","Fusion Hammer","Enchiridion","Oddly Smooth Stone","Omamori","Happy Flower","hubris:BottledRain","Silver_Glasses","MealTicket","conspire:Dentures","theSenshi:SailorFukuRelic","hubris:PeanutButter","Medical Kit","hubris:Metronome","hubris:Spice","vexMod:ScavengeHelm","Anchor","Mercury Hourglass","Ice Cream"],"acts_visited":["Exordium","TheCity","TheBeyond","TheEnding"],"potions_floor_usage":[8,22,25,27,41,42,55,55,55],"damage_taken":[{"damage":0,"enemies":"Cultist","floor":1,"turns":4},{"damage":0,"enemies":"Jaw Worm","floor":2,"turns":5},{"damage":0,"enemies":"Small Slimes","floor":4,"turns":3},{"damage":32,"enemies":"3 Sentries","floor":6,"turns":10},{"damage":39,"enemies":"Gremlin Nob","floor":8,"turns":5},{"damage":0,"enemies":"Blue Slaver","floor":11,"turns":3},{"damage":0,"enemies":"3 Louse","floor":13,"turns":3},{"damage":0,"enemies":"3 Sentries","floor":14,"turns":9},{"damage":31,"enemies":"Fading Forest","floor":16,"turns":11},{"damage":0,"enemies":"Shell Parasite","floor":18,"turns":7},{"damage":2,"enemies":"3 Byrds","floor":19,"turns":4},{"damage":8,"enemies":"Snake Plant","floor":22,"turns":6},{"damage":0,"enemies":"Book of Stabbing","floor":23,"turns":7},{"damage":23,"enemies":"Slavers","floor":25,"turns":6},{"damage":0,"enemies":"Cultist and Chosen","floor":26,"turns":9},{"damage":14,"enemies":"Gremlin Leader","floor":27,"turns":11},{"damage":0,"enemies":"Cultist and Chosen","floor":30,"turns":5},{"damage":0,"enemies":"Cultist and Chosen","floor":31,"turns":7},{"damage":11,"enemies":"Champ","floor":33,"turns":10},{"damage":5,"enemies":"Orb Walker","floor":35,"turns":3},{"damage":0,"enemies":"3 Shapes","floor":37,"turns":3},{"damage":18,"enemies":"Jaw Worm Horde","floor":39,"turns":4},{"damage":0,"enemies":"Giant Head","floor":41,"turns":11},{"damage":0,"enemies":"3 Darklings","floor":42,"turns":7},{"damage":0,"enemies":"Maw","floor":43,"turns":8},{"damage":0,"enemies":"Nemesis","floor":46,"turns":7},{"damage":0,"enemies":"Maw","floor":48,"turns":6},{"damage":0,"enemies":"hubris:GrandSnecko","floor":50,"turns":12},{"damage":0,"enemies":"Shield and Spear","floor":54,"turns":8},{"damage":80,"enemies":"The Heart","floor":55,"turns":10}],"seed_played":"-7111717933793273081","potions_obtained":[{"floor":1,"key":"Cursed Concoction"},{"floor":4,"key":"sneckomod:MuddlingPotion"},{"floor":8,"key":"potionbrewer:EndurancePotion"},{"floor":11,"key":"potionbrewer:InfectionPotion"},{"floor":13,"key":"AttackPotion"},{"floor":25,"key":"Block Potion"},{"floor":31,"key":"potionbrewer:FreezingPotion"},{"floor":33,"key":"potionbrewer:BarricadePotion"},{"floor":46,"key":"BloodPotion"},{"floor":54,"key":"Death Potion"}],"is_trial":false,"path_per_floor":["M","M","?","M","$","E","R","E","T","R","M","R","M","E","R_BF","B",null,"M","M","?","?","M","E","R","E","MIM","E","R","?","MIM","M","R","B",null,"M","T","M","$","M","R","E","M","MIM","?","R","E","T","M","R_BF","B",null,"R","$","E","B",null],"character_chosen":"THE_GATHERER","items_purchased":["Gatherer:FlowerPower","Gatherer:FlowerShield","conspire:Dentures","theSenshi:SailorFukuRelic","hubris:PeanutButter","Medical Kit","expansioncontent:QuickStudy","Mercury Hourglass"],"campfire_rested":7,"item_purchase_floors":[0,5,38,38,38,38,53,53],"current_hp_per_floor":[72,72,72,72,72,43,43,4,4,25,25,25,30,35,56,37,72,75,78,62,62,57,60,60,50,58,51,78,78,78,83,96,92,99,98,98,102,105,92,108,111,114,122,122,122,125,125,125,133,133,133,133,133,133,79],"gold":120,"neow_bonus":"","is_daily":false,"chose_seed":false,"campfire_upgraded":2,"win_rate":0.0,"timestamp":1607812659,"path_taken":["M","?","?","M","?","E","R","E","T","R","M","R","M","E","R_BF","BOSS","M","M","?","?","M","E","R","E","MIM","E","R","?","?","M","R","BOSS","M","?","M","$","M","R","E","?","MIM","?","R","E","?","M","R_BF","BOSS","R","$","E","BOSS"],"items_purchased_type":["Card","Card","Relic","Relic","Relic","Relic","Card","Relic"],"build_version":"2020-11-30","purchased_purges":0,"victory":true,"max_hp_per_floor":[72,72,72,72,72,72,72,72,72,72,72,72,72,72,72,72,72,75,79,79,79,82,82,82,86,90,93,93,93,93,96,96,99,99,102,102,105,105,108,108,111,114,122,122,122,125,125,125,133,133,133,133,133,133,133],"relic_stats":{"Happy Flower":[33],"counters":[65,376],"Tiny Chest":2,"MealTicket":3,"Kunai":[76],"Boot":[165],"Medical Kit":[25],"obtain_stats":[{"Ice Cream":54,"vexMod:MemoryStick":6,"LagranYue:RandomDrawCardRelic":0,"theSenshi:FeatherClipsRelic":29,"Boot":3,"MealTicket":36,"Iron Hammer":43,"Fusion Hammer":17,"Kunai":8,"theSenshi:SailorFukuRelic":38,"conspire:Dentures":38,"Happy Flower":27,"vexMod:ScavengeHelm":46,"Oddly Smooth Stone":23,"War Paint":8,"infinitespire:Lychee Nut":27,"hubris:PeanutButter":38,"ReplayTheSpireMod:TigerMarble":21,"construct:BoolHorns":29,"Lantern":0,"theSenshi:SuperSailorFukuRelic":9,"hubris:Metronome":41,"Enchiridion":20,"theForsaken:Lifeblossom":38,"Juzu Bracelet":13,"Bag of Preparation":24,"Replay:Mystery Machine":47,"Cursed Key":34,"Pet Ghost":11,"Silver_Glasses":34,"Replay:Bandana":6,"TheAbacus":39,"hubris:Icosahedron":3,"hubris:ScarierMask":17,"Tiny Chest":14,"Gatherer:MiracleBag":45,"hubris:DisguiseKit":10,"Runesmith:Nanobots":3,"Protect_Vest":6,"LagranYue:GuideDeadRelic":13,"Omamori":25,"Medical Kit":38,"Mercury Hourglass":53,"Anchor":47,"potionbrewer:BoosterPack":45,"hubris:Spice":43,"Durian":9,"Bag of Marbles":46,"Gatherer:AlchemyBag":0,"hubris:BottledRain":30},{"Ice Cream":64,"vexMod:MemoryStick":3,"LagranYue:RandomDrawCardRelic":0,"theSenshi:FeatherClipsRelic":15,"Boot":37,"MealTicket":55,"Iron Hammer":20,"Fusion Hammer":44,"Kunai":40,"theSenshi:SailorFukuRelic":56,"conspire:Dentures":56,"Happy Flower":51,"vexMod:ScavengeHelm":61,"Oddly Smooth Stone":48,"War Paint":3,"infinitespire:Lychee Nut":13,"hubris:PeanutButter":56,"ReplayTheSpireMod:TigerMarble":10,"construct:BoolHorns":15,"Lantern":25,"theSenshi:SuperSailorFukuRelic":40,"hubris:Metronome":58,"Enchiridion":46,"theForsaken:Lifeblossom":19,"Juzu Bracelet":5,"Bag of Preparation":11,"Replay:Mystery Machine":21,"Cursed Key":17,"Pet Ghost":4,"Silver_Glasses":54,"Replay:Bandana":39,"TheAbacus":19,"hubris:Icosahedron":27,"hubris:ScarierMask":7,"Tiny Chest":43,"Gatherer:MiracleBag":20,"hubris:DisguiseKit":32,"Runesmith:Nanobots":1,"Protect_Vest":29,"LagranYue:GuideDeadRelic":34,"Omamori":49,"Medical Kit":56,"Mercury Hourglass":63,"Anchor":61,"potionbrewer:BoosterPack":20,"hubris:Spice":60,"Durian":3,"Bag of Marbles":20,"Gatherer:AlchemyBag":0,"hubris:BottledRain":52},{"Ice Cream":366,"vexMod:MemoryStick":16,"LagranYue:RandomDrawCardRelic":0,"theSenshi:FeatherClipsRelic":71,"Boot":181,"MealTicket":300,"Iron Hammer":91,"Fusion Hammer":225,"Kunai":199,"theSenshi:SailorFukuRelic":303,"conspire:Dentures":303,"Happy Flower":275,"vexMod:ScavengeHelm":340,"Oddly Smooth Stone":249,"War Paint":16,"infinitespire:Lychee Nut":68,"hubris:PeanutButter":303,"ReplayTheSpireMod:TigerMarble":48,"construct:BoolHorns":71,"Lantern":130,"theSenshi:SuperSailorFukuRelic":199,"hubris:Metronome":318,"Enchiridion":236,"theForsaken:Lifeblossom":90,"Juzu Bracelet":21,"Bag of Preparation":53,"Replay:Mystery Machine":96,"Cursed Key":86,"Pet Ghost":17,"Silver_Glasses":297,"Replay:Bandana":194,"TheAbacus":90,"hubris:Icosahedron":133,"hubris:ScarierMask":34,"Tiny Chest":214,"Gatherer:MiracleBag":91,"hubris:DisguiseKit":162,"Runesmith:Nanobots":6,"Protect_Vest":144,"LagranYue:GuideDeadRelic":170,"Omamori":255,"Medical Kit":303,"Mercury Hourglass":358,"Anchor":340,"potionbrewer:BoosterPack":91,"hubris:Spice":333,"Durian":16,"Bag of Marbles":91,"Gatherer:AlchemyBag":0,"hubris:BottledRain":280}],"Mercury Hourglass":[57]},"card_choices":[{"not_picked":["Gatherer:Convert","Gatherer:ScrollOfWall"],"picked":"Gatherer:RecoveryHerb","floor":1},{"not_picked":["Gatherer:WoolGloves","Gatherer:TacticalStrike"],"picked":"Gatherer:BambuSword","floor":2},{"not_picked":["Gatherer:WoolGloves","Gatherer:ScherryThrow"],"picked":"Gatherer:TreeGrowth","floor":4},{"not_picked":["Gatherer:UpgradeBag","Gatherer:Polymorphism"],"picked":"Gatherer:TacticalStrike","floor":6},{"not_picked":["Gatherer:SaveValuables","Gatherer:TreeGrowth"],"picked":"Gatherer:FlowerFalling","floor":8},{"not_picked":["Gatherer:FlowerBeam","Gatherer:UpgradeBag"],"picked":"Gatherer:Nutrients","floor":11},{"not_picked":["Gatherer:SealedBomb","Gatherer:RecoveryHerb","Gatherer:GatherMaterial"],"picked":"SKIP","floor":13},{"not_picked":["Gatherer:Liquidism","Gatherer:Duplicator"],"picked":"Gatherer:HeartToFruit","floor":14},{"not_picked":["Gatherer:FlamingBottle","Gatherer:Examine"],"picked":"Gatherer:LuckyClover","floor":16},{"not_picked":["Gatherer:DrugPower","Gatherer:FlowerShield"],"picked":"Gatherer:TacticalStrike+1","floor":18},{"not_picked":["Gatherer:FlowerPower","Gatherer:Misfortune+1"],"picked":"Gatherer:Nutrients","floor":19},{"not_picked":["Gatherer:DrugPower","Gatherer:Enchant"],"picked":"Gatherer:AcidicSpray","floor":22},{"not_picked":["Gatherer:CollectorsShot","Gatherer:WoolGloves"],"picked":"Gatherer:WitheringStrike+1","floor":23},{"not_picked":["Gatherer:Herbalism+1","Gatherer:CollectorsShot","Gatherer:DrugPower+1"],"picked":"SKIP","floor":25},{"not_picked":["Gatherer:FruitForce+1","Gatherer:Examine"],"picked":"Gatherer:QuickSynthesis","floor":27},{"not_picked":["Gatherer:AromaProtection","Gatherer:FlowerShield"],"picked":"Gatherer:QuickSynthesis","floor":31},{"not_picked":["Gatherer:GrowBook","Gatherer:Photoscythe"],"picked":"Gatherer:FlamingBottle","floor":33},{"not_picked":["Gatherer:AcidicSpray+1","Gatherer:DrugPower+1"],"picked":"Gatherer:AlchemyTrial","floor":35},{"not_picked":["Gatherer:SealedBomb+1","Gatherer:FlowerFalling","Gatherer:Convert"],"picked":"SKIP","floor":37},{"not_picked":["Gatherer:EnergyBasket+1","Gatherer:Enchant+1","Gatherer:GatherMaterial"],"picked":"SKIP","floor":39},{"not_picked":["Gatherer:QuickSynthesis","Gatherer:FlowerFalling+1"],"picked":"Gatherer:MindSearch","floor":41},{"not_picked":["Gatherer:UpgradeBag+1","Gatherer:FlowerBeam+1"],"picked":"Gatherer:Frenzy+1","floor":42},{"not_picked":["Gatherer:DrugPower","Gatherer:RottenStipe"],"picked":"Gatherer:QuickSynthesis+1","floor":43},{"not_picked":["Gatherer:DrugPower+1","Gatherer:CarefulStrike+1"],"picked":"Gatherer:BalancedGrowth+1","floor":46},{"not_picked":["Gatherer:TreeGrowth","Gatherer:TacticalStrike","Gatherer:Polymorphism"],"picked":"SKIP","floor":48},{"not_picked":["Gatherer:SealedBomb+1","Gatherer:OddSpoils","Gatherer:Convert+1"],"picked":"SKIP","floor":54}],"player_experience":586124,"relics_obtained":[{"floor":3,"key":"Boot"},{"floor":6,"key":"Replay:Bandana"},{"floor":8,"key":"Kunai"},{"floor":9,"key":"theSenshi:SuperSailorFukuRelic"},{"floor":14,"key":"Tiny Chest"},{"floor":20,"key":"Enchiridion"},{"floor":23,"key":"Oddly Smooth Stone"},{"floor":25,"key":"Omamori"},{"floor":27,"key":"Happy Flower"},{"floor":30,"key":"hubris:BottledRain"},{"floor":36,"key":"MealTicket"},{"floor":41,"key":"hubris:Metronome"},{"floor":43,"key":"hubris:Spice"},{"floor":46,"key":"vexMod:ScavengeHelm"},{"floor":47,"key":"Anchor"},{"floor":49,"key":"hubris:Spice"},{"floor":54,"key":"Ice Cream"}],"event_choices":[{"damage_healed":0,"gold_gain":0,"player_choice":"Obtained Book","damage_taken":16,"max_hp_gain":0,"max_hp_loss":0,"event_name":"Cursed Tome","floor":20,"gold_loss":0},{"damage_healed":0,"gold_gain":0,"player_choice":"Ignored","damage_taken":0,"max_hp_gain":0,"max_hp_loss":0,"event_name":"Ghosts","floor":21,"gold_loss":0},{"damage_healed":0,"gold_gain":0,"player_choice":"Upgraded","damage_taken":0,"max_hp_gain":0,"max_hp_loss":0,"event_name":"Upgrade Shrine","floor":44,"gold_loss":0,"cards_upgraded":["Gatherer:FlowerShield"]}],"is_beta":false,"boss_relics":[{"not_picked":["Replay:Bronze Core","Gatherer:ExplorersPath"],"picked":"Fusion Hammer"},{"not_picked":["Pandora\u0027s Box","energizedSpire:EnergizedDie"],"picked":"Silver_Glasses"}],"items_purged_floors":[],"is_endless":false,"potions_floor_spawned":[1,4,8,11,13,25,31,33,37,39,46,54],"ascension_level":2}}