{"host":"p7j7o00jacnw7qzt","time":1607750517,"event":{"mods":["BaseMod","Colored Map","Colored Powertips","DeckTracker","Highlight Path","Minty Spire (QoL Compilation)","Relic Stats"],"gold_per_floor":[110,110,110,133,152,152,166,195,246,261,22,42,59,69,69,69,69],"floor_reached":16,"playtime":694,"items_purged":["Strike_R"],"score":208,"play_id":"1afe5786-22ca-46ce-a0e5-ddf74bce912f","local_time":"20201212002157","is_ascension_mode":true,"campfire_choices":[{"floor":6.0,"key":"REST"},{"data":"Armaments","floor":15.0,"key":"SMITH"}],"circlet_count":0,"master_deck":["AscendersBane","Strike_R","Strike_R","Strike_R","Strike_R","Defend_R","Defend_R","Defend_R","Defend_R","Bash","Immolate","Armaments+1","Limit Break","Pommel Strike"],"relics":["Burning Blood","Ginger","WingedGreaves","Lantern","Chemical X"],"acts_visited":["Exordium"],"potions_floor_usage":[16],"damage_taken":[{"damage":4.0,"enemies":"Jaw Worm","floor":1.0,"turns":4.0},{"damage":1.0,"enemies":"Cultist","floor":5.0,"turns":3.0},{"damage":2.0,"enemies":"2 Louse","floor":7.0,"turns":2.0},{"damage":21.0,"enemies":"3 Sentries","floor":8.0,"turns":4.0},{"damage":2.0,"enemies":"Looter","floor":10.0,"turns":3.0},{"damage":20.0,"enemies":"Red Slaver","floor":12.0,"turns":4.0},{"damage":35.0,"enemies":"Large Slime","floor":13.0,"turns":5.0},{"damage":0.0,"enemies":"3 Louse","floor":14.0,"turns":1.0},{"damage":36,"enemies":"The Guardian","floor":16,"turns":2}],"seed_played":"-253585962916409799","potions_obtained":[{"floor":5.0,"key":"ColorlessPotion"},{"floor":7.0,"key":"CultistPotion"},{"floor":8.0,"key":"Regen Potion"},{"floor":12.0,"key":"BloodPotion"}],"is_trial":false,"path_per_floor":["M","?","?","T","M","R","M","E","T","M","$","M","M","M","R","B"],"character_chosen":"IRONCLAD","items_purchased":["Chemical X"],"campfire_rested":1,"item_purchase_floors":[11],"current_hp_per_floor":[52,52,17,17,22,44,48,33,33,37,37,35,21,27,27,0,0],"gold":69,"neow_bonus":"THREE_RARE_CARDS","is_daily":false,"chose_seed":false,"campfire_upgraded":1,"win_rate":0.0,"timestamp":1607750517,"path_taken":["M","?","?","?","M","R","?","E","T","M","$","M","M","M","R","BOSS"],"items_purchased_type":["Relic"],"build_version":"2020-11-30","purchased_purges":1,"victory":false,"max_hp_per_floor":[75,75,75,75,75,75,75,75,75,75,75,75,75,75,75,75,75],"relic_stats":{"counters":[9,28],"Ginger":[0],"Chemical X":[1],"obtain_stats":[{"Lantern":9,"WingedGreaves":8,"Ginger":3,"Chemical X":11,"Burning Blood":0},{"Lantern":4,"WingedGreaves":4,"Ginger":1,"Chemical X":5,"Burning Blood":0},{"Lantern":13,"WingedGreaves":13,"Ginger":4,"Chemical X":16,"Burning Blood":0}],"Burning Blood":48},"card_choices":[{"not_picked":["Juggernaut","Offering"],"picked":"Immolate","floor":0.0},{"not_picked":["Iron Wave","Dual Wield","Twin Strike"],"picked":"SKIP","floor":1.0},{"not_picked":["Hemokinesis","Disarm"],"picked":"Armaments","floor":5.0},{"not_picked":["Pommel Strike","Spot Weakness"],"picked":"Limit Break","floor":7.0},{"not_picked":["Headbutt","Flex","Brutality"],"picked":"SKIP","floor":8.0},{"not_picked":["Headbutt","Flex","Brutality"],"picked":"SKIP","floor":8.0},{"not_picked":["Headbutt","Flex","Brutality"],"picked":"SKIP","floor":8.0},{"not_picked":["Rage","Body Slam","Perfected Strike"],"picked":"SKIP","floor":10.0},{"not_picked":["True Grit","Body Slam","Thunderclap"],"picked":"SKIP","floor":12.0},{"not_picked":["True Grit","Body Slam","Thunderclap"],"picked":"SKIP","floor":12.0},{"not_picked":["Heavy Blade","Clash","Perfected Strike"],"picked":"SKIP","floor":13.0},{"not_picked":["Heavy Blade","Clash","Perfected Strike"],"picked":"SKIP","floor":13.0},{"not_picked":["Twin Strike","Pummel"],"picked":"Pommel Strike","floor":14.0}],"player_experience":800091,"relics_obtained":[{"floor":8.0,"key":"WingedGreaves"},{"floor":9.0,"key":"Lantern"}],"event_choices":[{"damage_healed":0.0,"max_hp_gain":0.0,"max_hp_loss":0.0,"gold_gain":0.0,"event_name":"Shining Light","player_choice":"Ignored","floor":2.0,"gold_loss":0.0,"damage_taken":0.0},{"damage_healed":0.0,"max_hp_gain":0.0,"max_hp_loss":0.0,"gold_gain":0.0,"event_name":"Scrap Ooze","player_choice":"Success","floor":3.0,"gold_loss":0.0,"damage_taken":35.0,"relics_obtained":["Ginger"]}],"is_beta":false,"boss_relics":[],"items_purged_floors":[11],"is_endless":false,"potions_floor_spawned":[5,7,8,12],"killed_by":"The Guardian","ascension_level":20}}