{"host":"089k52je1m7056j5","time":1607778257,"event":{"mods":["AchievementEnabler","BaseMod","Block Reminder","Minty Spire (QoL Compilation)","Quick Restart","Relic Stats"],"gold_per_floor":[119,40,40,53,53,87,87,112,112,112,112,132,152,234,234,307,307,307,307,160,160,160,160,160,160,160,160,160],"floor_reached":27,"playtime":486,"items_purged":[],"score":432,"play_id":"5afc005c-5c31-431b-a359-5868830865c6","local_time":"20201212140417","is_ascension_mode":true,"campfire_choices":[{"data":"Bash","floor":7.0,"key":"SMITH"},{"floor":10.0,"key":"REST"},{"floor":15.0,"key":"REST"},{"floor":23,"key":"REST"}],"circlet_count":0,"master_deck":["AscendersBane","Strike_R","Strike_R","Strike_R","Strike_R","Strike_R+1","Defend_R+1","Defend_R","Defend_R","Defend_R","Bash+1","Dual Wield+1","Inflame","Inflame","Heavy Blade","Inflame+1"],"relics":["Burning Blood","NeowsBlessing","War Paint","Darkstone Periapt","Mercury Hourglass","Shuriken","Pear","Ectoplasm","Anchor","MutagenicStrength","Frozen Egg 2","Champion Belt","Happy Flower"],"acts_visited":["Exordium","TheCity"],"potions_floor_usage":[16,27],"damage_taken":[{"damage":0.0,"enemies":"Small Slimes","floor":1.0,"turns":1.0},{"damage":0.0,"enemies":"Jaw Worm","floor":4.0,"turns":1.0},{"damage":0.0,"enemies":"Lagavulin","floor":6.0,"turns":1.0},{"damage":70.0,"enemies":"3 Sentries","floor":8.0,"turns":11.0},{"damage":6.0,"enemies":"Cultist","floor":12.0,"turns":3.0},{"damage":4.0,"enemies":"Exordium Wildlife","floor":13.0,"turns":3.0},{"damage":62,"enemies":"Slime Boss","floor":16,"turns":11},{"damage":12,"enemies":"Chosen","floor":18,"turns":3},{"damage":23,"enemies":"3 Byrds","floor":19,"turns":4},{"damage":65,"enemies":"Gremlin Leader","floor":24,"turns":5},{"damage":27,"enemies":"3 Cultists","floor":27,"turns":3}],"seed_played":"8617836344937654326","potions_obtained":[{"floor":4.0,"key":"GamblersBrew"},{"floor":6.0,"key":"GamblersBrew"},{"floor":24,"key":"Strength Potion"}],"is_trial":false,"path_per_floor":["M","$","?","M","?","E","R","E","T","R","?","M","M","T","R","B",null,"M","M","$","?","T","R","E","$","T","M"],"character_chosen":"IRONCLAD","items_purchased":["Dual Wield","Anchor"],"campfire_rested":3,"item_purchase_floors":[2,20],"current_hp_per_floor":[78,78,78,80,77,80,80,16,16,40,40,40,42,52,79,23,73,67,50,50,50,50,77,18,18,18,0,0],"gold":160,"neow_bonus":"THREE_ENEMY_KILL","is_daily":false,"chose_seed":false,"campfire_upgraded":1,"win_rate":0.0,"timestamp":1607778257,"path_taken":["M","$","?","M","?","E","R","E","T","R","?","?","M","?","R","BOSS","M","?","$","?","?","R","E","$","T","M"],"items_purchased_type":["Card","Relic"],"build_version":"2020-11-30","purchased_purges":0,"victory":false,"max_hp_per_floor":[80,80,80,80,80,80,80,80,80,80,80,80,80,90,90,90,90,90,90,90,90,90,90,90,90,90,90,90],"relic_stats":{"Darkstone Periapt":0,"Happy Flower":[1],"counters":[11,46],"Shuriken":[10],"Ectoplasm":55,"Champion Belt":[0],"War Paint":["Dual Wield","Defend_R"],"obtain_stats":[{"Darkstone Periapt":6,"Pear":14,"NeowsBlessing":0,"Happy Flower":26,"War Paint":5,"Frozen Egg 2":22,"Burning Blood":0,"Mercury Hourglass":8,"Anchor":20,"Shuriken":9,"MutagenicStrength":21,"Ectoplasm":17,"Champion Belt":24},{"Darkstone Periapt":3,"Pear":6,"NeowsBlessing":0,"Happy Flower":10,"War Paint":2,"Frozen Egg 2":9,"Burning Blood":0,"Mercury Hourglass":4,"Anchor":9,"Shuriken":4,"MutagenicStrength":9,"Ectoplasm":7,"Champion Belt":10},{"Darkstone Periapt":3,"Pear":20,"NeowsBlessing":0,"Happy Flower":43,"War Paint":2,"Frozen Egg 2":38,"Burning Blood":0,"Mercury Hourglass":14,"Anchor":38,"Shuriken":14,"MutagenicStrength":38,"Ectoplasm":31,"Champion Belt":43}],"Burning Blood":53,"Mercury Hourglass":[155]},"card_choices":[{"not_picked":["Warcry","Perfected Strike","Body Slam"],"picked":"SKIP","floor":1.0},{"not_picked":["Sword Boomerang","Heavy Blade","Iron Wave"],"picked":"SKIP","floor":4.0},{"not_picked":["Body Slam","Headbutt","Clash"],"picked":"SKIP","floor":6.0},{"not_picked":["Heavy Blade","Power Through","Disarm"],"picked":"SKIP","floor":8.0},{"not_picked":["Headbutt","Clash"],"picked":"Inflame","floor":12.0},{"not_picked":["Twin Strike","Heavy Blade"],"picked":"Inflame","floor":13.0},{"not_picked":["Clothesline","Carnage+1"],"picked":"Heavy Blade","floor":18},{"not_picked":["Perfected Strike","Cleave","Pummel"],"picked":"SKIP","floor":19},{"not_picked":["Metallicize+1","Warcry+1"],"picked":"Inflame+1","floor":24}],"player_experience":223433,"relics_obtained":[{"floor":6.0,"key":"Darkstone Periapt"},{"floor":8.0,"key":"Mercury Hourglass"},{"floor":9.0,"key":"Shuriken"},{"floor":14.0,"key":"Pear"},{"floor":22,"key":"Frozen Egg 2"},{"floor":24,"key":"Champion Belt"},{"floor":26,"key":"Happy Flower"}],"event_choices":[{"damage_healed":0.0,"max_hp_gain":0.0,"max_hp_loss":0.0,"gold_gain":0.0,"event_name":"The Cleric","player_choice":"Leave","floor":3.0,"gold_loss":0.0,"damage_taken":0.0},{"damage_healed":0.0,"max_hp_gain":0.0,"max_hp_loss":0.0,"gold_gain":0.0,"event_name":"Scrap Ooze","player_choice":"Success","floor":5.0,"gold_loss":0.0,"damage_taken":3.0,"relics_obtained":["War Paint"]},{"damage_healed":0.0,"max_hp_gain":0.0,"max_hp_loss":0.0,"gold_gain":0.0,"event_name":"Living Wall","player_choice":"Grow","floor":11.0,"gold_loss":0.0,"damage_taken":0.0,"cards_upgraded":["Strike_R"]},{"damage_healed":0,"gold_gain":0,"player_choice":"Inject Mutagens","damage_taken":0,"relics_obtained":["MutagenicStrength"],"max_hp_gain":0,"max_hp_loss":0,"event_name":"Drug Dealer","floor":21,"gold_loss":0}],"is_beta":false,"boss_relics":[{"not_picked":["Pandora\u0027s Box","Empty Cage"],"picked":"Ectoplasm"}],"items_purged_floors":[],"is_endless":false,"potions_floor_spawned":[4,6,8,24],"killed_by":"3 Cultists","ascension_level":13}}