{"host":"68ryiucqar8jyfi2","time":1607787639,"event":{"mods":["2.2 Compatiblity","Act Like it!","Aspiration","BaseMod","Better Match","Better Note","Better Skull","Better Third Choice","CapriCore","Curses Come First","Defuse TimeMaze Blight","Displayed Cursed Tome","Emptier Cage","Energized Spire","Friendly Minions","HexUI Lib","Hubris","Hyrulean Relics","Minty Spire (QoL Compilation)","Permanent Neow","RNG Fix","Replay The Spire","Robot Space Explorer","StSLib","Trackpad","Transform Curses","Uncapped","Wandering Minibosses"],"gold_per_floor":[109,129,141,159,178,178,178,218,245,172,238,280,299,325,325,437,437,458,482,507,305,326,369,434,434,434,434,469,490,187,210,210,313,313,338,362,621,701,725,765,793,223,223,223,223],"floor_reached":44,"playtime":1852,"items_purged":["Hallucinations","RobotSpaceExplorer:Strike","RobotSpaceExplorer:Defend"],"score":827,"play_id":"d2f925d0-a4eb-42db-a3b1-077a5e207048","local_time":"20201212154039","daily_mods":["Vintage","Heirloom","Flight"],"is_ascension_mode":false,"campfire_choices":[{"data":"RobotSpaceExplorer:MiniLasers","floor":6.0,"key":"SMITH"},{"data":"RobotSpaceExplorer:Scan","floor":7.0,"key":"SMITH"},{"data":"RobotSpaceExplorer:MiniDrones","floor":15.0,"key":"SMITH"},{"data":"RobotSpaceExplorer:Blaster","floor":25.0,"key":"SMITH"},{"data":"RobotSpaceExplorer:MiniBoosters","floor":27.0,"key":"SMITH"},{"floor":32.0,"key":"DIG"}],"circlet_count":0,"master_deck":["RobotSpaceExplorer:Defend","RobotSpaceExplorer:Defend","RobotSpaceExplorer:Defend","RobotSpaceExplorer:Scan+1","RobotSpaceExplorer:MiniLasers+1","RobotSpaceExplorer:MiniDrones+1","RobotSpaceExplorer:Blaster+1","RobotSpaceExplorer:MiniBoosters+1","RobotSpaceExplorer:RigExplosive+1","RobotSpaceExplorer:TrailblazerForm"],"relics":["RobotSpaceExplorer:RoboCore","Replay:Towering Pillar of Hats","Mercury Hourglass","ReplayTheSpireMod:Shallot","Replay:Rubber Ducky","hubris:TinFlute","trackpad:AdjectivePendant","zeldaRelics:CourageTriforce","ReplayTheSpireMod:CursedCoin","trackpad:IceCube","trackpad:SappingStone","ReplayFunnel","hubris:TenFootPole","Lantern","Quantum Egg","Pen Nib","BargainBundle","zeldaRelics:WisdomTriforce","Pet Ghost","RobotSpaceExplorer:ClockworkSextant","trackpad:CultistFigurine","aspiration:Lifesprig","ReplayTheSpireMod:TigerMarble","InkBottle","Empty Cage","Art of War","hubris:Metronome","wanderingMiniBosses:LockLocket","Pondfish Scales","zeldaRelics:PowerPiece","Incense Burner","trackpad:HandOfMidas","Vajra"],"acts_visited":["Exordium","TheCity","TheBeyond"],"potions_floor_usage":[],"damage_taken":[{"damage":3.0,"enemies":"Cultist","floor":1.0,"turns":4.0},{"damage":0.0,"enemies":"Jaw Worm","floor":2.0,"turns":3.0},{"damage":0.0,"enemies":"Small Slimes","floor":3.0,"turns":3.0},{"damage":0.0,"enemies":"Blue Slaver","floor":4.0,"turns":4.0},{"damage":0.0,"enemies":"3 Louse","floor":5.0,"turns":2.0},{"damage":28.0,"enemies":"Lagavulin","floor":8.0,"turns":7.0},{"damage":0.0,"enemies":"Exordium Wildlife","floor":11.0,"turns":6.0},{"damage":20.0,"enemies":"Gremlin Nob","floor":12.0,"turns":4.0},{"damage":0.0,"enemies":"Blue Slaver","floor":13.0,"turns":2.0},{"damage":0.0,"enemies":"Gremlin Gang","floor":14.0,"turns":3.0},{"damage":12.0,"enemies":"Hexaghost","floor":16.0,"turns":13.0},{"damage":0.0,"enemies":"Spheric Guardian","floor":18.0,"turns":4.0},{"damage":0.0,"enemies":"Chosen","floor":19.0,"turns":3.0},{"damage":0.0,"enemies":"Snake Plant","floor":20.0,"turns":5.0},{"damage":1.0,"enemies":"Centurion and Healer","floor":22.0,"turns":7.0},{"damage":0.0,"enemies":"Slavers","floor":23.0,"turns":6.0},{"damage":5.0,"enemies":"Snecko","floor":24.0,"turns":6.0},{"damage":1.0,"enemies":"Gremlin Leader","floor":28.0,"turns":4.0},{"damage":0.0,"enemies":"Chosen and Byrds","floor":29.0,"turns":4.0},{"damage":0.0,"enemies":"Centurion and Healer","floor":31.0,"turns":3.0},{"damage":0.0,"enemies":"Automaton","floor":33.0,"turns":6.0},{"damage":0.0,"enemies":"3 Shapes","floor":35.0,"turns":4.0},{"damage":17.0,"enemies":"3 Darklings","floor":36.0,"turns":7.0},{"damage":0.0,"enemies":"Spire Growth","floor":37.0,"turns":7.0},{"damage":0.0,"enemies":"4 Shapes","floor":38.0,"turns":5.0},{"damage":0.0,"enemies":"Writhing Mass","floor":39.0,"turns":8.0},{"damage":0.0,"enemies":"Giant Head","floor":40.0,"turns":7.0},{"damage":0.0,"enemies":"Spire Growth","floor":41.0,"turns":1.0},{"damage":0,"enemies":"3 Darklings","floor":44,"turns":1}],"seed_played":"7962383105924687213","potions_obtained":[{"floor":1.0,"key":"BlessingOfTheForge"},{"floor":5.0,"key":"DistilledChaos"},{"floor":8.0,"key":"LiquidBronze"},{"floor":11.0,"key":"Strength Potion"},{"floor":14.0,"key":"Toxic Potion"},{"floor":18.0,"key":"Adrenaline Potion"},{"floor":23.0,"key":"RobotSpaceExplorer:RecyclePotion"},{"floor":28.0,"key":"Explosive Potion"},{"floor":36.0,"key":"Swift Potion"}],"is_trial":true,"path_per_floor":["M","M","M","M","M","R","R","E","T","$","M","E","M","M","R","B",null,"M","M","M","$","M","E","M","R","T","R","E","M","$","M","R","B",null,"M","M","M","M","M","E","M","$","T","M"],"character_chosen":"RobotSpaceExplorer","items_purchased":["ReplayTheSpireMod:CursedCoin","trackpad:IceCube","BargainBundle","RobotSpaceExplorer:MiniBoosters","FearPotion","trackpad:CultistFigurine","aspiration:Lifesprig","trackpad:HandOfMidas","Vajra"],"campfire_rested":0,"item_purchase_floors":[10,10,21,21,21,30,30,42,42],"current_hp_per_floor":[72,72,72,72,72,72,72,44,44,44,44,24,24,24,24,12,75,75,75,75,75,74,74,69,69,69,69,68,68,68,68,68,74,75,75,58,58,58,58,58,58,58,58,58,58],"gold":223,"neow_bonus":"","is_daily":false,"chose_seed":false,"campfire_upgraded":5,"win_rate":0.0,"timestamp":1607787639,"path_taken":["M","M","M","M","M","R","R","E","T","$","M","E","M","M","R","BOSS","M","M","M","$","M","E","M","R","T","R","E","M","$","M","R","BOSS","M","M","M","M","M","E","M","$","T","M"],"items_purchased_type":["Relic","Relic","Relic","Card","Potion","Relic","Relic","Relic","Relic"],"build_version":"2020-11-30","purchased_purges":3,"victory":false,"max_hp_per_floor":[75,75,75,75,75,75,75,75,75,75,75,75,75,75,75,75,75,75,75,75,75,75,75,75,75,75,75,75,75,75,75,75,75,75,75,75,75,75,75,75,75,75,75,75,75],"card_choices":[{"not_picked":["RobotSpaceExplorer:Probe","RobotSpaceExplorer:SurgingShield","RobotSpaceExplorer:MakeshiftVolley"],"picked":"SKIP","floor":8.0},{"not_picked":["RobotSpaceExplorer:Pulsar","RobotSpaceExplorer:JunkDive"],"picked":"RobotSpaceExplorer:MiniDrones","floor":12.0},{"not_picked":["RobotSpaceExplorer:Autoloader","RobotSpaceExplorer:Comet"],"picked":"RobotSpaceExplorer:Blaster","floor":16.0},{"not_picked":["RobotSpaceExplorer:Ammunition","RobotSpaceExplorer:MiniDrones+1"],"picked":"RobotSpaceExplorer:RigExplosive+1","floor":23.0},{"not_picked":["RobotSpaceExplorer:Electroshield","RobotSpaceExplorer:PowerGlove","RobotSpaceExplorer:GlueShot"],"picked":"SKIP","floor":28.0},{"not_picked":["RobotSpaceExplorer:ShockMissile","RobotSpaceExplorer:HighVoltage"],"picked":"RobotSpaceExplorer:TrailblazerForm","floor":33.0},{"not_picked":["RobotSpaceExplorer:ShockKick+1","RobotSpaceExplorer:SlimeMissile+1","RobotSpaceExplorer:Calculate+1"],"picked":"SKIP","floor":40.0},{"not_picked":["RobotSpaceExplorer:ShockKick+1","RobotSpaceExplorer:SlimeMissile+1","RobotSpaceExplorer:Calculate+1"],"picked":"SKIP","floor":40.0}],"player_experience":156816,"relics_obtained":[{"floor":1.0,"key":"Mercury Hourglass"},{"floor":2.0,"key":"ReplayTheSpireMod:Shallot"},{"floor":3.0,"key":"Replay:Rubber Ducky"},{"floor":4.0,"key":"hubris:TinFlute"},{"floor":5.0,"key":"trackpad:AdjectivePendant"},{"floor":8.0,"key":"zeldaRelics:CouragePiece"},{"floor":9.0,"key":"zeldaRelics:CouragePiece"},{"floor":11.0,"key":"trackpad:SappingStone"},{"floor":12.0,"key":"zeldaRelics:CouragePiece"},{"floor":13.0,"key":"ReplayFunnel"},{"floor":14.0,"key":"hubris:TenFootPole"},{"floor":18.0,"key":"Lantern"},{"floor":19.0,"key":"Quantum Egg"},{"floor":20.0,"key":"Pen Nib"},{"floor":23.0,"key":"zeldaRelics:WisdomPiece"},{"floor":24.0,"key":"Pet Ghost"},{"floor":26.0,"key":"zeldaRelics:WisdomPiece"},{"floor":28.0,"key":"zeldaRelics:WisdomPiece"},{"floor":29.0,"key":"RobotSpaceExplorer:ClockworkSextant"},{"floor":31.0,"key":"ReplayTheSpireMod:TigerMarble"},{"floor":32.0,"key":"InkBottle"},{"floor":35.0,"key":"Art of War"},{"floor":37.0,"key":"hubris:Metronome"},{"floor":38.0,"key":"wanderingMiniBosses:LockLocket"},{"floor":38.0,"key":"Pondfish Scales"},{"floor":40.0,"key":"zeldaRelics:PowerPiece"},{"floor":41.0,"key":"Incense Burner"},{"floor":43.0,"key":"zeldaRelics:PowerPiece"}],"event_choices":[],"is_beta":false,"boss_relics":[{"not_picked":["aspiration:FutureDiary","aspiration:IroncladSkillbook","energizedSpire:CursedPentagram"]},{"not_picked":["energizedSpire:StickyHand","SlaversCollar"],"picked":"Empty Cage"}],"items_purged_floors":[10,21,42],"is_endless":true,"potions_floor_spawned":[1,5,8,11,14,18,23,28,31,36,37,39,41],"killed_by":"3 Darklings","ascension_level":0}}