{"host":"95780gohsonvnbsu","time":1607808219,"event":{"mods":["Aspiration","BaseMod","Better Match","Better Note","Better Sensory Stone","Colored Map","Conspire","Downfall","Hubris","Infinite Spire","Minty Spire (QoL Compilation)","StSLib","slay the spire mod where everything is the same but ironclad has a cowboy hat"],"gold_per_floor":[118,118,47,82,100,100,133,133,133,144,18,51,62,82,82,178,178,190,208,208,233,233,233,243,243,311,311,311,331,361,376,376,473,473,487,487,506,13,13,43,43,56,56,56,76,76,76,76,76],"floor_reached":48,"playtime":2598,"items_purged":["Strike_G"],"score":558,"play_id":"efaa88e7-6aae-4dd7-8a1a-631d8aa1b402","local_time":"20201212162339","is_ascension_mode":false,"campfire_choices":[{"data":"Catalyst","floor":6.0,"key":"SMITH"},{"floor":8.0,"key":"REST"},{"data":"Neutralize","floor":8.0,"key":"SMITH"},{"data":"Poisoned Stab","floor":15.0,"key":"SMITH"},{"floor":23.0,"key":"REST"},{"data":"Envenom","floor":23.0,"key":"SMITH"},{"data":"Deadly Poison","floor":25.0,"key":"SMITH"},{"data":"Deadly Poison","floor":32,"key":"SMITH"},{"floor":41,"key":"REST"},{"data":"Venomology","floor":41,"key":"SMITH"}],"circlet_count":0,"master_deck":["Strike_G","Strike_G","Strike_G","Strike_G","Defend_G","Defend_G","Defend_G","Defend_G","Defend_G+1","Survivor","Bouncing Flask+1","PiercingWail","Dagger Throw","Catalyst+1","Deadly Poison+1","Venomology+1","Poisoned Stab+1","Deadly Poison+1","Envenom+1","True Grit+1","Flame Barrier+1","Corpse Explosion+1","Backflip+1","Disarm+1"],"relics":["Ring of the Snake","Strawberry","hubris:SlimyHat","infinitespire:Magic Flask","Pantograph","Blood Vial","aspiration:IroncladSkillbook","aspiration:VileToxins","aspiration:RitualStick","Eternal Feather","Bronze Scales","infinitespire:FocusingShard","Dream Catcher","Bird Faced Urn","InkBottle","infinitespire:Bottled Soul"],"acts_visited":["Exordium","TheCity","TheBeyond"],"potions_floor_usage":[27,27,29,29,29,30,31,31,31,33,33,40,40,42,48,48],"damage_taken":[{"damage":0.0,"enemies":"conspire:RoseBush","floor":1.0,"turns":4.0},{"damage":1.0,"enemies":"conspire:MimicChest","floor":4.0,"turns":4.0},{"damage":0.0,"enemies":"2 Louse","floor":5.0,"turns":2.0},{"damage":44.0,"enemies":"3 Sentries","floor":7.0,"turns":11.0},{"damage":0.0,"enemies":"Jaw Worm","floor":10.0,"turns":3.0},{"damage":0.0,"enemies":"Lagavulin","floor":12.0,"turns":2.0},{"damage":1.0,"enemies":"Red Slaver","floor":13.0,"turns":2.0},{"damage":0.0,"enemies":"Blue Slaver","floor":14.0,"turns":4.0},{"damage":6.0,"enemies":"The Guardian","floor":16.0,"turns":7.0},{"damage":17.0,"enemies":"conspire:FuzzyDice","floor":18.0,"turns":5.0},{"damage":15.0,"enemies":"Shell Parasite","floor":19.0,"turns":5.0},{"damage":7.0,"enemies":"Snake Plant","floor":24.0,"turns":4.0},{"damage":0,"enemies":"conspire:Head Lice","floor":27,"turns":4},{"damage":0,"enemies":"Snecko","floor":29,"turns":3},{"damage":37,"enemies":"conspire:SneckoGhost","floor":30,"turns":8},{"damage":0,"enemies":"Cultist and Chosen","floor":31,"turns":4},{"damage":23,"enemies":"Champ","floor":33,"turns":9},{"damage":0,"enemies":"3 Darklings","floor":35,"turns":2},{"damage":5,"enemies":"3 Shapes","floor":37,"turns":2},{"damage":75,"enemies":"Giant Head","floor":40,"turns":8},{"damage":6,"enemies":"Jaw Worm Horde","floor":42,"turns":3},{"damage":41,"enemies":"Sphere and 2 Shapes","floor":45,"turns":8},{"damage":16,"enemies":"Writhing Mass","floor":48,"turns":4}],"seed_played":"-5313417041642563615","potions_obtained":[{"floor":5.0,"key":"Explosive Potion"},{"floor":7.0,"key":"SkillPotion"},{"floor":14.0,"key":"SpeedPotion"},{"floor":19.0,"key":"EntropicBrew"},{"floor":24.0,"key":"Regen Potion"},{"floor":29,"key":"Explosive Potion"},{"floor":30,"key":"Ancient Potion"},{"floor":31,"key":"Fire Potion"},{"floor":40,"key":"Swift Potion"}],"is_trial":false,"path_per_floor":["M","?","$","?","M","R","E","R","T","M","$","E","M","M","R","B",null,"M","M","?","T","?","R","M","R","T","E","?","M","E","M","R","B",null,"M","?","M","$","?","E","R","M","T","?","M","?","AVR","M"],"character_chosen":"THE_SILENT","items_purchased":["PiercingWail","Dagger Throw","Deadly Poison","Fruit Juice","infinitespire:FocusingShard","Dream Catcher"],"campfire_rested":3,"item_purchase_floors":[3,3,11,38,38,38],"current_hp_per_floor":[77,62,62,61,61,61,17,40,40,40,40,40,41,43,43,64,77,64,55,55,55,40,63,62,62,62,77,77,77,44,50,62,58,77,77,77,76,76,76,11,47,47,47,47,14,14,14,0,0],"gold":76,"neow_bonus":"RANDOM_COMMON_RELIC","is_daily":false,"chose_seed":false,"campfire_upgraded":7,"win_rate":0.0,"timestamp":1607808219,"path_taken":["M","?","$","?","M","R","E","R","T","?","$","E","M","M","R","BOSS","M","M","?","?","?","R","M","R","T","E","?","?","E","M","R","BOSS","M","?","M","$","?","E","R","?","T","?","M","?","AVR","M"],"items_purchased_type":["Card","Card","Card","Potion","Relic","Relic"],"build_version":"2020-11-30","purchased_purges":1,"victory":false,"max_hp_per_floor":[77,77,77,77,77,77,77,77,77,77,77,77,77,77,77,77,77,77,77,77,77,77,77,77,77,77,77,77,77,77,77,77,77,77,77,77,77,77,77,82,82,82,82,82,82,82,82,82,82],"card_choices":[{"not_picked":["Deadly Poison","Acrobatics"],"picked":"Bouncing Flask","floor":1.0},{"not_picked":["Backstab","Eviscerate"],"picked":"Catalyst","floor":4.0},{"not_picked":["Quick Slash","conspire:PoisonWeapons","Acrobatics"],"picked":"SKIP","floor":5.0},{"not_picked":["Masterful Stab","Deflect","hubris:TrickCloak"],"picked":"SKIP","floor":7.0},{"not_picked":["Prepared","Reflex","Dagger Spray"],"picked":"SKIP","floor":10.0},{"not_picked":["Skewer","Backflip"],"picked":"Venomology","floor":12.0},{"not_picked":["PiercingWail","Prepared"],"picked":"Poisoned Stab","floor":13.0},{"not_picked":["Dagger Throw","hubris:SlightOfHand"],"picked":"Deadly Poison","floor":14.0},{"not_picked":["Phantasmal Killer","aspiration:Lunge"],"picked":"Envenom","floor":16.0},{"not_picked":["Prepared","Flame Barrier","Sucker Punch+1","Masterful Stab"],"picked":"SKIP","floor":18.0},{"not_picked":["Pommel Strike","Twin Strike","Dodge and Roll"],"picked":"True Grit+1","floor":19.0},{"not_picked":["Thunderclap","Shrug It Off","Rampage","Body Slam"],"picked":"SKIP","floor":24.0},{"not_picked":["conspire:DoublingDagger","Inflame","Offering"],"picked":"Flame Barrier+1","floor":29},{"not_picked":["Calculated Gamble+1","Dropkick","Burning Pact","Envenom"],"picked":"SKIP","floor":30},{"not_picked":["Underhanded Strike","Clothesline+1","Heavy Blade","Dark Embrace+1"],"picked":"SKIP","floor":31},{"not_picked":["Reaper","conspire:Purge","aspiration:Lunge"],"picked":"Corpse Explosion","floor":33},{"not_picked":["Iron Wave+1","Sucker Punch+1","Predator+1","conspire:Charge"],"picked":"SKIP","floor":35},{"not_picked":["PiercingWail","Entrench+1","Armaments+1"],"picked":"Backflip+1","floor":37},{"not_picked":["Prepared","Storm of Steel","Outmaneuver","Searing Blow+1"],"picked":"SKIP","floor":40},{"not_picked":["Burning Pact","Body Slam","Twin Strike+1","Well Laid Plans"],"picked":"SKIP","floor":42},{"not_picked":["Heavy Blade","Iron Wave+1","Havoc"],"picked":"Disarm+1","floor":45}],"player_experience":304619,"relics_obtained":[{"floor":4.0,"key":"hubris:SlimyHat"},{"floor":7.0,"key":"infinitespire:Magic Flask"},{"floor":9.0,"key":"Pantograph"},{"floor":12.0,"key":"Blood Vial"},{"floor":21.0,"key":"aspiration:VileToxins"},{"floor":26.0,"key":"Eternal Feather"},{"floor":30,"key":"Bronze Scales"},{"floor":40,"key":"Bird Faced Urn"},{"floor":43,"key":"InkBottle"}],"event_choices":[{"damage_healed":0.0,"max_hp_gain":0.0,"max_hp_loss":0.0,"gold_gain":0.0,"event_name":"Shining Light","player_choice":"Entered Light","floor":2.0,"gold_loss":0.0,"damage_taken":15.0,"cards_upgraded":["Bouncing Flask","Defend_G"]},{"cards_removed":["Envenom"],"damage_healed":0.0,"max_hp_gain":0.0,"max_hp_loss":0.0,"gold_gain":0.0,"event_name":"betterNote:BetterNote","player_choice":"Give","floor":20.0,"gold_loss":0.0,"damage_taken":0.0,"cards_obtained":["None"]},{"damage_healed":0,"gold_gain":0,"player_choice":"Ignored","damage_taken":0,"max_hp_gain":0,"max_hp_loss":0,"event_name":"N\u0027loth","floor":28,"gold_loss":0},{"cards_removed":["Neutralize"],"damage_healed":0,"gold_gain":0,"player_choice":"Removed Attack","damage_taken":0,"max_hp_gain":0,"max_hp_loss":0,"event_name":"Falling","floor":36,"gold_loss":0},{"damage_healed":0,"gold_gain":0,"player_choice":"Upgraded","damage_taken":0,"max_hp_gain":0,"max_hp_loss":0,"event_name":"Upgrade Shrine","floor":39,"gold_loss":0,"cards_upgraded":["Corpse Explosion"]},{"damage_healed":0,"gold_gain":0,"player_choice":"Leave","damage_taken":0,"max_hp_gain":0,"max_hp_loss":0,"event_name":"conspire:Investor","floor":44,"gold_loss":0}],"is_beta":false,"boss_relics":[{"not_picked":["conspire:RoyalGoblet","hubris:HollowSoul"],"picked":"aspiration:IroncladSkillbook"},{"not_picked":["WristBlade","Pandora\u0027s Box","hubris:CrackedHourglass"]}],"items_purged_floors":[11],"is_endless":false,"potions_floor_spawned":[5,7,14,19,24,29,30,31,40],"killed_by":"Writhing Mass","ascension_level":0}}