{"host":"04aht2z7d1qbuefv","time":1607809561,"event":{"mods":["AchievementEnabler","BaseMod","Downfall","Minty Spire (QoL Compilation)","StSLib","The Cursed","The Necromancer"],"gold_per_floor":[99,128,145,164,179,179,179],"floor_reached":6,"playtime":354,"items_purged":[],"score":46,"play_id":"66e8e496-af78-4909-8a55-d8accdb5177b","local_time":"20201212184601","is_ascension_mode":false,"campfire_choices":[{"floor":1,"key":"RECALL"}],"circlet_count":0,"master_deck":["Slimebound:Strike_Slimebound","Slimebound:Strike_Slimebound","Slimebound:Strike_Slimebound","Slimebound:Tackle","Slimebound:Defend_Slimebound","Slimebound:Defend_Slimebound","Slimebound:Defend_Slimebound","Slimebound:Defend_Slimebound","Slimebound:Split","Slimebound:CorrosiveSpit","Slimebound:SlimeSpikes","Slimebound:SplitAcid","Slimebound:LeechEnergy"],"relics":["Slimebound:AbsorbEndCombat","Pantograph"],"acts_visited":["Exordium"],"potions_floor_usage":[4,6],"damage_taken":[{"damage":46,"enemies":"3 Sentries","floor":2,"turns":10},{"damage":11,"enemies":"Cultist","floor":3,"turns":5},{"damage":4,"enemies":"Jaw Worm","floor":4,"turns":5},{"damage":4,"enemies":"2 Louse","floor":5,"turns":2},{"damage":34,"enemies":"Gremlin Nob","floor":6,"turns":4}],"seed_played":"7410489904696904452","potions_obtained":[{"floor":3,"key":"Regen Potion"},{"floor":5,"key":"Ancient Potion"}],"is_trial":false,"path_per_floor":["R","E","M","M","M","E"],"character_chosen":"SLIMEBOUND","items_purchased":[],"campfire_rested":0,"item_purchase_floors":[],"current_hp_per_floor":[54,12,9,27,27,0,0],"gold":179,"neow_bonus":"TWENTY_PERCENT_HP_BONUS","is_daily":false,"chose_seed":false,"campfire_upgraded":0,"win_rate":0.0,"timestamp":1607809561,"path_taken":["R","E","M","M","M","E"],"items_purchased_type":[],"build_version":"2020-11-30","purchased_purges":0,"victory":false,"max_hp_per_floor":[72,72,72,72,72,72,72],"card_choices":[{"not_picked":["Slimebound:Schlurp","Slimebound:Overexert"],"picked":"Slimebound:SlimeSpikes","floor":2},{"not_picked":["Slimebound:ComboTackle","Slimebound:SplitBruiser"],"picked":"Slimebound:SplitAcid","floor":3},{"not_picked":["Slimebound:ComboTackle","Slimebound:SplitBruiser","Slimebound:Replication"],"picked":"SKIP","floor":4},{"not_picked":["Slimebound:PressTheAttack","Slimebound:SplitMire"],"picked":"Slimebound:LeechEnergy","floor":5}],"player_experience":125971,"relics_obtained":[{"floor":2,"key":"Pantograph"}],"event_choices":[],"is_beta":false,"boss_relics":[],"items_purged_floors":[],"is_endless":false,"potions_floor_spawned":[3,5],"killed_by":"Gremlin Nob","ascension_level":0}}