{"host":"z9grmtg2w0nmz8n1","time":1607750004,"event":{"mods":["Aspiration","BaseMod","Better Third Choice","BetterRewards","CCEM","Colored Map","GifTheSpireLib","Highlight Path","Hubris","Infinite Spire","Jedi Mod","Jorbs\u0027s Wanderer Trilogy","Minty Spire (QoL Compilation)","Permanent Neow","Replay The Spire","Spicy Shops","StSLib","Stuff the Spire","The Bug Knight"],"gold_per_floor":[212,137,137,137,152,152,52,77,101,117,117,117,117,117],"floor_reached":13,"playtime":564,"items_purged":["Strike_R","Choke"],"score":81,"play_id":"ec6f5c93-9a26-410d-bb50-958aa18ac096","local_time":"20201212031324","is_ascension_mode":false,"campfire_choices":[{"floor":6,"key":"RECALL"}],"circlet_count":0,"master_deck":["Strike_R","Defend_R","Defend_R","Defend_R","Bash","Run Through","Escape Plan","Backstab","jedi:collectorstrike","Injury"],"relics":["Burning Blood","hubris:Towel","Frozen Egg 2","Toxic Egg 2"],"acts_visited":["Exordium"],"potions_floor_usage":[8,13],"damage_taken":[{"damage":1,"enemies":"Cultist","floor":1,"turns":3},{"damage":11,"enemies":"Jaw Worm","floor":5,"turns":2},{"damage":18,"enemies":"Gremlin Nob","floor":8,"turns":4},{"damage":3,"enemies":"Small Slimes","floor":10,"turns":4},{"damage":61,"enemies":"HollowMod:MossKnight","floor":13,"turns":9}],"seed_played":"-4977549391989154752","potions_obtained":[{"floor":1,"key":"SkillPotion"},{"floor":5,"key":"Dexterity Potion"},{"floor":10,"key":"BlessingOfTheForge"}],"is_trial":false,"path_per_floor":["M","$","?","?","M","R","$","E","T","M","?","?","E"],"character_chosen":"IRONCLAD","items_purchased":[],"campfire_rested":0,"item_purchase_floors":[],"current_hp_per_floor":[80,80,80,80,75,75,75,63,63,66,59,59,0,0],"gold":117,"neow_bonus":"HUNDRED_GOLD","is_daily":false,"chose_seed":false,"campfire_upgraded":0,"win_rate":0.0,"timestamp":1607750004,"path_taken":["M","$","?","?","M","R","?","E","T","?","?","?","E"],"items_purchased_type":[],"build_version":"2020-11-30","purchased_purges":2,"victory":false,"max_hp_per_floor":[80,80,80,80,80,80,80,80,80,80,80,80,80,80],"card_choices":[{"not_picked":["StuffTheSpire:RockThrow","Abandon"],"picked":"Run Through","floor":1},{"not_picked":["hubris:SharpeningStone","Dropkick"],"picked":"jedi:collectorstrike","floor":5},{"not_picked":["Disarm","ReplayTheSpireMod:Strike From Hell"],"picked":"jedi:collectorstrike","floor":8},{"not_picked":["Headbutt","True Grit","StuffTheSpire:RockThrow"],"picked":"SKIP","floor":10}],"player_experience":534398,"relics_obtained":[{"floor":8,"key":"Frozen Egg 2"}],"event_choices":[{"cards_removed":["Strike_R"],"damage_healed":0,"gold_gain":0,"player_choice":"Card Removal","damage_taken":7,"max_hp_gain":0,"max_hp_loss":0,"event_name":"Golden Wing","floor":11,"gold_loss":0}],"is_beta":false,"boss_relics":[],"items_purged_floors":[2,7],"is_endless":false,"potions_floor_spawned":[1,5,10],"killed_by":"HollowMod:MossKnight","ascension_level":0}}