{"host":"p245q48pmopyklqs","time":1607749260,"event":{"mods":["AchievementEnabler","BaseMod","DeckTracker","Minty Spire (QoL Compilation)","Relic Stats","StSLib","SuperFastMode"],"gold_per_floor":[112,112,37,37,37,63,63,89,89,89,103,23,36,48,48,48,48],"floor_reached":16,"playtime":159,"items_purged":["Strike_G"],"score":316,"play_id":"425bc13d-57ac-4546-b30e-4bd3b846623f","local_time":"20201212140100","is_ascension_mode":true,"campfire_choices":[{"data":"Neutralize","floor":7,"key":"SMITH"},{"data":"Poisoned Stab","floor":10,"key":"SMITH"},{"data":"Blade Dance","floor":15,"key":"SMITH"}],"circlet_count":0,"master_deck":["AscendersBane","Strike_G","Strike_G","Strike_G","Strike_G","Defend_G","Defend_G+1","Defend_G","Defend_G","Defend_G+1","Survivor","Neutralize+1","PiercingWail","Poisoned Stab+1","Dash","Slice","Blade Dance+1"],"relics":["Ring of the Snake","NeowsBlessing","Toy Ornithopter","Bag of Marbles","Frozen Egg 2","White Beast Statue"],"acts_visited":["Exordium"],"potions_floor_usage":[16],"damage_taken":[{"damage":0,"enemies":"Cultist","floor":1,"turns":2},{"damage":0,"enemies":"Lagavulin","floor":6,"turns":1},{"damage":0,"enemies":"Gremlin Nob","floor":8,"turns":1},{"damage":3,"enemies":"2 Louse","floor":11,"turns":2},{"damage":4,"enemies":"Small Slimes","floor":13,"turns":3},{"damage":0,"enemies":"3 Louse","floor":14,"turns":2},{"damage":38,"enemies":"Slime Boss","floor":16,"turns":3}],"seed_played":"6433371249027962318","potions_obtained":[{"floor":6,"key":"Weak Potion"},{"floor":11,"key":"ColorlessPotion"}],"is_trial":false,"path_per_floor":["M","?","$","?","?","E","R","E","T","R","M","$","M","M","R","B"],"character_chosen":"THE_SILENT","items_purchased":["Dash"],"campfire_rested":0,"item_purchase_floors":[12],"current_hp_per_floor":[59,64,64,59,38,38,38,38,38,38,35,35,31,31,31,0,0],"gold":48,"neow_bonus":"THREE_ENEMY_KILL","is_daily":false,"chose_seed":false,"campfire_upgraded":3,"win_rate":0.0,"timestamp":1607749260,"path_taken":["M","?","$","?","?","E","R","E","T","R","M","$","M","M","R","BOSS"],"items_purchased_type":["Card"],"build_version":"2020-11-30","purchased_purges":1,"victory":false,"max_hp_per_floor":[66,71,71,71,71,71,71,71,71,71,71,71,71,71,71,71,71],"relic_stats":{"counters":[7,14],"obtain_stats":[{"NeowsBlessing":0,"Bag of Marbles":6,"Frozen Egg 2":8,"Toy Ornithopter":4,"White Beast Statue":9,"Ring of the Snake":0},{"NeowsBlessing":0,"Bag of Marbles":2,"Frozen Egg 2":3,"Toy Ornithopter":1,"White Beast Statue":3,"Ring of the Snake":0},{"NeowsBlessing":0,"Bag of Marbles":3,"Frozen Egg 2":4,"Toy Ornithopter":2,"White Beast Statue":4,"Ring of the Snake":0}],"Toy Ornithopter":5,"Ring of the Snake":[14]},"card_choices":[{"not_picked":["Dodge and Roll","Bane","Outmaneuver"],"picked":"SKIP","floor":1},{"not_picked":["Blur","Footwork"],"picked":"PiercingWail","floor":6},{"not_picked":["Endless Agony","Flying Knee"],"picked":"Poisoned Stab","floor":8},{"not_picked":["Calculated Gamble","PiercingWail","Expertise"],"picked":"SKIP","floor":11},{"not_picked":["Dodge and Roll","Acrobatics"],"picked":"Slice","floor":13},{"not_picked":["After Image+1","PiercingWail"],"picked":"Blade Dance","floor":14}],"player_experience":2254510,"relics_obtained":[{"floor":6,"key":"Bag of Marbles"},{"floor":8,"key":"Frozen Egg 2"},{"floor":9,"key":"White Beast Statue"}],"event_choices":[{"damage_healed":0,"gold_gain":0,"player_choice":"Donut","damage_taken":0,"max_hp_gain":5,"max_hp_loss":0,"event_name":"Big Fish","floor":2,"gold_loss":0},{"damage_healed":0,"gold_gain":0,"player_choice":"Success","damage_taken":5,"relics_obtained":["Toy Ornithopter"],"max_hp_gain":0,"max_hp_loss":0,"event_name":"Scrap Ooze","floor":4,"gold_loss":0},{"damage_healed":0,"gold_gain":0,"player_choice":"Entered Light","damage_taken":21,"max_hp_gain":0,"max_hp_loss":0,"event_name":"Shining Light","floor":5,"gold_loss":0,"cards_upgraded":["Defend_G","Defend_G"]}],"is_beta":false,"boss_relics":[],"items_purged_floors":[3],"is_endless":false,"potions_floor_spawned":[6,11,13,14],"killed_by":"Slime Boss","ascension_level":20}}