{"host":"0azimyi6n3ugndj4","time":1607769531,"event":{"mods":["BaseMod","Bestiary","Conspire","Curses Come First","Defuse TimeMaze Blight","Hyrulean Relics","Infinite Spire","Minty Spire (QoL Compilation)","Relic Stats","Replay The Spire","StSLib","SuperFastMode","Uncapped","¡¼?Úª?ø«¡½REMEMod"],"gold_per_floor":[99,99,99,99,99,99,177,177,177,354,393,393,229,292,442,775,775,877,431,506,506,506,605,605,680,680,680,752,752,752,902,902,1175,1175,1250,1250,1250,872,1007,1007,1097,1097,1097,1217,1265,1265,1367,1367,1367,1613,1703,1703],"floor_reached":51,"playtime":730,"items_purged":["Doubt","Doubt"],"score":1676,"play_id":"e1ed5a96-c276-4b52-b749-39dade2ac4d7","local_time":"20201212193851","daily_mods":["Draft","Hoarder","Insanity","Chimera","Specialized","Vintage","ControlledChaos","Allstar","Diverse","Colorless Cards","Heirloom","Time Dilation","Flight","Binary","Elite Swarm","Lethality","Midas","Night Terrors","Binary"],"is_ascension_mode":true,"campfire_choices":[{"floor":6,"key":"REST"},{"floor":24,"key":"REST"},{"floor":27,"key":"REST"},{"floor":32,"key":"DIG"},{"data":"1","floor":40,"key":"LIFT"},{"floor":49,"key":"REST"}],"circlet_count":0,"master_deck":["Demon Form","Wraith Form v2","Echo Form","DevaForm","AscendersBane","Bash","Survivor","Zap","Eruption","Strike_R","Strike_G","Strike_B","Defend_R","Defend_G","Defend_P","Bouncing Flask","Prepared","ReplayTheSpireMod:Strike From Hell","Run Through","Deflect","SandsOfTime","Consecrate","Time Bomb","Armaments","Sword Boomerang","True Grit","REME_TwoStrings","Tempest","Poisoned Stab","Heavy Blade","Consecrate","Redo","Redo","Force Field","Quick Slash","Redo","Streamline","Ball Lightning","Weave","Beam Cell","Flex","Dropkick","Iron Wave","CutThroughFate","Evaluate","Iron Wave","Prostrate","Ghostly Armor","conspire:PoisonWeapons","REME_Repentance","Sweeping Beam","Consume","Gash","Quick Slash","ThirdEye","Nirvana","Draining Mist","Dagger Throw","Capacitor","Hidden Blade","REME_Repentance","conspire:SharedLibrary","Endless Agony","Darkness","Havoc","ReplayTheSpireMod:Omega Cannon","ReplayTheSpireMod:Omega Cannon","ReplayTheSpireMod:Omega Cannon","ReplayTheSpireMod:Omega Cannon","ReplayTheSpireMod:Omega Cannon","ReplayTheSpireMod:Omega Cannon","ReplayTheSpireMod:Omega Cannon","ReplayTheSpireMod:Omega Cannon","ReplayTheSpireMod:Omega Cannon","ReplayTheSpireMod:Omega Cannon","ReplayTheSpireMod:Omega Cannon","ReplayTheSpireMod:Omega Cannon","ReplayTheSpireMod:Omega Cannon","ReplayTheSpireMod:Omega Cannon","ReplayTheSpireMod:Omega Cannon","Heavy Blade","Heavy Blade","Heavy Blade","LikeWater","LikeWater","LikeWater","Blade Dance","Blade Dance","Blade Dance","Terror","Terror","Sucker Punch","Sucker Punch","Sucker Punch","ClearTheMind","ClearTheMind","ClearTheMind","SignatureMove","SignatureMove","SignatureMove","ReplayTheSpireMod:Muscle Training","ReplayTheSpireMod:Muscle Training","ReplayTheSpireMod:Muscle Training","Armaments","Armaments","Armaments","ReplaySort","ReplaySort","ReplaySort","Anger","Anger","Anger","CutThroughFate","CutThroughFate","CutThroughFate","Battle Trance","Battle Trance","Battle Trance","Cloak And Dagger","Cloak And Dagger","Cloak And Dagger","EmptyBody","EmptyBody","EmptyBody","Die Die Die","Die Die Die","Die Die Die","Tactician","Tactician","Tactician","Tactician","Tactician","Tactician","Tactician","Tactician","Tactician","Tactician","Tactician","Tactician","Tactician","Tactician","Tactician","ClearTheMind","ClearTheMind","ClearTheMind","Backflip","Backflip","Backflip","JustLucky","JustLucky","JustLucky","Acrobatics","Acrobatics","Acrobatics","Blade Dance","Blade Dance","Blade Dance","Thunderclap","Thunderclap","Thunderclap","Storm","Storm","Storm","Carnage","Carnage","Carnage","Prepared","Prepared","Prepared","TalkToTheHand","TalkToTheHand","TalkToTheHand","Noxious Fumes","Noxious Fumes","Noxious Fumes","Leg Sweep","Leg Sweep","Leg Sweep","Pummel","Pummel","Pummel","Flex","Flex","Flex","Swivel","Swivel","Swivel","infinitespire:Starlight","infinitespire:Starlight","infinitespire:Starlight"],"relics":["Frozen Eye","Busted Crown","REME_ComplimentaryCards","infinitespire:Joker Card","Lizard Tail","zeldaRelics:CourageTriforce","Sizzling Blood","Mirror","Frozen Egg 2","GremlinMask","zeldaRelics:Boomerang","Vajra","WristBlade","Golden Egg","PreservedInsect","Kunai","Boot","Philosopher\u0027s Stone","Bird Faced Urn","The Courier","zeldaRelics:WisdomTriforce","Omamori","Red Mask","Blue Candle","zeldaRelics:MasterSword","infinitespire:CheckeredPen","Membership Card","Matryoshka","Girya","Bag of Preparation","conspire:GiftBox","zeldaRelics:HylianShield","Strange Spoon","zeldaRelics:PowerTriforce","Replay:Bottled Snecko"],"acts_visited":["Exordium","TheCity","TheBeyond"],"potions_floor_usage":[16,16,16,16,33,33,51],"damage_taken":[{"damage":8,"enemies":"Gremlin Nob","floor":7,"turns":3},{"damage":12,"enemies":"conspire:RoseBush","floor":11,"turns":1},{"damage":0,"enemies":"2 Louse","floor":14,"turns":1},{"damage":3,"enemies":"Fading Forest","floor":16,"turns":13},{"damage":0,"enemies":"3 Byrds","floor":18,"turns":2},{"damage":16,"enemies":"2 Thieves","floor":20,"turns":2},{"damage":26,"enemies":"conspire:SneckoGhost","floor":23,"turns":2},{"damage":16,"enemies":"Cultist and Chosen","floor":25,"turns":4},{"damage":19,"enemies":"Centurion and Healer","floor":28,"turns":2},{"damage":0,"enemies":"Masked Bandits","floor":31,"turns":1},{"damage":51,"enemies":"Automaton","floor":33,"turns":6},{"damage":0,"enemies":"3 Shapes","floor":35,"turns":3},{"damage":4,"enemies":"3 Darklings","floor":39,"turns":2},{"damage":1,"enemies":"Mind Bloom Boss Battle","floor":41,"turns":2},{"damage":0,"enemies":"Reptomancer","floor":44,"turns":1},{"damage":1,"enemies":"Writhing Mass","floor":45,"turns":2},{"damage":45,"enemies":"Nightmare","floor":47,"turns":3},{"damage":0,"enemies":"conspire:OrnateMirror","floor":50,"turns":1}],"seed_played":"-1540582402018063570","potions_obtained":[{"floor":7,"key":"conspire:TimeTravelPotion"},{"floor":10,"key":"SneckoOil"},{"floor":33,"key":"LifebloodPotion"}],"is_trial":true,"path_per_floor":["WH","WH","WH","$","WH","R","E","?","T","?","M","?","$","M","R","B",null,"M","$","M","AVR","?","E","R","M","T","R","M","T","?","?","R","B",null,"M","?","?","$","M","R","?","AVR","T","E","M","?","NM","WH","R","B","B"],"character_chosen":"THE_SILENT","items_purchased":["zeldaRelics:Boomerang","PreservedInsect","Kunai","Membership Card","Matryoshka","Girya"],"campfire_rested":4,"item_purchase_floors":[13,19,19,38,38,38],"current_hp_per_floor":[59,65,72,72,79,81,73,77,77,49,41,41,41,45,45,46,75,79,79,67,67,67,47,80,68,68,75,60,60,60,64,64,29,49,55,55,55,55,55,55,55,55,55,55,55,55,14,19,55,55,0,0],"gold":1703,"neow_bonus":"TEN_PERCENT_HP_BONUS","is_daily":false,"chose_seed":false,"campfire_upgraded":0,"win_rate":0.0,"timestamp":1607769531,"path_taken":["WH","WH","WH","$","WH","R","E","?","T","?","M","?","$","?","R","BOSS","M","$","M","AVR","?","E","R","M","T","R","?","?","?","?","R","BOSS","M","?","?","?","?","R","?","AVR","T","E","M","?","NM","WH","R","BOSS","BOSS"],"items_purchased_type":["Relic","Relic","Relic","Relic","Relic","Relic"],"build_version":"2020-11-30","purchased_purges":2,"victory":false,"max_hp_per_floor":[66,72,79,79,86,81,81,85,85,85,85,85,85,85,85,85,85,85,85,85,85,85,85,80,80,80,75,75,75,75,75,75,75,55,55,55,55,55,55,55,55,55,55,55,55,55,55,60,55,55,55,55],"relic_stats":{"Strange Spoon":[6],"Lizard Tail":27,"Busted Crown":34,"counters":[19,54],"Bird Faced Urn":[24],"Blue Candle":[4],"PreservedInsect":177,"Bag of Preparation":[12],"Kunai":[15],"Boot":[0],"obtain_stats":[{"Golden Egg":18,"zeldaRelics:Boomerang":13,"Vajra":14,"GremlinMask":12,"Sizzling Blood":8,"Bag of Preparation":39,"Boot":20,"zeldaRelics:WisdomTriforce":43,"Frozen Eye":0,"Lizard Tail":1,"Matryoshka":38,"WristBlade":17,"Philosopher\u0027s Stone":21,"zeldaRelics:MasterSword":34,"zeldaRelics:CouragePiece":7,"Red Mask":31,"Kunai":19,"Replay:Bottled Snecko":45,"zeldaRelics:PowerPiece":43,"Ring of the Snake":0,"Girya":38,"zeldaRelics:WisdomPiece":26,"Blue Candle":32,"infinitespire:Joker Card":0,"PreservedInsect":19,"The Courier":25,"Omamori":28,"infinitespire:CheckeredPen":35,"zeldaRelics:PowerTriforce":47,"Frozen Egg 2":11,"zeldaRelics:CourageTriforce":23,"Strange Spoon":42,"conspire:GiftBox":41,"Busted Crown":0,"Bird Faced Urn":21,"Membership Card":38,"Mirror":10,"REME_ComplimentaryCards":0,"zeldaRelics:HylianShield":42},{"Golden Egg":5,"zeldaRelics:Boomerang":2,"Vajra":3,"GremlinMask":2,"Sizzling Blood":1,"Bag of Preparation":13,"Boot":6,"zeldaRelics:WisdomTriforce":14,"Frozen Eye":0,"Lizard Tail":0,"Matryoshka":12,"WristBlade":4,"Philosopher\u0027s Stone":6,"zeldaRelics:MasterSword":11,"zeldaRelics:CouragePiece":1,"Red Mask":10,"Kunai":5,"Replay:Bottled Snecko":16,"zeldaRelics:PowerPiece":14,"Ring of the Snake":0,"Girya":12,"zeldaRelics:WisdomPiece":8,"Blue Candle":10,"infinitespire:Joker Card":0,"PreservedInsect":5,"The Courier":8,"Omamori":9,"infinitespire:CheckeredPen":12,"zeldaRelics:PowerTriforce":17,"Frozen Egg 2":2,"zeldaRelics:CourageTriforce":7,"Strange Spoon":14,"conspire:GiftBox":14,"Busted Crown":0,"Bird Faced Urn":6,"Membership Card":12,"Mirror":1,"REME_ComplimentaryCards":0,"zeldaRelics:HylianShield":14},{"Golden Egg":20,"zeldaRelics:Boomerang":4,"Vajra":5,"GremlinMask":4,"Sizzling Blood":3,"Bag of Preparation":42,"Boot":22,"zeldaRelics:WisdomTriforce":44,"Frozen Eye":0,"Lizard Tail":0,"Matryoshka":40,"WristBlade":18,"Philosopher\u0027s Stone":22,"zeldaRelics:MasterSword":37,"zeldaRelics:CouragePiece":3,"Red Mask":31,"Kunai":20,"Replay:Bottled Snecko":47,"zeldaRelics:PowerPiece":44,"Ring of the Snake":0,"Girya":40,"zeldaRelics:WisdomPiece":28,"Blue Candle":31,"infinitespire:Joker Card":0,"PreservedInsect":20,"The Courier":28,"Omamori":30,"infinitespire:CheckeredPen":40,"zeldaRelics:PowerTriforce":50,"Frozen Egg 2":4,"zeldaRelics:CourageTriforce":24,"Strange Spoon":44,"conspire:GiftBox":44,"Busted Crown":0,"Bird Faced Urn":22,"Membership Card":40,"Mirror":3,"REME_ComplimentaryCards":0,"zeldaRelics:HylianShield":44}]},"card_choices":[{"not_picked":["Backflip","Forethought"],"picked":"Heavy Blade","floor":0},{"not_picked":["Poisoned Stab","CutThroughFate"],"picked":"LikeWater","floor":0},{"not_picked":["CutThroughFate","Dodge and Roll"],"picked":"Blade Dance","floor":0},{"not_picked":["Wallop","Run Through"],"picked":"Terror","floor":0},{"not_picked":["REME_SingleHolding","MentalFortress"],"picked":"Sucker Punch","floor":0},{"not_picked":["Spot Weakness","Replay:ManipulateFuture"],"picked":"ClearTheMind","floor":0},{"not_picked":["Dagger Spray","EmptyMind"],"picked":"SignatureMove","floor":0},{"not_picked":["Turbo","Sword Boomerang"],"picked":"ReplayTheSpireMod:Muscle Training","floor":0},{"not_picked":["Consecrate","Halt"],"picked":"Armaments","floor":0},{"not_picked":["Static Discharge","Backflip"],"picked":"ReplaySort","floor":0},{"not_picked":["Coolheaded","Capacitor"],"picked":"Anger","floor":0},{"not_picked":["Flying Knee","Beam Cell"],"picked":"CutThroughFate","floor":0},{"not_picked":["CrushJoints","FlurryOfBlows"],"picked":"Battle Trance","floor":0},{"not_picked":["Flex","REME_FirmDetermination"],"picked":"Cloak And Dagger","floor":0},{"not_picked":["Storm","Warcry"],"picked":"EmptyBody","floor":0},{"not_picked":["Go for the Eyes","REME_Repentance"],"picked":"ClearTheMind","floor":1},{"not_picked":["BowlingBash","Perfected Strike"],"picked":"Backflip","floor":1},{"not_picked":["Deadly Poison","Anger"],"picked":"JustLucky","floor":1},{"not_picked":["Blade Dance","BowlingBash"],"picked":"Acrobatics","floor":1},{"not_picked":["PathToVictory","Replay:Hum"],"picked":"Blade Dance","floor":1},{"not_picked":["Turbo","Flying Knee"],"picked":"Thunderclap","floor":1},{"not_picked":["Choke","True Grit"],"picked":"Storm","floor":1},{"not_picked":["ClearTheMind","True Grit"],"picked":"Carnage","floor":1},{"not_picked":["Coolheaded","REME_MusicOfDeath"],"picked":"Prepared","floor":1},{"not_picked":["Force Field","Endless Agony"],"picked":"TalkToTheHand","floor":1},{"not_picked":["Carnage","All Out Attack"],"picked":"Noxious Fumes","floor":1},{"not_picked":["Sever Soul","ReplayTheSpireMod:Trickstab"],"picked":"Leg Sweep","floor":1},{"not_picked":["Sword Boomerang","Hidden Blade"],"picked":"Pummel","floor":1},{"not_picked":["conspire:Banana","Protect"],"picked":"Flex","floor":1},{"not_picked":["Perseverance","Pommel Strike"],"picked":"Swivel","floor":1},{"not_picked":["infinitespire:Execution","infinitespire:Punishment"],"picked":"infinitespire:Starlight","floor":47}],"player_experience":1442021,"relics_obtained":[{"floor":7,"key":"zeldaRelics:CouragePiece"},{"floor":9,"key":"zeldaRelics:CouragePiece"},{"floor":10,"key":"Mirror"},{"floor":11,"key":"Frozen Egg 2"},{"floor":14,"key":"Vajra"},{"floor":18,"key":"Golden Egg"},{"floor":20,"key":"Boot"},{"floor":23,"key":"zeldaRelics:CouragePiece"},{"floor":25,"key":"The Courier"},{"floor":26,"key":"zeldaRelics:WisdomPiece"},{"floor":28,"key":"Omamori"},{"floor":29,"key":"zeldaRelics:WisdomPiece"},{"floor":31,"key":"Red Mask"},{"floor":32,"key":"Blue Candle"},{"floor":35,"key":"infinitespire:CheckeredPen"},{"floor":39,"key":"Bag of Preparation"},{"floor":41,"key":"conspire:GiftBox"},{"floor":43,"key":"zeldaRelics:WisdomPiece"},{"floor":43,"key":"zeldaRelics:WisdomPiece"},{"floor":44,"key":"zeldaRelics:PowerPiece"},{"floor":45,"key":"Replay:Bottled Snecko"},{"floor":47,"key":"zeldaRelics:PowerPiece"}],"event_choices":[{"damage_healed":0,"gold_gain":0,"player_choice":"Trade","damage_taken":0,"relics_obtained":["GremlinMask"],"max_hp_gain":0,"max_hp_loss":0,"event_name":"FaceTrader","floor":12,"gold_loss":0},{"damage_healed":0,"gold_gain":150,"player_choice":"AGREE","damage_taken":0,"max_hp_gain":0,"max_hp_loss":0,"event_name":"Liars Game","floor":15,"gold_loss":0,"cards_obtained":["Doubt"]},{"damage_healed":0,"gold_gain":0,"player_choice":"Cursed","damage_taken":0,"max_hp_gain":0,"max_hp_loss":0,"event_name":"Wheel of Change","floor":22,"gold_loss":0,"cards_obtained":["Decay"]},{"cards_removed":["Doubt"],"damage_healed":0,"gold_gain":0,"player_choice":"Elegance","damage_taken":0,"max_hp_gain":0,"max_hp_loss":0,"event_name":"Back to Basics","floor":30,"gold_loss":0},{"damage_healed":0,"gold_gain":0,"player_choice":"Fought Bandits","damage_taken":0,"max_hp_gain":0,"max_hp_loss":0,"event_name":"Masked Bandits","floor":31,"gold_loss":0},{"cards_removed":["Terror"],"damage_healed":0,"gold_gain":0,"player_choice":"Removed Skill","damage_taken":0,"max_hp_gain":0,"max_hp_loss":0,"event_name":"Falling","floor":36,"gold_loss":0},{"damage_healed":0,"gold_gain":0,"player_choice":"Memory 1","damage_taken":0,"max_hp_gain":0,"max_hp_loss":0,"event_name":"SensoryStone","floor":37,"gold_loss":0},{"damage_healed":0,"gold_gain":0,"player_choice":"Fight","damage_taken":0,"max_hp_gain":0,"max_hp_loss":0,"event_name":"MindBloom","floor":41,"gold_loss":0},{"cards_removed":["Decay","Decay","Decay"],"damage_healed":0,"gold_gain":0,"player_choice":"Removed Curses","damage_taken":0,"max_hp_gain":0,"max_hp_loss":0,"event_name":"Fountain of Cleansing","floor":46,"gold_loss":0}],"is_beta":false,"boss_relics":[{"not_picked":["Kintsugi","Abe\u0027s Treasure"],"picked":"WristBlade"},{"not_picked":["Runic Pyramid","Black Star"],"picked":"zeldaRelics:MasterSword"}],"items_purged_floors":[21,42],"is_endless":true,"potions_floor_spawned":[7,18,20,33,41,50],"killed_by":"infinitespire:MassOfShapes","ascension_level":20}}