{"host":"icfpfg8l7slpscsh","time":1607751699,"event":{"mods":["AchievementEnabler","BaseMod","Colored Map","Colored Powertips","Highlight Path","Minty Spire (QoL Compilation)","Permanent Neow","Quick Restart","StSLib"],"gold_per_floor":[367,367,31,181,194,194,30,30,30,55,69,107,15,53,53,146,146,161,182,182,182,182],"floor_reached":21,"playtime":1309,"items_purged":["Writhe","Doubt","Injury"],"score":354,"play_id":"45aad8cd-d417-42f1-9606-c88c23a28327","local_time":"20201212004139","is_ascension_mode":true,"campfire_choices":[{"data":"Zap","floor":6,"key":"SMITH"},{"data":"Dualcast","floor":8,"key":"SMITH"},{"floor":15,"key":"REST"}],"circlet_count":0,"master_deck":["AscendersBane","Strike_B","Strike_B","Strike_B","Strike_B","Defend_B","Defend_B","Defend_B","Defend_B","Zap+1","Dualcast+1","Glacier","Panacea","Rebound","Compile Driver","Streamline","Compile Driver","Capacitor","Capacitor","Machine Learning","White Noise","Defragment"],"relics":["Cracked Core","Golden Idol","Membership Card","Akabeko","DataDisk","Smiling Mask","Odd Mushroom","MealTicket","Velvet Choker","FaceOfCleric"],"acts_visited":["Exordium","TheCity"],"potions_floor_usage":[16,16,18],"damage_taken":[{"damage":4,"enemies":"2 Louse","floor":1,"turns":3},{"damage":2,"enemies":"Jaw Worm","floor":5,"turns":5},{"damage":0,"enemies":"Cultist","floor":10,"turns":3},{"damage":2,"enemies":"3 Louse","floor":11,"turns":2},{"damage":17,"enemies":"The Mushroom Lair","floor":12,"turns":4},{"damage":16,"enemies":"Lagavulin","floor":14,"turns":6},{"damage":41,"enemies":"The Guardian","floor":16,"turns":9},{"damage":30,"enemies":"3 Byrds","floor":18,"turns":5},{"damage":21,"enemies":"2 Thieves","floor":19,"turns":4},{"damage":8,"enemies":"Snake Plant","floor":21,"turns":2}],"seed_played":"2429047374159591330","potions_obtained":[{"floor":5,"key":"ColorlessPotion"},{"floor":11,"key":"Dexterity Potion"},{"floor":16,"key":"PowerPotion"}],"is_trial":false,"path_per_floor":["M","?","$","?","M","R","$","R","T","M","M","?","$","E","R","B",null,"M","M","?","M"],"character_chosen":"DEFECT","items_purchased":["Membership Card","Akabeko","Panacea","DataDisk","FocusPotion","Capacitor"],"campfire_rested":1,"item_purchase_floors":[3,3,3,7,7,13],"current_hp_per_floor":[60,60,60,60,58,58,58,58,58,58,56,39,39,23,44,3,54,24,3,3,0,0],"gold":182,"neow_bonus":"TWO_FIFTY_GOLD","is_daily":false,"chose_seed":false,"campfire_upgraded":2,"win_rate":0.0,"timestamp":1607751699,"path_taken":["M","?","$","?","M","R","$","R","T","M","M","?","$","E","R","BOSS","M","M","?","?"],"items_purchased_type":["Relic","Relic","Card","Relic","Potion","Card"],"build_version":"2020-11-30","purchased_purges":3,"victory":false,"max_hp_per_floor":[71,71,71,71,71,71,71,71,71,71,71,71,71,71,71,71,71,71,71,71,71,71],"card_choices":[{"not_picked":["Steam Power","Leap"],"picked":"Glacier","floor":1},{"not_picked":["Beam Cell","Barrage"],"picked":"Rebound","floor":5},{"not_picked":["Redo","Hologram"],"picked":"Compile Driver","floor":10},{"not_picked":["Force Field","Chill"],"picked":"Streamline","floor":11},{"not_picked":["Doom and Gloom","Self Repair"],"picked":"Compile Driver","floor":12},{"not_picked":["Compile Driver","Barrage"],"picked":"Capacitor","floor":14},{"not_picked":["Hyperbeam","Meteor Strike"],"picked":"Machine Learning","floor":16},{"not_picked":["Stack","Skim"],"picked":"White Noise","floor":18},{"not_picked":["Coolheaded","Gash"],"picked":"Defragment","floor":19}],"player_experience":1409201,"relics_obtained":[{"floor":9,"key":"Smiling Mask"},{"floor":12,"key":"Odd Mushroom"},{"floor":14,"key":"MealTicket"}],"event_choices":[{"damage_healed":0,"gold_gain":0,"player_choice":"Take Wound","damage_taken":0,"relics_obtained":["Golden Idol"],"max_hp_gain":0,"max_hp_loss":0,"event_name":"Golden Idol","floor":2,"gold_loss":0,"cards_obtained":["Injury"]},{"damage_healed":0,"gold_gain":150,"player_choice":"AGREE","damage_taken":0,"max_hp_gain":0,"max_hp_loss":0,"event_name":"Liars Game","floor":4,"gold_loss":0,"cards_obtained":["Doubt"]},{"damage_healed":0,"gold_gain":0,"player_choice":"Fought Mushrooms","damage_taken":0,"max_hp_gain":0,"max_hp_loss":0,"event_name":"Mushrooms","floor":12,"gold_loss":0},{"damage_healed":0,"gold_gain":0,"player_choice":"Trade","damage_taken":0,"relics_obtained":["FaceOfCleric"],"max_hp_gain":0,"max_hp_loss":0,"event_name":"FaceTrader","floor":20,"gold_loss":0}],"is_beta":false,"boss_relics":[{"not_picked":["FrozenCore","Philosopher\u0027s Stone"],"picked":"Velvet Choker"}],"items_purged_floors":[3,7,13],"is_endless":false,"potions_floor_spawned":[5,11,16],"killed_by":"Snake Plant","ascension_level":20}}