{"host":"6csbbk4539itd1k2","time":1607783401,"event":{"mods":["BaseMod","Colored Powertips","Googly Eyes","Hermit","Minty Spire (QoL Compilation)","Replay The Spire","StSLib","SuperFastMode","The Animator","The Bug Knight","The Cursed","The Hierophant","The Necromancer","The Servant 0.9.4"],"gold_per_floor":[119,119,132,145,15,48,48,48,75,85,95,105,105,105,105,203,203,213,153,153,165,165,193,206,217,217,217,55,70,87,106,106,201,201,219,219,229,229,274,274,285,285,310,310,148,162,182,193,193,193,193,193,93,121,121,121],"floor_reached":55,"playtime":4074,"items_purged":["Amnesia","Doubt"],"score":693,"play_id":"989e427a-63ff-4dba-b377-71ffac91d690","local_time":"20201212153001","is_ascension_mode":false,"campfire_choices":[{"floor":7,"key":"REST"},{"data":"HollowMod:SiblingsSouls","floor":13,"key":"SMITH"},{"floor":27,"key":"REST"},{"data":"Normality","floor":32,"key":"PURGE"},{"floor":40,"key":"REST"},{"floor":42,"key":"RECALL"},{"floor":49,"key":"REST"},{"data":"HollowMod:SiblingsSouls","floor":52,"key":"SMITH"}],"circlet_count":0,"master_deck":["HollowMod:NailStrikeStart","HollowMod:NailStrikeStart","HollowMod:NailStrikeStart+1","HollowMod:NailStrikeStart","HollowMod:QuickDashStart","HollowMod:QuickDashStart","HollowMod:QuickDashStart","HollowMod:QuickDashStart","HollowMod:PogoStrike","HollowMod:DescendingDark+1","HollowMod:ShadowDash","HollowMod:SiblingsSouls+1","HollowMod:WraithStrike","HollowMod:PerfectDash","HollowMod:WraithStrike","HollowMod:DescendingDark","HollowMod:DescendingDark","HollowMod:VengefulVoid","HollowMod:NewJinnsSoul","AbeCurse","HollowMod:SiblingsSouls+1","HollowMod:SiblingsSouls","Injury","HollowMod:VoidDash","HollowMod:DoubleDash+1","HollowMod:WraithStrike+1","HollowMod:DescendingDark+1","HollowMod:ShadowDash","HollowMod:VengefulVoid","HollowMod:VengefulVoid","HollowMod:PerfectDash+1","HollowMod:PerfectDash+1"],"relics":["Cursed Key","Simple Rune","Replay:Wax Seal","Abe\u0027s Treasure","HornCleat","Happy Flower","HollowMod:VoidIdolRelic","Replay:Towering Pillar of Hats","Mirror","Whetstone"],"acts_visited":["Exordium","TheCity","TheBeyond","TheEnding"],"potions_floor_usage":[35,41,46,50,50,50,50],"damage_taken":[{"damage":1,"enemies":"Jaw Worm","floor":1,"turns":4},{"damage":5,"enemies":"Small Slimes","floor":3,"turns":3},{"damage":9,"enemies":"2 Louse","floor":4,"turns":2},{"damage":37,"enemies":"3 Sentries","floor":6,"turns":8},{"damage":0,"enemies":"HollowMod:HuskWarrior","floor":10,"turns":4},{"damage":1,"enemies":"Red Slaver","floor":11,"turns":3},{"damage":1,"enemies":"Blue Slaver","floor":12,"turns":2},{"damage":29,"enemies":"The Guardian","floor":16,"turns":7},{"damage":0,"enemies":"3 Byrds","floor":18,"turns":2},{"damage":0,"enemies":"HollowMod:HuskSentry","floor":21,"turns":5},{"damage":34,"enemies":"Slavers","floor":23,"turns":5},{"damage":17,"enemies":"Snake Plant","floor":24,"turns":5},{"damage":2,"enemies":"Centurion and Healer","floor":25,"turns":3},{"damage":0,"enemies":"3 Cultists","floor":29,"turns":3},{"damage":2,"enemies":"Cultist and Chosen","floor":30,"turns":4},{"damage":2,"enemies":"Centurion and Healer","floor":31,"turns":3},{"damage":5,"enemies":"Collector","floor":33,"turns":6},{"damage":0,"enemies":"3 Darklings","floor":35,"turns":3},{"damage":14,"enemies":"Orb Walker","floor":37,"turns":2},{"damage":47,"enemies":"2 Orb Walkers","floor":39,"turns":5},{"damage":0,"enemies":"Sphere and 2 Shapes","floor":41,"turns":8},{"damage":24,"enemies":"Transient","floor":46,"turns":5},{"damage":8,"enemies":"Writhing Mass","floor":47,"turns":4},{"damage":9,"enemies":"Jaw Worm Horde","floor":48,"turns":3},{"damage":29,"enemies":"Awakened One","floor":50,"turns":10},{"damage":52,"enemies":"Shield and Spear","floor":54,"turns":6},{"damage":36,"enemies":"The Heart","floor":55,"turns":3}],"seed_played":"72896166738773891","potions_obtained":[{"floor":4,"key":"Block Potion"},{"floor":6,"key":"GamblersBrew"},{"floor":12,"key":"GamblersBrew"},{"floor":16,"key":"Adrenaline Potion"},{"floor":21,"key":"EntropicBrew"},{"floor":37,"key":"Regen Potion"},{"floor":41,"key":"Weak Potion"}],"is_trial":false,"path_per_floor":["M","?","M","M","$","E","R","?","T","M","M","M","R","?","R","B",null,"M","?","?","M","?","E","M","M","T","R","$","M","M","M","R","B",null,"M","?","M","?","?","R","M","R","T","T","$","M","M","M","R","B",null,"R","$","E","B"],"character_chosen":"THE_BUGKNIGHT","items_purchased":["HollowMod:SiblingsSouls","HollowMod:WraithStrike","HollowMod:PerfectDash","HollowMod:VoidDash","HollowMod:ShadowDash","HollowMod:VengefulVoid"],"campfire_rested":4,"item_purchase_floors":[5,5,5,28,45,45],"current_hp_per_floor":[74,74,69,60,60,23,45,45,45,45,44,43,43,43,43,14,75,75,75,75,75,75,41,24,22,22,44,44,44,42,40,40,35,75,75,75,61,61,14,35,50,50,50,50,50,26,18,9,30,1,71,71,71,19,0,0],"gold":121,"neow_bonus":"BOSS_RELIC","is_daily":false,"chose_seed":false,"campfire_upgraded":2,"win_rate":0.0,"timestamp":1607783401,"path_taken":["M","?","M","M","$","E","R","?","T","M","M","?","R","?","R","BOSS","M","?","?","M","?","E","M","?","T","R","$","M","?","M","R","BOSS","M","?","M","?","?","R","M","R","T","?","$","M","?","?","R","BOSS","R","$","E","BOSS"],"items_purchased_type":["Card","Card","Card","Card","Card","Card"],"build_version":"2020-11-30","purchased_purges":2,"victory":false,"max_hp_per_floor":[75,75,75,75,75,75,75,75,75,75,75,75,75,75,75,75,75,75,75,75,75,75,75,75,75,75,75,75,75,75,75,75,75,75,75,75,75,71,71,71,71,71,71,71,71,71,71,71,71,71,71,71,71,71,71,71],"card_choices":[{"not_picked":["HollowMod:BrokenVessel","HollowMod:DoubleDash"],"picked":"HollowMod:DescendingDark","floor":1},{"not_picked":["HollowMod:CycloneSlash","HollowMod:FallenFury","HollowMod:MonarchWings"],"picked":"SKIP","floor":3},{"not_picked":["HollowMod:BrokenVessel","HollowMod:CoiledNail"],"picked":"HollowMod:ShadowDash","floor":4},{"not_picked":["HollowMod:HeavyBlow","HollowMod:GoodIntentions"],"picked":"HollowMod:WraithStrike","floor":6},{"not_picked":["HollowMod:HerrahsAnger","HollowMod:NewLittleFool"],"picked":"HollowMod:DescendingDark","floor":10},{"not_picked":["HollowMod:ShapeofUnn","HollowMod:MawleksShell"],"picked":"HollowMod:DescendingDark","floor":11},{"not_picked":["HollowMod:TaintedHusks","HollowMod:SiblingsSouls"],"picked":"HollowMod:VengefulVoid","floor":12},{"not_picked":["HollowMod:NewLittleFool","HollowMod:InfectedCysts","HollowMod:SharpenedNail"],"picked":"SKIP","floor":18},{"not_picked":["HollowMod:SharpenedShadows","HollowMod:BrokenVessel"],"picked":"HollowMod:SiblingsSouls","floor":21},{"not_picked":["HollowMod:MawleksShell","HollowMod:LifebloodCocoon","HollowMod:DashSlash"],"picked":"SKIP","floor":23},{"not_picked":["HollowMod:GoodIntentions","HollowMod:RecoilStrike"],"picked":"HollowMod:SiblingsSouls","floor":24},{"not_picked":["HollowMod:ChannelNail","HollowMod:SoulSplash","HollowMod:HowlingWraiths+1"],"picked":"SKIP","floor":25},{"not_picked":["HollowMod:GreatSlash+1","HollowMod:VengefulSpirit"],"picked":"HollowMod:DoubleDash+1","floor":29},{"not_picked":["HollowMod:InfectionAssault","HollowMod:MothsMistake+1","HollowMod:DoubleDash"],"picked":"SKIP","floor":30},{"not_picked":["HollowMod:MantisMark+1","HollowMod:HowlingWraiths+1"],"picked":"HollowMod:WraithStrike+1","floor":31},{"not_picked":["HollowMod:Grubsong+1","HollowMod:CornifersMapStart+1","HollowMod:GoodIntentions"],"picked":"SKIP","floor":35},{"not_picked":["HollowMod:DashSlash","HollowMod:DreamGate+1","HollowMod:LifebloodCocoon+1"],"picked":"SKIP","floor":37},{"not_picked":["HollowMod:VengefulSpirit","HollowMod:ShapeofUnn"],"picked":"HollowMod:DescendingDark+1","floor":39},{"not_picked":["HollowMod:CycloneSlash","HollowMod:SoulShaman","HollowMod:GreatSlash"],"picked":"SKIP","floor":41},{"not_picked":["HollowMod:SoulStrike+1","HollowMod:HowlingWraiths+1"],"picked":"HollowMod:PerfectDash+1","floor":46},{"not_picked":["HollowMod:SoulSplash+1","HollowMod:SharpenedShadows","HollowMod:NewLittleFool"],"picked":"SKIP","floor":47},{"not_picked":["HollowMod:SiblingsSouls","HollowMod:MonomonsArchive"],"picked":"HollowMod:PerfectDash+1","floor":48},{"not_picked":["HollowMod:CycloneSlash","HollowMod:NewGlowingWomb","HollowMod:theNailsmith"],"picked":"SKIP","floor":54}],"player_experience":125379,"relics_obtained":[{"floor":6,"key":"Simple Rune"},{"floor":9,"key":"Replay:Wax Seal"},{"floor":23,"key":"HornCleat"},{"floor":26,"key":"Happy Flower"},{"floor":39,"key":"Replay:Towering Pillar of Hats"},{"floor":44,"key":"Mirror"},{"floor":54,"key":"Whetstone"}],"event_choices":[{"damage_healed":0,"gold_gain":0,"player_choice":"Searched \u00270\u0027 times","damage_taken":0,"max_hp_gain":0,"max_hp_loss":0,"event_name":"Dead Adventurer","floor":14,"gold_loss":0},{"damage_healed":0,"gold_gain":0,"player_choice":"Ignored","damage_taken":0,"max_hp_gain":0,"max_hp_loss":0,"event_name":"Vampires","floor":20,"gold_loss":0},{"damage_healed":0,"gold_gain":0,"player_choice":"Got Potions","damage_taken":0,"max_hp_gain":0,"max_hp_loss":0,"event_name":"Lab","floor":22,"gold_loss":0},{"damage_healed":0,"gold_gain":0,"player_choice":"Memory 1","damage_taken":0,"max_hp_gain":0,"max_hp_loss":0,"event_name":"SensoryStone","floor":36,"gold_loss":0},{"damage_healed":0,"gold_gain":0,"player_choice":"Max HP","damage_taken":0,"max_hp_gain":0,"max_hp_loss":4,"event_name":"Winding Halls","floor":38,"gold_loss":0},{"damage_healed":0,"gold_gain":0,"player_choice":"Fight","damage_taken":0,"max_hp_gain":0,"max_hp_loss":0,"event_name":"Mysterious Sphere","floor":39,"gold_loss":0}],"is_beta":false,"boss_relics":[{"not_picked":["Tiny House","Astrolabe"],"picked":"Abe\u0027s Treasure"},{"not_picked":["Replay:Wanted Poster","Philosopher\u0027s Stone"],"picked":"HollowMod:VoidIdolRelic"}],"items_purged_floors":[45,53],"is_endless":false,"potions_floor_spawned":[4,6,12,16,21,23,30,31,37,41],"killed_by":"The Heart","ascension_level":0}}