{"host":"8xp52u5o8fcssvzz","time":1607761401,"event":{"mods":["2.2 Compatiblity","AchievementEnabler","Act Like it!","Aspiration","BaseMod","Better Altar","Better Match","Better Note","Better Sensory Stone","Better Skull","Better Third Choice","BetterRewards","Colored Map","Conspire","Downfall","GifTheSpireLib","Googly Eyes","Halation","Hallownest","Highlight Path","Hubris","Infinite Spire","Jorbs\u0027s Wanderer Trilogy","Marisa????????","Mimic Mod","Minty Spire (QoL Compilation)","Replay The Spire","Spicy Shops","StSLib","Stuff the Spire","The Blackbeard","The Gatherer","The Necromancer","The Runesmith","The Servant 0.9.4","Unceasing Turn Reminder","everything is the same but u backflip on backflip"],"gold_per_floor":[119,134,150,163,177,177,177],"floor_reached":6,"playtime":327,"items_purged":[],"score":42,"play_id":"00885a64-18fc-4ce6-a1bf-6fc9dbb9f8eb","local_time":"20201212002321","is_ascension_mode":true,"campfire_choices":[],"circlet_count":0,"master_deck":["Strike_MRS","Strike_MRS","Strike_MRS","Strike_MRS","Defend_MRS","Defend_MRS","Defend_MRS","Defend_MRS","MasterSpark","UpSweep","ChargingUp","Occultation","6A","MysteriousBeam"],"relics":["MiniHakkero","StuffTheSpire:ModemDavis","Ring of Chaos"],"acts_visited":["Exordium"],"potions_floor_usage":[6],"damage_taken":[{"damage":1,"enemies":"Cultist","floor":1,"turns":3},{"damage":0,"enemies":"Small Slimes","floor":2,"turns":3},{"damage":0,"enemies":"2 Louse","floor":3,"turns":3},{"damage":1,"enemies":"Large Slime","floor":4,"turns":7},{"damage":25,"enemies":"Exordium Wildlife","floor":5,"turns":5},{"damage":59,"enemies":"Lagavulin","floor":6,"turns":6}],"seed_played":"-6583353034828149743","potions_obtained":[{"floor":1,"key":"FearPotion"},{"floor":5,"key":"BottledSpark"}],"is_trial":false,"path_per_floor":["M","M","M","M","M","E"],"character_chosen":"MARISA","items_purchased":[],"campfire_rested":0,"item_purchase_floors":[],"current_hp_per_floor":[74,74,74,73,48,0,0],"gold":177,"neow_bonus":"DOUBLE_BOSS_RELIC","is_daily":false,"chose_seed":false,"campfire_upgraded":0,"win_rate":0.0,"timestamp":1607761401,"path_taken":["M","?","?","M","M","E"],"items_purchased_type":[],"build_version":"2020-11-30","purchased_purges":0,"victory":false,"max_hp_per_floor":[75,75,75,75,75,75,75],"card_choices":[{"not_picked":["SuperPerseids","WitchLeyline"],"picked":"ChargingUp","floor":1},{"not_picked":["ShootTheMoon","DeepEcoloBomb"],"picked":"Occultation","floor":2},{"not_picked":["GravityBeat","DC"],"picked":"6A","floor":3},{"not_picked":["SprinkleStarSeal","ManaConvection","MachineGunSpark"],"picked":"SKIP","floor":4},{"not_picked":["AsteroidBelt","ChargingUp"],"picked":"MysteriousBeam","floor":5}],"player_experience":407989,"relics_obtained":[],"event_choices":[],"is_beta":false,"boss_relics":[],"items_purged_floors":[],"is_endless":false,"potions_floor_spawned":[1,5],"killed_by":"Lagavulin","ascension_level":1}}