{"host":"f5gffvlv6a66yqkd","time":1607786650,"event":{"mods":["2.2 Compatiblity","BaseMod","Colored Map","DeckTracker","Keyboard Shortcuts","Minty Spire (QoL Compilation)","Permanent Neow","Quick Restart","Relic Stats","StSLib","SuperFastMode"],"gold_per_floor":[124,49,49,70,70,79,79,98,123,148,148,183,204,37,37,122,122,141,183,183,192,220,220,236,236,236,265,289,289,289],"floor_reached":29,"playtime":1022,"items_purged":[],"score":446,"play_id":"70cab0fd-4807-4df4-b560-59818eb702db","local_time":"20201213002410","is_ascension_mode":true,"campfire_choices":[{"data":"Backstab","floor":7.0,"key":"SMITH"},{"data":"Blade Dance","floor":11.0,"key":"SMITH"},{"floor":15.0,"key":"RECALL"},{"floor":23.0,"key":"REST"},{"data":"After Image","floor":25.0,"key":"SMITH"}],"circlet_count":0,"master_deck":["AscendersBane","Strike_G","Strike_G+1","Strike_G","Defend_G","Defend_G","Defend_G","Defend_G+1","Survivor","Neutralize+1","Backstab+1","Endless Agony","After Image+1","Blade Dance+1","Backflip+1","Concentrate+1","Grand Finale","Cloak And Dagger+1","Crippling Poison+1","Grand Finale","Skewer+1","Dagger Throw","Escape Plan+1"],"relics":["Ring of the Snake","CeramicFish","Centennial Puzzle","Toxic Egg 2","OrangePellets","SacredBark","Red Mask","Mummified Hand"],"acts_visited":[],"potions_floor_usage":[28],"damage_taken":[{"damage":2.0,"enemies":"2 Louse","floor":1.0,"turns":4.0},{"damage":0.0,"enemies":"Jaw Worm","floor":4.0,"turns":4.0},{"damage":0.0,"enemies":"Cultist","floor":8.0,"turns":3.0},{"damage":1.0,"enemies":"Gremlin Nob","floor":12.0,"turns":3.0},{"damage":0.0,"enemies":"Looter","floor":13.0,"turns":2.0},{"damage":26.0,"enemies":"The Guardian","floor":16.0,"turns":19.0},{"damage":11.0,"enemies":"3 Byrds","floor":18.0,"turns":8.0},{"damage":32.0,"enemies":"Masked Bandits","floor":19.0,"turns":7.0},{"damage":1.0,"enemies":"Chosen","floor":22.0,"turns":3.0},{"damage":5.0,"enemies":"Snecko","floor":24.0,"turns":5.0},{"damage":8.0,"enemies":"3 Cultists","floor":27.0,"turns":4.0},{"damage":7,"enemies":"Chosen and Byrds","floor":28,"turns":5},{"damage":7,"enemies":"Snake Plant","floor":29,"turns":4}],"seed_played":"-521134823450864859","potions_obtained":[{"floor":8.0,"key":"Fire Potion"},{"floor":13.0,"key":"Dexterity Potion"},{"floor":16.0,"key":"SpeedPotion"}],"is_trial":false,"path_per_floor":["M","?","?","M","?","?","R","M","T","T","R","E","M","$","R","B",null,"M","?","?","?","M","R","M","R","T","M","M","M"],"character_chosen":"THE_SILENT","items_purchased":["OrangePellets"],"campfire_rested":1,"item_purchase_floors":[14],"current_hp_per_floor":[57,57,57,57,37,37,37,37,37,37,37,36,36,36,36,10,52,41,9,9,9,8,27,22,22,22,14,7,0,0],"gold":289,"neow_bonus":"RANDOM_COMMON_RELIC","is_daily":false,"chose_seed":false,"campfire_upgraded":3,"win_rate":0.0,"timestamp":1607786650,"path_taken":["M","?","?","?","?","?","R","M","T","?","R","E","M","$","R","BOSS","M","?","?","?","M","R","M","R","T","?","M","M"],"items_purchased_type":["Relic"],"build_version":"2020-11-30","purchased_purges":0,"victory":false,"max_hp_per_floor":[66,66,66,66,66,66,66,66,66,66,66,66,66,66,66,66,66,66,66,66,66,66,66,66,66,66,66,66,66,66],"relic_stats":{"OrangePellets":[4],"Centennial Puzzle":[28],"counters":[13,71],"Mummified Hand":[5],"CeramicFish":117,"obtain_stats":[{"OrangePellets":14,"Centennial Puzzle":9,"Mummified Hand":26,"CeramicFish":0,"SacredBark":17,"Red Mask":19,"Toxic Egg 2":12,"Ring of the Snake":0},{"OrangePellets":5,"Centennial Puzzle":3,"Mummified Hand":10,"CeramicFish":0,"SacredBark":6,"Red Mask":8,"Toxic Egg 2":4,"Ring of the Snake":0},{"OrangePellets":16,"Centennial Puzzle":11,"Mummified Hand":58,"CeramicFish":0,"SacredBark":35,"Red Mask":50,"Toxic Egg 2":14,"Ring of the Snake":0}],"Ring of the Snake":[29]},"card_choices":[{"not_picked":["Backflip","Poisoned Stab"],"picked":"Backstab","floor":1.0},{"not_picked":["Catalyst","Underhanded Strike"],"picked":"Endless Agony","floor":4.0},{"not_picked":["Footwork","Slice"],"picked":"Blade Dance","floor":8.0},{"not_picked":["Prepared+1","Tactician+1"],"picked":"Backflip+1","floor":12.0},{"not_picked":["Storm of Steel+1","Outmaneuver+1"],"picked":"Concentrate+1","floor":13.0},{"not_picked":["Corpse Explosion+1","Bullet Time+1"],"picked":"Grand Finale","floor":16.0},{"not_picked":["Masterful Stab","Dodge and Roll+1"],"picked":"Cloak And Dagger+1","floor":18.0},{"not_picked":["Predator","Sucker Punch"],"picked":"Crippling Poison+1","floor":19.0},{"not_picked":["Deadly Poison+1","Cloak And Dagger+1"],"picked":"Skewer+1","floor":22.0},{"not_picked":["Bane+1","Eviscerate","Endless Agony"],"picked":"SKIP","floor":24.0},{"not_picked":["Dagger Spray","Bane"],"picked":"Dagger Throw","floor":27.0},{"not_picked":["Grand Finale","Bane"],"picked":"Escape Plan+1","floor":28}],"player_experience":1446613,"relics_obtained":[{"floor":9.0,"key":"Centennial Puzzle"},{"floor":12.0,"key":"Toxic Egg 2"},{"floor":19.0,"key":"Red Mask"},{"floor":26.0,"key":"Mummified Hand"}],"event_choices":[{"cards_removed":["Defend_G"],"damage_healed":0.0,"max_hp_gain":0.0,"max_hp_loss":0.0,"gold_gain":0.0,"event_name":"The Cleric","player_choice":"Card Removal","floor":2.0,"gold_loss":75.0,"damage_taken":0.0},{"damage_healed":0.0,"max_hp_gain":0.0,"max_hp_loss":0.0,"gold_gain":0.0,"event_name":"Upgrade Shrine","player_choice":"Upgraded","floor":3.0,"gold_loss":0.0,"damage_taken":0.0,"cards_upgraded":["Neutralize"]},{"damage_healed":0.0,"max_hp_gain":0.0,"max_hp_loss":0.0,"gold_gain":0.0,"event_name":"Shining Light","player_choice":"Entered Light","floor":5.0,"gold_loss":0.0,"damage_taken":20.0,"cards_upgraded":["Defend_G","Strike_G"]},{"damage_healed":0.0,"max_hp_gain":0.0,"max_hp_loss":0.0,"gold_gain":0.0,"cards_transformed":["Strike_G"],"event_name":"Living Wall","player_choice":"Change","floor":6.0,"gold_loss":0.0,"damage_taken":0.0,"cards_obtained":["After Image"]},{"damage_healed":0.0,"max_hp_gain":0.0,"max_hp_loss":0.0,"gold_gain":0.0,"event_name":"Masked Bandits","player_choice":"Fought Bandits","floor":19.0,"gold_loss":0.0,"damage_taken":0.0},{"cards_removed":["Strike_G"],"damage_healed":0.0,"max_hp_gain":0.0,"max_hp_loss":0.0,"gold_gain":0.0,"event_name":"Back to Basics","player_choice":"Elegance","floor":20.0,"gold_loss":0.0,"damage_taken":0.0},{"damage_healed":0.0,"max_hp_gain":0.0,"max_hp_loss":0.0,"gold_gain":0.0,"event_name":"Duplicator","player_choice":"Copied","floor":21.0,"gold_loss":0.0,"damage_taken":0.0,"cards_obtained":["Grand Finale"]}],"is_beta":false,"boss_relics":[{"not_picked":["Ring of the Serpent","Ectoplasm"],"picked":"SacredBark"}],"items_purged_floors":[],"is_endless":false,"potions_floor_spawned":[8,13,16],"killed_by":"Snake Plant","ascension_level":20}}