{"host":"woah5shdh5xsovm3","time":1607739701,"event":{"mods":["BaseMod","BetterRewards","Downfall","Hermit","Hubris","Infinite Spire","Koishi","Marisa????????","Minty Spire (QoL Compilation)","Remilia??????","Replay The Spire","Shop Mod","StSLib","SuperFastMode","The Animator","The Bug Knight","The Construct","The Cursed","The Disciple","The Hierophant","The Necromancer","The Poker Player","The Runesmith","The Servant 0.9.4"],"gold_per_floor":[119,119,119,129,54,85,85,85,130,165,180,180,198,61,61,162,162,178,192,192,203,7,7,17,17,40,65,81,115,126,154,154,254,254,270,270,270,287,307,307,407,39,121,173,173,240,240,291,291,319],"floor_reached":51,"playtime":2644,"items_purged":["Regret","Koishi:BasicStrike","Koishi:ReleaseOfTheId"],"score":745,"play_id":"f909cac8-eafe-48ba-9b73-4498789a6f7c","local_time":"20201211202141","is_ascension_mode":false,"campfire_choices":[{"floor":12.0,"key":"REST"},{"floor":15.0,"key":"REST"},{"floor":23.0,"key":"REST"},{"data":"Koishi:JumpScare","floor":25.0,"key":"SMITH"},{"data":"Koishi:HauntingSlash","floor":32.0,"key":"SMITH"},{"data":"Koishi:RacingHeart","floor":40.0,"key":"SMITH"},{"data":"Koishi:Heartbroken","floor":47,"key":"SMITH"},{"data":"infinitespire:Oblivion","floor":49,"key":"SMITH"}],"circlet_count":0,"master_deck":["Koishi:BasicStrike+1","Koishi:BasicStrike","Koishi:BasicDefend+1","Koishi:BasicDefend+1","Koishi:BasicDefend+1","Koishi:Provoke","Koishi:HauntingSlash+1","Koishi:BloodcurdlingScream","Koishi:RacingHeart","Koishi:RacingHeart+1","Koishi:PredatoryInstincts","Koishi:TremblingHands","Koishi:DreadfulBlow","Koishi:JumpScare+1","Koishi:Untouchable+1","Koishi:Whimsy","Koishi:ParalyzingFear+1","Koishi:TerrifyingSpectre+1","infinitespire:Oblivion+1","Koishi:MindNumbingTerror","Koishi:Heartbroken+1"],"relics":["Koishi:ImaginaryFriend","NeowsBlessing","infinitespire:PuzzleCube","War Paint","The Courier","Vajra","Toy Ornithopter","SlaversCollar","Koishi:ColorfulDays","infinitespire:ShieldingShard","Runesmith:AutoHammer","Bronze Scales","Ice Cream","ReplayTheSpireMod:Lightbulb","Philosopher\u0027s Stone","hubris:Icosahedron","Pocketwatch","Mummified Hand","Replay:Bandana","Shuriken","Toxic Egg 2","infinitespire:EvilPickle","Potion Belt"],"acts_visited":["Exordium","TheCity","TheBeyond"],"potions_floor_usage":[50],"damage_taken":[{"damage":0.0,"enemies":"Small Slimes","floor":1.0,"turns":1.0},{"damage":0.0,"enemies":"Jaw Worm","floor":4.0,"turns":1.0},{"damage":0.0,"enemies":"HollowMod:MossKnight","floor":6.0,"turns":1.0},{"damage":31.0,"enemies":"Gremlin Nob","floor":10.0,"turns":4.0},{"damage":0.0,"enemies":"Cultist","floor":11.0,"turns":2.0},{"damage":2.0,"enemies":"Looter","floor":13.0,"turns":3.0},{"damage":50.0,"enemies":"Fading Forest","floor":16.0,"turns":11.0},{"damage":14.0,"enemies":"Chosen","floor":18.0,"turns":8.0},{"damage":44.0,"enemies":"Shell Parasite","floor":19.0,"turns":8.0},{"damage":8.0,"enemies":"3 Cultists","floor":21.0,"turns":5.0},{"damage":8.0,"enemies":"Sentry and Sphere","floor":24.0,"turns":6.0},{"damage":12.0,"enemies":"HollowMod:Nosk","floor":27.0,"turns":7.0},{"damage":1.0,"enemies":"Centurion and Healer","floor":28.0,"turns":5.0},{"damage":0.0,"enemies":"Nightmare","floor":29.0,"turns":11.0},{"damage":0.0,"enemies":"Snake Plant","floor":30.0,"turns":5.0},{"damage":0.0,"enemies":"Replay:Snechameleon","floor":31.0,"turns":4.0},{"damage":11.0,"enemies":"Pondfish","floor":33.0,"turns":8.0},{"damage":0.0,"enemies":"3 Shapes","floor":35.0,"turns":4.0},{"damage":0.0,"enemies":"Orb Walker","floor":38.0,"turns":3.0},{"damage":19.0,"enemies":"Jaw Worm Horde","floor":39.0,"turns":5.0},{"damage":6.0,"enemies":"infinitespire:Three Voidlings","floor":41.0,"turns":4.0},{"damage":32.0,"enemies":"Nightmare_Alpha","floor":41.0,"turns":11.0},{"damage":0,"enemies":"Giant Head","floor":44,"turns":7},{"damage":0,"enemies":"Nemesis","floor":46,"turns":5},{"damage":3,"enemies":"Maw","floor":48,"turns":5},{"damage":9,"enemies":"Replay:Hell Engine","floor":50,"turns":6}],"seed_played":"4276464891163759242","potions_obtained":[{"floor":10.0,"key":"SkillPotion"},{"floor":11.0,"key":"Block Potion"},{"floor":13.0,"key":"Swift Potion"},{"floor":18.0,"key":"Adrenaline Potion"},{"floor":21.0,"key":"Regen Potion"},{"floor":33.0,"key":"Block Potion"},{"floor":46,"key":"DuplicationPotion"}],"is_trial":false,"path_per_floor":["M","?","?","M","$","E","?","?","T","E","M","R","M","$","R","B",null,"M","M","AVR","M","$","R","M","R","T","E","M","NM","M","E","R","B",null,"M","?","?","M","M","R","?","$","T","E","?","E","R","M","R","B",null],"character_chosen":"KOISHI","items_purchased":["Koishi:TremblingHands","infinitespire:ShieldingShard","Replay:Bandana","Shuriken","Koishi:MindNumbingTerror"],"campfire_rested":3,"item_purchase_floors":[14,22,42,42,42],"current_hp_per_floor":[60,53,53,53,53,53,41,41,41,13,13,31,29,29,47,16,60,59,22,22,34,34,52,58,58,58,60,60,60,60,60,60,60,60,60,60,60,60,60,60,60,60,60,60,60,60,60,60,60,60],"gold":319,"neow_bonus":"THREE_ENEMY_KILL","is_daily":false,"chose_seed":false,"campfire_upgraded":5,"win_rate":0.0,"timestamp":1607739701,"path_taken":["M","?","?","M","$","E","?","?","T","E","M","R","M","$","R","BOSS","M","M","AVR","M","$","R","M","R","T","E","?","NM","?","E","R","BOSS","BOSS","M","?","?","?","?","R","?","$","T","E","?","E","R","?","R","BOSS"],"items_purchased_type":["Card","Relic","Relic","Relic","Card"],"build_version":"2020-11-30","purchased_purges":3,"victory":true,"max_hp_per_floor":[60,60,60,60,60,60,60,60,60,60,60,60,60,60,60,60,60,60,60,60,60,60,60,60,60,60,60,60,60,60,60,60,60,60,60,60,60,60,60,60,60,60,60,60,60,60,60,60,60,60],"card_choices":[{"not_picked":["Koishi:EmbryosDream","Koishi:FleetingPhantom"],"picked":"Koishi:ReleaseOfTheId","floor":1.0},{"not_picked":["Koishi:RorschachInDanmaku","Koishi:DanmakuParanoia"],"picked":"Koishi:BloodcurdlingScream","floor":4.0},{"not_picked":["Koishi:PhilosophyOfTheDespised","Koishi:Prune"],"picked":"Koishi:RacingHeart","floor":6.0},{"not_picked":["Koishi:Jaunt","Koishi:PhilosophyOfTheDespised"],"picked":"Koishi:RacingHeart","floor":10.0},{"not_picked":["Koishi:ReflexRadar","Koishi:Jaunt","Koishi:Heartbroken"],"picked":"SKIP","floor":11.0},{"not_picked":["Koishi:Whimsy","Koishi:EmbersOfLove"],"picked":"Koishi:PredatoryInstincts","floor":13.0},{"not_picked":["Koishi:TremblingHands+1","Koishi:ReflexRadar"],"picked":"Koishi:DreadfulBlow","floor":18.0},{"not_picked":["Koishi:SpiritedAway","Koishi:SprinkleStarAndHeart","Koishi:HeartAttack"],"picked":"SKIP","floor":19.0},{"not_picked":["Koishi:ConfinedInnocent","Koishi:CatchAndRose"],"picked":"Koishi:JumpScare","floor":21.0},{"not_picked":["Koishi:MassHysteria","Koishi:UnconsciousUprising","Koishi:SubterraneanRose"],"picked":"SKIP","floor":24.0},{"not_picked":["Koishi:SubconsciousSweep","Koishi:FleetingPhantom+1"],"picked":"Koishi:Untouchable+1","floor":27.0},{"not_picked":["Koishi:SpiritedAway","Koishi:BloodcurdlingScream+1"],"picked":"Koishi:Whimsy","floor":28.0},{"not_picked":["Koishi:DNAsFlaw","Koishi:Vanish","Koishi:RacingHeart"],"picked":"SKIP","floor":29.0},{"not_picked":["Koishi:ReflexRadar","Koishi:PhantomBarrier","Koishi:SubterraneanRose"],"picked":"SKIP","floor":30.0},{"not_picked":["Koishi:EmbryosDream+1","Koishi:SpiritedAway"],"picked":"Koishi:ParalyzingFear+1","floor":31.0},{"not_picked":["Koishi:Heartbroken","Koishi:MentalBreakdown"],"picked":"Koishi:TerrifyingSpectre","floor":33.0},{"not_picked":["Koishi:ParalyzingFear","Koishi:RacingHeart","Koishi:MassHysteria+1"],"picked":"SKIP","floor":35.0},{"not_picked":["Koishi:EmbryosDream","Koishi:Bloodlust","Koishi:DreadfulBlow"],"picked":"SKIP","floor":38.0},{"not_picked":["Koishi:TremblingHands+1","Koishi:JumpScare","Koishi:UnconsciousUrges+1"],"picked":"SKIP","floor":39.0},{"not_picked":["infinitespire:Fortify","infinitespire:FutureSight"],"picked":"infinitespire:Oblivion","floor":41},{"not_picked":["Koishi:SubconsciousSweep","Koishi:Whimsy+1","Koishi:SpiritedAway+1"],"picked":"SKIP","floor":44},{"not_picked":["Koishi:DanmakuParanoia+1","Koishi:FadingMemory+1"],"picked":"Koishi:Heartbroken","floor":46},{"not_picked":["Koishi:StingingMind","Koishi:ParalyzingFear","Koishi:BramblyRoseGarden+1"],"picked":"SKIP","floor":48}],"player_experience":385635,"relics_obtained":[{"floor":6.0,"key":"The Courier"},{"floor":9.0,"key":"Vajra"},{"floor":10.0,"key":"Toy Ornithopter"},{"floor":26.0,"key":"Runesmith:AutoHammer"},{"floor":27.0,"key":"Bronze Scales"},{"floor":29.0,"key":"Ice Cream"},{"floor":31.0,"key":"ReplayTheSpireMod:Lightbulb"},{"floor":41,"key":"Pocketwatch"},{"floor":41,"key":"Mummified Hand"},{"floor":43,"key":"Toxic Egg 2"},{"floor":46,"key":"Potion Belt"}],"event_choices":[{"damage_healed":0.0,"max_hp_gain":0.0,"max_hp_loss":0.0,"gold_gain":0.0,"event_name":"Scrap Ooze","player_choice":"Success","floor":2.0,"gold_loss":0.0,"damage_taken":7.0,"relics_obtained":["infinitespire:PuzzleCube"]},{"damage_healed":0.0,"max_hp_gain":0.0,"max_hp_loss":0.0,"gold_gain":0.0,"event_name":"Big Fish","player_choice":"Box","floor":3.0,"gold_loss":0.0,"damage_taken":0.0,"relics_obtained":["War Paint"],"cards_obtained":["Regret"]},{"damage_healed":0.0,"max_hp_gain":0.0,"max_hp_loss":0.0,"gold_gain":0.0,"event_name":"Shining Light","player_choice":"Entered Light","floor":7.0,"gold_loss":0.0,"damage_taken":12.0,"cards_upgraded":["Koishi:BasicDefend","Koishi:BasicStrike"]},{"cards_removed":["Koishi:BasicStrike"],"damage_healed":0.0,"max_hp_gain":0.0,"max_hp_loss":0.0,"gold_gain":0.0,"event_name":"Purifier","player_choice":"Purged","floor":8.0,"gold_loss":0.0,"damage_taken":0.0},{"damage_healed":0.0,"max_hp_gain":0.0,"max_hp_loss":0.0,"gold_gain":0.0,"event_name":"Accursed Blacksmith","player_choice":"Forge","floor":37.0,"gold_loss":0.0,"damage_taken":0.0,"cards_upgraded":["Koishi:TerrifyingSpectre"]},{"cards_removed":["Koishi:BasicDefend"],"damage_healed":0,"gold_gain":0,"player_choice":"Purged","damage_taken":0,"max_hp_gain":0,"max_hp_loss":0,"event_name":"Purifier","floor":45,"gold_loss":0}],"is_beta":false,"boss_relics":[{"not_picked":["Runic Pyramid","SacredBark"],"picked":"SlaversCollar"},{"not_picked":["Honey Jar","Runic Dome"],"picked":"Philosopher\u0027s Stone"}],"items_purged_floors":[5,14,20],"is_endless":false,"potions_floor_spawned":[10,11,13,18,19,21,27,33,35,39,46],"ascension_level":0}}