{"host":"22v3gqhprfvenc0a","time":1607760501,"event":{"mods":["BaseMod","BetterRewards","Minty Spire (QoL Compilation)","Relic Filter","Relic Stats","Remove Card Discount Mod","Replay The Spire","StSLib"],"gold_per_floor":[117,135,135,115,129,164,179,179,179],"floor_reached":8,"playtime":155,"items_purged":[],"score":78,"play_id":"4d1830cc-97ba-4fa7-aaf9-5227448ea0bd","local_time":"20201212110821","is_ascension_mode":true,"campfire_choices":[],"circlet_count":0,"master_deck":["Strike_B","Strike_B","Strike_B","Strike_B","Defend_B","Defend_B","Defend_B","Defend_B","Zap","Dualcast","Compile Driver","Genetic Algorithm","Sweeping Beam","BasicCrystalCard","Darkness"],"relics":["Cracked Core","NeowsBlessing","Cables"],"acts_visited":["Exordium"],"potions_floor_usage":[6],"damage_taken":[{"damage":0,"enemies":"Cultist","floor":1,"turns":1},{"damage":0,"enemies":"Jaw Worm","floor":2,"turns":1},{"damage":0,"enemies":"2 Louse","floor":5,"turns":1},{"damage":32,"enemies":"Gremlin Nob","floor":6,"turns":4},{"damage":20,"enemies":"Exordium Wildlife","floor":7,"turns":4},{"damage":22,"enemies":"Lagavulin","floor":8,"turns":3}],"seed_played":"-360791900277006938","potions_obtained":[{"floor":4,"key":"FearPotion"},{"floor":7,"key":"Explosive Potion"}],"is_trial":false,"path_per_floor":["M","M","?","?","M","E","M","E"],"character_chosen":"DEFECT","items_purchased":[],"campfire_rested":0,"item_purchase_floors":[],"current_hp_per_floor":[68,68,68,68,68,36,16,0,0],"gold":179,"neow_bonus":"THREE_ENEMY_KILL","is_daily":false,"chose_seed":false,"campfire_upgraded":0,"win_rate":0.0,"timestamp":1607760501,"path_taken":["M","M","?","?","?","E","?","E"],"items_purchased_type":[],"build_version":"2020-11-30","purchased_purges":0,"victory":false,"max_hp_per_floor":[75,75,75,75,75,75,75,75,75],"relic_stats":{"counters":[6,14],"obtain_stats":[{"NeowsBlessing":0,"Cracked Core":0,"Cables":6},{"NeowsBlessing":0,"Cracked Core":0,"Cables":4},{"NeowsBlessing":0,"Cracked Core":0,"Cables":7}],"Cables":[4,4,0,0,0]},"card_choices":[{"not_picked":["Panic Button","Go for the Eyes"],"picked":"Compile Driver","floor":1},{"not_picked":["ReplayTheSpireMod:Repulse","Loop"],"picked":"Genetic Algorithm","floor":2},{"not_picked":["Genetic Algorithm","Recycle"],"picked":"Sweeping Beam","floor":5},{"not_picked":["Hello World","Mirror Shield"],"picked":"BasicCrystalCard","floor":6},{"not_picked":["Barrage","Ball Lightning"],"picked":"Darkness","floor":7}],"player_experience":307028,"relics_obtained":[{"floor":6,"key":"Cables"}],"event_choices":[{"damage_healed":0,"gold_gain":0,"player_choice":"Bought 1 Potion","damage_taken":0,"max_hp_gain":0,"max_hp_loss":0,"event_name":"The Woman in Blue","floor":4,"gold_loss":0}],"is_beta":false,"boss_relics":[],"items_purged_floors":[],"is_endless":false,"potions_floor_spawned":[7],"killed_by":"Lagavulin","ascension_level":7}}