{"host":"x0ovlu53kkkog8rv","time":1607795674,"event":{"mods":["BaseMod","Colored Map","Minty Spire (QoL Compilation)","Quick Restart","SuperFastMode"],"gold_per_floor":[118,293,305,305,380,414,414,442,442,456,456,466,494,509,509,607,607,617,631,631,647,647,647,657,667,667,667,205,205,205,205],"floor_reached":30,"playtime":1244,"items_purged":["Doubt"],"score":302,"play_id":"805b5d7d-d141-433d-99db-231b6dd99bdd","local_time":"20201213025434","is_ascension_mode":true,"campfire_choices":[{"floor":7,"key":"REST"},{"data":"Armaments","floor":11,"key":"SMITH"},{"data":"Metallicize","floor":15,"key":"SMITH"},{"data":"Feel No Pain","floor":23,"key":"SMITH"},{"floor":27,"key":"REST"}],"circlet_count":0,"master_deck":["Strike_R","Strike_R","Strike_R","Strike_R","Strike_R","Defend_R","Defend_R","Defend_R","Defend_R","Bash","Juggernaut+1","Armaments+1","Shrug It Off","Exhume","Metallicize+1","Warcry","Feel No Pain+1","Shrug It Off","Impervious","CurseOfTheBell","Intimidate","Warcry+1","Shrug It Off+1","Demon Form","Shockwave","Finesse"],"relics":["Burning Blood","CaptainsWheel","Odd Mushroom","Darkstone Periapt","Blood Vial","Calling Bell","Strawberry","Question Card","Girya","Paper Frog","Ornamental Fan","Mango"],"acts_visited":["Exordium","TheCity"],"potions_floor_usage":[25,25],"damage_taken":[{"damage":5,"enemies":"Small Slimes","floor":1,"turns":4},{"damage":6,"enemies":"2 Louse","floor":3,"turns":4},{"damage":26,"enemies":"Lagavulin","floor":6,"turns":8},{"damage":17,"enemies":"The Mushroom Lair","floor":8,"turns":5},{"damage":1,"enemies":"Jaw Worm","floor":10,"turns":4},{"damage":0,"enemies":"2 Fungi Beasts","floor":12,"turns":4},{"damage":11,"enemies":"Gremlin Nob","floor":13,"turns":4},{"damage":2,"enemies":"Looter","floor":14,"turns":4},{"damage":13,"enemies":"Slime Boss","floor":16,"turns":11},{"damage":4,"enemies":"Shell Parasite","floor":18,"turns":7},{"damage":8,"enemies":"Spheric Guardian","floor":19,"turns":8},{"damage":25,"enemies":"Centurion and Healer","floor":21,"turns":14},{"damage":23,"enemies":"Cultist and Chosen","floor":24,"turns":8},{"damage":29,"enemies":"Shelled Parasite and Fungi","floor":25,"turns":6},{"damage":81,"enemies":"Gremlin Leader","floor":30,"turns":4}],"seed_played":"-7583092614462817338","potions_obtained":[{"floor":1,"key":"Energy Potion"},{"floor":8,"key":"LiquidMemories"},{"floor":16,"key":"EssenceOfSteel"}],"is_trial":false,"path_per_floor":["M","?","M","?","?","E","R","?","T","M","R","M","E","M","R","B",null,"M","M","?","M","?","R","M","M","T","R","$","?","E"],"character_chosen":"IRONCLAD","items_purchased":["Finesse","Mango"],"campfire_rested":2,"item_purchase_floors":[28,28],"current_hp_per_floor":[80,80,80,80,69,49,73,62,62,67,67,73,68,74,74,69,93,93,91,97,80,60,60,45,24,24,55,69,69,0,0],"gold":205,"neow_bonus":"ONE_RANDOM_RARE_CARD","is_daily":false,"chose_seed":false,"campfire_upgraded":3,"win_rate":0.0,"timestamp":1607795674,"path_taken":["M","?","M","?","?","E","R","?","T","M","R","?","E","M","R","BOSS","M","M","?","M","?","R","M","M","T","R","?","?","E"],"items_purchased_type":["Card","Relic"],"build_version":"2020-11-30","purchased_purges":1,"victory":false,"max_hp_per_floor":[80,80,80,80,80,80,80,80,80,80,80,80,80,80,80,80,93,93,93,99,99,104,104,104,104,104,104,118,118,118,118],"card_choices":[{"not_picked":["Intimidate","Thunderclap"],"picked":"Armaments","floor":1},{"not_picked":["Twin Strike","Headbutt"],"picked":"Shrug It Off","floor":3},{"not_picked":["Searing Blow","Combust","Havoc"],"picked":"SKIP","floor":6},{"not_picked":["Spot Weakness","Heavy Blade"],"picked":"Exhume","floor":8},{"not_picked":["Rupture","Wild Strike"],"picked":"Metallicize","floor":10},{"not_picked":["Second Wind","Fire Breathing"],"picked":"Warcry","floor":12},{"not_picked":["Clothesline","Heavy Blade"],"picked":"Feel No Pain","floor":13},{"not_picked":["Iron Wave","Armaments"],"picked":"Shrug It Off","floor":14},{"not_picked":["Corruption","Limit Break"],"picked":"Impervious","floor":16},{"not_picked":["Disarm","Thunderclap","Sever Soul+1"],"picked":"Intimidate","floor":18},{"not_picked":["Clothesline","Shrug It Off+1","Burning Pact"],"picked":"Warcry+1","floor":19},{"not_picked":["Flex","Feed","Cleave"],"picked":"Shrug It Off+1","floor":21},{"not_picked":["Wild Strike+1","Havoc","Flex"],"picked":"Demon Form","floor":24},{"not_picked":["Twin Strike","Dropkick+1","Clothesline+1"],"picked":"Shockwave","floor":25}],"player_experience":179410,"relics_obtained":[{"floor":6,"key":"CaptainsWheel"},{"floor":8,"key":"Odd Mushroom"},{"floor":9,"key":"Darkstone Periapt"},{"floor":13,"key":"Blood Vial"},{"floor":17,"key":"Strawberry"},{"floor":17,"key":"Question Card"},{"floor":17,"key":"Girya"},{"floor":26,"key":"Ornamental Fan"}],"event_choices":[{"damage_healed":0,"gold_gain":175,"player_choice":"AGREE","damage_taken":0,"max_hp_gain":0,"max_hp_loss":0,"event_name":"Liars Game","floor":2,"gold_loss":0,"cards_obtained":["Doubt"]},{"damage_healed":0,"gold_gain":0,"player_choice":"Grow","damage_taken":0,"max_hp_gain":0,"max_hp_loss":0,"event_name":"Living Wall","floor":4,"gold_loss":0,"cards_upgraded":["Juggernaut"]},{"damage_healed":0,"gold_gain":75,"player_choice":"Gather Gold","damage_taken":11,"max_hp_gain":0,"max_hp_loss":0,"event_name":"World of Goop","floor":5,"gold_loss":0},{"damage_healed":0,"gold_gain":0,"player_choice":"Fought Mushrooms","damage_taken":0,"max_hp_gain":0,"max_hp_loss":0,"event_name":"Mushrooms","floor":8,"gold_loss":0},{"damage_healed":0,"gold_gain":0,"player_choice":"Opened","damage_taken":0,"relics_obtained":["Paper Frog"],"max_hp_gain":0,"max_hp_loss":0,"event_name":"The Mausoleum","floor":20,"gold_loss":0,"cards_obtained":["Writhe"]},{"damage_healed":0,"gold_gain":0,"player_choice":"Shed Blood","damage_taken":25,"max_hp_gain":5,"max_hp_loss":0,"event_name":"Forgotten Altar","floor":22,"gold_loss":0},{"cards_removed":["Writhe"],"damage_healed":0,"gold_gain":0,"player_choice":"Removed Curses","damage_taken":0,"max_hp_gain":0,"max_hp_loss":0,"event_name":"Fountain of Cleansing","floor":29,"gold_loss":0}],"is_beta":false,"boss_relics":[{"not_picked":["Fusion Hammer","Philosopher\u0027s Stone"],"picked":"Calling Bell"}],"items_purged_floors":[28],"is_endless":false,"potions_floor_spawned":[1,8,16,18,19,24],"killed_by":"Gremlin Leader","ascension_level":1}}