{"host":"aji03558nlnqydpa","time":1607760837,"event":{"mods":["2.2 Compatiblity","AchievementEnabler","Astrologer","BaseMod","Better Altar","Better Match","Better Sensory Stone","Better Third Choice","Colored Map","Gremlin Skip","Koishi","MarisaÅiñ∂âJÅ@ñÇóùçπÅj","Minty Spire (QoL Compilation)","Prisma Mod","Relic Filter","StSLib","The Cursed","The IronCluck","The Servant 0.9.4"],"gold_per_floor":[16,34,45,118,134,163,163,188,188,198,209,209,226,226,226,329,329,340,357,119,139,99,99,133,149,149,5,23,49,61,76,76,178,178,190,203,221,239,257,257,290,290,290,290,141,141,152,164,164,164,164,164,25,59,59],"floor_reached":56,"playtime":6021,"items_purged":["Regret"],"score":1237,"play_id":"78e1748e-c9d5-4583-9d07-eb28359b5167","local_time":"20201212171357","is_ascension_mode":false,"campfire_choices":[{"data":"MillisecondPulsars","floor":7.0,"key":"SMITH"},{"floor":12.0,"key":"REST"},{"data":"EarthLightRay","floor":15.0,"key":"SMITH"},{"floor":23.0,"key":"RECALL"},{"data":"OrrerysSun","floor":32.0,"key":"SMITH"},{"data":"AsteroidBelt","floor":40.0,"key":"SMITH"},{"data":"EnergyFlow","floor":42.0,"key":"SMITH"},{"data":"Good Instincts","floor":44.0,"key":"SMITH"},{"data":"OortCloud","floor":49.0,"key":"SMITH"},{"data":"EnergyFlow","floor":52.0,"key":"SMITH"}],"circlet_count":0,"master_deck":["Strike_MRS","Strike_MRS","Strike_MRS","Strike_MRS","Defend_MRS","Defend_MRS","Defend_MRS","Defend_MRS","MasterSpark+1","UpSweep","FinalSpark","EarthLightRay+1","AsteroidBelt+1","EnergyFlow+1","MillisecondPulsars+1","EnergyFlow+1","GasGiant","NonDirectionalLaser","SprinkleStarSeal","FinalSpark","MagicAbsorber+1","OrrerysSun+1","GalacticHalo+1","DoubleSpark","PowerUp+1","AsteroidBelt+1","AsteroidBelt+1","Acceleration+1","PulseMagic+1","AsteroidBelt+1","Acceleration+1","GrandCross+1","Shame","OortCloud+1","SporeBomb+1","MilkyWay+1","Dark Shackles+1","AsteroidBelt+1","DeepEcoloBomb"],"relics":["MiniHakkero","Vajra","Kunai","TungstenRod","CultistMask","Cursed Key","ClockworkSouvenir","Oddly Smooth Stone","Toxic Egg 2","FossilizedHelix","Runic Pyramid","PreservedInsect","StoneCalendar","Mango"],"acts_visited":["Exordium","TheCity","TheBeyond","TheEnding"],"potions_floor_usage":[55,55,55],"damage_taken":[{"damage":1.0,"enemies":"Cultist","floor":1.0,"turns":3.0},{"damage":8.0,"enemies":"2 Louse","floor":2.0,"turns":3.0},{"damage":3.0,"enemies":"Jaw Worm","floor":3.0,"turns":4.0},{"damage":8.0,"enemies":"Red Slaver","floor":5.0,"turns":3.0},{"damage":7.0,"enemies":"Lagavulin","floor":6.0,"turns":6.0},{"damage":14.0,"enemies":"3 Sentries","floor":8.0,"turns":8.0},{"damage":10.0,"enemies":"Exordium Thugs","floor":10.0,"turns":4.0},{"damage":17.0,"enemies":"Exordium Wildlife","floor":11.0,"turns":3.0},{"damage":7.0,"enemies":"2 Fungi Beasts","floor":13.0,"turns":4.0},{"damage":19.0,"enemies":"The Guardian","floor":16.0,"turns":11.0},{"damage":0.0,"enemies":"Shell Parasite","floor":18.0,"turns":4.0},{"damage":3.0,"enemies":"2 Thieves","floor":19.0,"turns":3.0},{"damage":0.0,"enemies":"Centurion and Healer","floor":21.0,"turns":5.0},{"damage":8.0,"enemies":"Book of Stabbing","floor":24.0,"turns":7.0},{"damage":1.0,"enemies":"Snecko","floor":25.0,"turns":5.0},{"damage":5.0,"enemies":"Snake Plant","floor":28.0,"turns":5.0},{"damage":16.0,"enemies":"Gremlin Leader","floor":29.0,"turns":6.0},{"damage":0.0,"enemies":"Centurion and Healer","floor":30.0,"turns":4.0},{"damage":0.0,"enemies":"Snecko","floor":31.0,"turns":4.0},{"damage":16.0,"enemies":"Collector","floor":33.0,"turns":8.0},{"damage":0.0,"enemies":"Orb Walker","floor":35.0,"turns":4.0},{"damage":0.0,"enemies":"3 Darklings","floor":36.0,"turns":5.0},{"damage":0.0,"enemies":"4 Shapes","floor":37.0,"turns":3.0},{"damage":0.0,"enemies":"Sphere and 2 Shapes","floor":38.0,"turns":3.0},{"damage":0.0,"enemies":"Jaw Worm Horde","floor":39.0,"turns":3.0},{"damage":28.0,"enemies":"Reptomancer","floor":41.0,"turns":6.0},{"damage":0.0,"enemies":"Maw","floor":47.0,"turns":6.0},{"damage":0.0,"enemies":"Transient","floor":48.0,"turns":5.0},{"damage":9.0,"enemies":"Donu and Deca","floor":50.0,"turns":8.0},{"damage":6,"enemies":"Shield and Spear","floor":54,"turns":5},{"damage":16,"enemies":"The Heart","floor":55,"turns":9}],"seed_played":"-3686841121438951094","potions_obtained":[{"floor":2.0,"key":"BlessingOfTheForge"},{"floor":3.0,"key":"DistilledChaos"},{"floor":6.0,"key":"LiquidBronze"},{"floor":11.0,"key":"SteroidPotion"},{"floor":13.0,"key":"Weak Potion"},{"floor":18.0,"key":"BottledSpark"},{"floor":25.0,"key":"Weak Potion"},{"floor":38.0,"key":"DistilledChaos"},{"floor":47.0,"key":"PowerPotion"}],"is_trial":false,"path_per_floor":["M","M","M","?","M","E","R","E","T","M","M","R","M","?","R","B",null,"M","M","$","M","?","R","E","M","T","$","M","E","M","M","R","B",null,"M","M","M","M","M","R","E","R","T","R","$","?","M","M","R","B",null,"R","$","E","B",null],"character_chosen":"MARISA","items_purchased":["ClockworkSouvenir","Good Instincts","Toxic Egg 2","OortCloud","Dark Shackles+1","AsteroidBelt+1"],"campfire_rested":1,"item_purchase_floors":[20,20,27,45,53,53],"current_hp_per_floor":[74,66,67,67,59,56,56,46,46,40,23,45,42,42,42,29,75,75,72,72,75,75,75,73,75,75,75,75,65,65,71,71,61,75,75,75,75,75,75,75,53,53,53,53,53,53,59,65,65,62,75,75,75,89,79],"gold":59,"neow_bonus":"THREE_RARE_CARDS","is_daily":false,"chose_seed":false,"campfire_upgraded":8,"win_rate":0.0,"timestamp":1607760837,"path_taken":["M","M","M","?","M","E","R","E","T","M","M","R","?","?","R","BOSS","M","M","$","M","?","R","E","M","T","?","M","E","M","M","R","BOSS","M","M","M","M","M","R","E","R","T","R","$","?","M","M","R","BOSS","R","$","E","BOSS"],"items_purchased_type":["Relic","Card","Relic","Card","Card","Card"],"build_version":"2020-11-30","purchased_purges":1,"victory":true,"max_hp_per_floor":[75,75,75,75,75,75,75,75,75,75,75,75,75,75,75,75,75,75,75,75,75,75,75,75,75,75,75,75,75,75,75,75,75,75,75,75,75,75,75,75,75,75,75,75,75,75,75,75,75,75,75,75,75,89,89],"card_choices":[{"not_picked":["TreasureHunter","JA"],"picked":"FinalSpark","floor":0.0},{"not_picked":["ShootingEcho","OneTimeOff"],"picked":"EarthLightRay","floor":1.0},{"not_picked":["MysteriousBeam","MilkyWay"],"picked":"AsteroidBelt","floor":2.0},{"not_picked":["DoubleSpark","PowerUp"],"picked":"EnergyFlow","floor":3.0},{"not_picked":["Acceleration","MysteriousBeam"],"picked":"MillisecondPulsars","floor":5.0},{"not_picked":["SuperNova","MeteoricShower"],"picked":"EnergyFlow","floor":6.0},{"not_picked":["6A","StarlightTyphoon"],"picked":"GasGiant","floor":8.0},{"not_picked":["SporeBomb","ShootingEcho"],"picked":"NonDirectionalLaser","floor":10.0},{"not_picked":["IllusionStar","GalacticHalo","OpenUniverse"],"picked":"SKIP","floor":11.0},{"not_picked":["StarBarrage","OrrerysSun"],"picked":"SprinkleStarSeal","floor":13.0},{"not_picked":["UltimateShortwave","StarDustReverie"],"picked":"FinalSpark","floor":16.0},{"not_picked":["IllusionStar","SporeBomb"],"picked":"MagicAbsorber+1","floor":18.0},{"not_picked":["LuminesStrike","MagicAbsorber"],"picked":"OrrerysSun","floor":19.0},{"not_picked":["EnergyRecoil","NonDirectionalLaser"],"picked":"GalacticHalo+1","floor":21.0},{"not_picked":["DarkSpark","PowerUp"],"picked":"DoubleSpark","floor":24.0},{"not_picked":["ChargeUpSpray","MillisecondPulsars"],"picked":"PowerUp+1","floor":25.0},{"not_picked":["ShootingEcho","PowerUp+1"],"picked":"AsteroidBelt+1","floor":28.0},{"not_picked":["DoubleSpark","PulseMagic+1"],"picked":"AsteroidBelt+1","floor":29.0},{"not_picked":["AsteroidBelt+1","EnergyFlow+1"],"picked":"Acceleration+1","floor":30.0},{"not_picked":["OpenUniverse+1","DarkSpark"],"picked":"PulseMagic+1","floor":31.0},{"not_picked":["EnergyRecoil+1","GalacticHalo+1"],"picked":"AsteroidBelt+1","floor":35.0},{"not_picked":["OpenUniverse+1","UnstableBomb","LuminesStrike+1"],"picked":"SKIP","floor":36.0},{"not_picked":["DragonMeteor","AsteroidBelt+1"],"picked":"Acceleration+1","floor":37.0},{"not_picked":["ShootTheMoon","6A+1"],"picked":"GrandCross+1","floor":38.0},{"not_picked":["WitchLeyline","NonDirectionalLaser+1","GrandCross"],"picked":"SKIP","floor":39.0},{"not_picked":["WitchOfGreed","6A+1","MeteoricShower"],"picked":"SKIP","floor":41.0},{"not_picked":["WitchOfGreed","6A+1","MeteoricShower"],"picked":"SKIP","floor":41.0},{"not_picked":["StarBarrage","DC+1"],"picked":"SporeBomb+1","floor":47.0},{"not_picked":["StarlightTyphoon+1","SprinkleStarSeal+1"],"picked":"MilkyWay+1","floor":48.0},{"not_picked":["MeteoricShower","CollectingQuirk"],"picked":"DeepEcoloBomb","floor":54}],"player_experience":693454,"relics_obtained":[{"floor":6.0,"key":"Vajra"},{"floor":8.0,"key":"Kunai"},{"floor":9.0,"key":"TungstenRod"},{"floor":24.0,"key":"Oddly Smooth Stone"},{"floor":29.0,"key":"FossilizedHelix"},{"floor":41.0,"key":"PreservedInsect"},{"floor":43.0,"key":"StoneCalendar"},{"floor":54,"key":"Mango"}],"event_choices":[{"damage_healed":0.0,"max_hp_gain":0.0,"max_hp_loss":0.0,"gold_gain":73.0,"event_name":"Golden Wing","player_choice":"Gained Gold","floor":4.0,"gold_loss":0.0,"damage_taken":0.0},{"damage_healed":0.0,"max_hp_gain":0.0,"max_hp_loss":0.0,"gold_gain":0.0,"event_name":"FaceTrader","player_choice":"Trade","floor":14.0,"gold_loss":0.0,"damage_taken":0.0,"relics_obtained":["CultistMask"]},{"damage_healed":0.0,"max_hp_gain":0.0,"max_hp_loss":0.0,"gold_gain":0.0,"event_name":"Designer","player_choice":"Upgrade","floor":22.0,"gold_loss":40.0,"damage_taken":0.0,"cards_upgraded":["MasterSpark"]},{"cards_removed":["Good Instincts"],"damage_healed":0.0,"max_hp_gain":0.0,"max_hp_loss":0.0,"gold_gain":0.0,"event_name":"Falling","player_choice":"Removed Skill","floor":46.0,"gold_loss":0.0,"damage_taken":0.0}],"is_beta":false,"boss_relics":[{"not_picked":["Calling Bell","ExperimentalFamiliar"],"picked":"Cursed Key"},{"not_picked":["RampagingMagicTools","Circlet"],"picked":"Runic Pyramid"}],"items_purged_floors":[45],"is_endless":false,"potions_floor_spawned":[2,3,6,11,13,18,25,28,33,38,39,47,54],"ascension_level":0}}