{"host":"2hea6pl5vmah38iy","time":1607772754,"event":{"mods":["AchievementEnabler","BaseMod","Colored Map","DeckTracker","Keyboard Shortcuts","Minty Spire (QoL Compilation)","Rare Cards Sparkle","StSLib","SuperFastMode","everything is the same but u backflip on backflip"],"gold_per_floor":[116,129,304,404,102,102,134,147,147,161,172,207,207,227,227,305,305,323,323,323,141,152,186,186,186,211,229,328,342,77,97,97,97,97],"floor_reached":33,"playtime":1142,"items_purged":["Doubt","Strike_G"],"score":498,"play_id":"d477d5e5-3f22-4336-afce-011d9aa4ed5f","local_time":"20201212203234","is_ascension_mode":true,"campfire_choices":[{"data":"Cloak And Dagger","floor":6,"key":"SMITH"},{"data":"Accuracy","floor":13,"key":"SMITH"},{"data":"Cloak And Dagger","floor":15,"key":"SMITH"},{"data":"Tactician","floor":24,"key":"SMITH"},{"floor":32,"key":"REST"}],"circlet_count":0,"master_deck":["AscendersBane","Strike_G","Strike_G","Defend_G","Defend_G","Defend_G","Defend_G","Defend_G","Survivor","Neutralize+1","Cloak And Dagger+1","Backstab+1","Accuracy+1","Blade Dance","Cloak And Dagger+1","Die Die Die","Storm of Steel","Flechettes","Blur","Infinite Blades","PiercingWail","Tactician+1","Blade Dance","Cloak And Dagger","Panache","Infinite Blades"],"relics":["Ring of the Snake","NeowsBlessing","Oddly Smooth Stone","Matryoshka","Ancient Tea Set","Sundial","Whetstone","Sozu","Bag of Marbles","Nunchaku","Regal Pillow"],"acts_visited":["Exordium","TheCity"],"potions_floor_usage":[12,18,23],"damage_taken":[{"damage":0,"enemies":"2 Louse","floor":1,"turns":1},{"damage":0,"enemies":"Cultist","floor":2,"turns":1},{"damage":0,"enemies":"Lagavulin","floor":7,"turns":1},{"damage":0,"enemies":"Small Slimes","floor":8,"turns":3},{"damage":3,"enemies":"Exordium Wildlife","floor":10,"turns":3},{"damage":0,"enemies":"3 Louse","floor":11,"turns":3},{"damage":19,"enemies":"Gremlin Nob","floor":12,"turns":4},{"damage":0,"enemies":"Large Slime","floor":14,"turns":5},{"damage":20,"enemies":"The Guardian","floor":16,"turns":11},{"damage":1,"enemies":"Spheric Guardian","floor":18,"turns":4},{"damage":0,"enemies":"Chosen","floor":22,"turns":5},{"damage":3,"enemies":"Slavers","floor":23,"turns":4},{"damage":9,"enemies":"Shelled Parasite and Fungi","floor":27,"turns":5},{"damage":4,"enemies":"Centurion and Healer","floor":29,"turns":4},{"damage":19,"enemies":"Snake Plant","floor":31,"turns":4},{"damage":50,"enemies":"Collector","floor":33,"turns":7}],"seed_played":"-8421872252127944481","potions_obtained":[{"floor":1,"key":"Block Potion"},{"floor":7,"key":"Poison Potion"},{"floor":12,"key":"SneckoOil"}],"is_trial":false,"path_per_floor":["M","M","?","?","$","R","E","M","T","M","M","E","R","M","R","B",null,"M","?","?","$","M","E","R","?","T","M","?","M","$","M","R","B"],"character_chosen":"THE_SILENT","items_purchased":["Accuracy","Oddly Smooth Stone","Infinite Blades","PiercingWail","Cloak And Dagger","Panache","Infinite Blades"],"campfire_rested":1,"item_purchase_floors":[5,5,21,21,30,30,30],"current_hp_per_floor":[63,63,63,63,63,63,63,63,63,60,60,41,41,41,41,21,58,57,44,44,44,44,41,41,41,41,32,32,28,28,9,46,0,0],"gold":97,"neow_bonus":"THREE_ENEMY_KILL","is_daily":false,"chose_seed":false,"campfire_upgraded":4,"win_rate":0.0,"timestamp":1607772754,"path_taken":["M","M","?","?","$","R","E","M","T","M","?","E","R","M","R","BOSS","M","?","?","$","M","E","R","?","T","?","?","M","$","M","R","BOSS"],"items_purchased_type":["Card","Relic","Card","Card","Card","Card","Card"],"build_version":"2020-11-30","purchased_purges":2,"victory":false,"max_hp_per_floor":[70,70,70,70,70,70,70,70,70,70,70,70,70,70,70,70,70,70,75,75,75,75,75,75,75,75,75,75,75,75,75,75,75,75],"card_choices":[{"not_picked":["Finisher","Underhanded Strike"],"picked":"Cloak And Dagger","floor":1},{"not_picked":["Underhanded Strike","Sucker Punch"],"picked":"Backstab","floor":2},{"not_picked":["Underhanded Strike","Dagger Throw"],"picked":"Blade Dance","floor":7},{"not_picked":["Quick Slash","Prepared","Bane"],"picked":"SKIP","floor":8},{"not_picked":["Setup","Accuracy"],"picked":"Cloak And Dagger","floor":10},{"not_picked":["Noxious Fumes","Bane","Quick Slash"],"picked":"SKIP","floor":11},{"not_picked":["Dash","All Out Attack"],"picked":"Die Die Die","floor":12},{"not_picked":["Dodge and Roll","Quick Slash","Predator"],"picked":"SKIP","floor":14},{"not_picked":["Tools of the Trade","Grand Finale"],"picked":"Storm of Steel","floor":16},{"not_picked":["Sucker Punch","Underhanded Strike+1","Dodge and Roll"],"picked":"SKIP","floor":18},{"not_picked":["Riddle With Holes","Deflect","Dash"],"picked":"SKIP","floor":22},{"not_picked":["Prepared","Dagger Spray"],"picked":"Tactician","floor":23},{"not_picked":["Outmaneuver","Dodge and Roll"],"picked":"Blade Dance","floor":27},{"not_picked":["Dagger Spray","Deadly Poison","Flying Knee"],"picked":"SKIP","floor":29},{"not_picked":["Slice","Dagger Throw","Quick Slash"],"picked":"SKIP","floor":31}],"player_experience":401543,"relics_obtained":[{"floor":7,"key":"Matryoshka"},{"floor":9,"key":"Ancient Tea Set"},{"floor":9,"key":"Sundial"},{"floor":12,"key":"Whetstone"},{"floor":23,"key":"Bag of Marbles"},{"floor":26,"key":"Regal Pillow"}],"event_choices":[{"damage_healed":0,"gold_gain":175,"player_choice":"AGREE","damage_taken":0,"max_hp_gain":0,"max_hp_loss":0,"event_name":"Liars Game","floor":3,"gold_loss":0,"cards_obtained":["Doubt"]},{"damage_healed":0,"gold_gain":100,"player_choice":"Gold","damage_taken":0,"max_hp_gain":0,"max_hp_loss":0,"event_name":"Wheel of Change","floor":4,"gold_loss":0},{"damage_healed":0,"gold_gain":0,"player_choice":"Shed Blood","damage_taken":18,"max_hp_gain":5,"max_hp_loss":0,"event_name":"Forgotten Altar","floor":19,"gold_loss":0},{"damage_healed":0,"gold_gain":0,"cards_transformed":["Strike_G","Strike_G"],"player_choice":"Became Test Subject","damage_taken":0,"max_hp_gain":0,"max_hp_loss":0,"event_name":"Drug Dealer","floor":20,"gold_loss":0,"cards_obtained":["Flechettes","Blur"]},{"damage_healed":0,"gold_gain":0,"player_choice":"Opened","damage_taken":0,"relics_obtained":["Nunchaku"],"max_hp_gain":0,"max_hp_loss":0,"event_name":"The Mausoleum","floor":25,"gold_loss":0},{"damage_healed":0,"gold_gain":99,"player_choice":"Stole From Cult","damage_taken":0,"max_hp_gain":0,"max_hp_loss":0,"event_name":"Nest","floor":28,"gold_loss":0}],"is_beta":false,"boss_relics":[{"not_picked":["Coffee Dripper","Busted Crown"],"picked":"Sozu"}],"items_purged_floors":[5,21],"is_endless":false,"potions_floor_spawned":[1,7,12,22,23],"killed_by":"Collector","ascension_level":13}}