{"host":"gjbmv0wqve0qfw94","time":1607733594,"event":{"mods":["BaseMod","Colored Map","Colored Powertips","DeckTracker","Googly Eyes","Minty Spire (QoL Compilation)","StSLib"],"gold_per_floor":[119,119,133,146,146,180,180,195,221,221,234,275,275,290,290,383,383,404,404,329,354,354,388,388,388,388],"floor_reached":25,"playtime":815,"items_purged":[],"score":462,"play_id":"b0b6b713-f324-44e0-b5e6-ba78b2604aed","local_time":"20201212013954","is_ascension_mode":true,"campfire_choices":[{"data":"Bash","floor":7,"key":"SMITH"},{"data":"Armaments","floor":10,"key":"SMITH"},{"data":"Carnage","floor":13,"key":"SMITH"},{"floor":15,"key":"REST"},{"floor":24,"key":"REST"}],"circlet_count":0,"master_deck":["AscendersBane","Strike_R","Strike_R","Strike_R","Defend_R","Defend_R","Defend_R","Defend_R","Bash+1","Carnage+1","Dark Embrace","Sever Soul","Armaments+1","Carnage+1","Shrug It Off","Flame Barrier","Uppercut","Fiend Fire","Clothesline+1","Immolate","Shrug It Off","Demon Form","Battle Trance"],"relics":["Burning Blood","Golden Idol","Bronze Scales","Dream Catcher","Orichalcum","Runic Pyramid","Lantern"],"acts_visited":["Exordium","TheCity"],"potions_floor_usage":[6,8,23,25],"damage_taken":[{"damage":11,"enemies":"Jaw Worm","floor":1,"turns":4},{"damage":4,"enemies":"Small Slimes","floor":3,"turns":3},{"damage":0,"enemies":"Cultist","floor":4,"turns":2},{"damage":35,"enemies":"3 Sentries","floor":6,"turns":12},{"damage":15,"enemies":"Exordium Wildlife","floor":8,"turns":4},{"damage":1,"enemies":"3 Louse","floor":11,"turns":3},{"damage":32,"enemies":"Gremlin Nob","floor":12,"turns":4},{"damage":9,"enemies":"Looter","floor":14,"turns":3},{"damage":26,"enemies":"The Guardian","floor":16,"turns":13},{"damage":23,"enemies":"3 Byrds","floor":18,"turns":4},{"damage":12,"enemies":"2 Thieves","floor":21,"turns":5},{"damage":44,"enemies":"Slavers","floor":23,"turns":5},{"damage":38,"enemies":"Gremlin Leader","floor":25,"turns":4}],"seed_played":"4278742614187078747","potions_obtained":[{"floor":3,"key":"SkillPotion"},{"floor":4,"key":"SpeedPotion"},{"floor":6,"key":"SkillPotion"},{"floor":16,"key":"FearPotion"},{"floor":18,"key":"HeartOfIron"},{"floor":21,"key":"Regen Potion"}],"is_trial":false,"path_per_floor":["M","?","M","M","?","E","R","M","T","R","M","E","R","M","R","B",null,"M","?","?","M","?","E","R","E"],"character_chosen":"IRONCLAD","items_purchased":[],"campfire_rested":2,"item_purchase_floors":[],"current_hp_per_floor":[70,70,72,74,74,45,45,36,36,36,41,15,15,12,34,14,59,42,42,42,36,36,12,34,0,0],"gold":388,"neow_bonus":"TEN_PERCENT_HP_BONUS","is_daily":false,"chose_seed":false,"campfire_upgraded":3,"win_rate":0.0,"timestamp":1607733594,"path_taken":["M","?","M","M","?","E","R","?","T","R","M","E","R","M","R","BOSS","M","?","?","M","?","E","R","E"],"items_purchased_type":[],"build_version":"2020-11-30","purchased_purges":0,"victory":false,"max_hp_per_floor":[82,74,74,74,74,74,74,74,74,74,74,74,74,74,74,74,74,74,74,74,74,74,74,74,74,74],"card_choices":[{"not_picked":["Cleave","Ghostly Armor"],"picked":"Carnage","floor":1},{"not_picked":["Warcry","Wild Strike","Havoc"],"picked":"SKIP","floor":3},{"not_picked":["Clash","Perfected Strike"],"picked":"Dark Embrace","floor":4},{"not_picked":["Inflame","Clash"],"picked":"Sever Soul","floor":6},{"not_picked":["Warcry","Cleave"],"picked":"Armaments","floor":8},{"not_picked":["Intimidate","Dual Wield"],"picked":"Carnage","floor":11},{"not_picked":["Thunderclap","Combust"],"picked":"Shrug It Off","floor":12},{"not_picked":["Armaments","Shockwave"],"picked":"Flame Barrier","floor":14},{"not_picked":["Armaments","True Grit"],"picked":"Uppercut","floor":15},{"not_picked":["Berserk","Demon Form"],"picked":"Fiend Fire","floor":16},{"not_picked":["Headbutt","Iron Wave"],"picked":"Clothesline+1","floor":18},{"not_picked":["True Grit","Body Slam"],"picked":"Shrug It Off","floor":21},{"not_picked":["Body Slam","Rampage","True Grit"],"picked":"SKIP","floor":23},{"not_picked":["Seeing Red","Thunderclap"],"picked":"Battle Trance","floor":24}],"player_experience":1176540,"relics_obtained":[{"floor":6,"key":"Bronze Scales"},{"floor":9,"key":"Dream Catcher"},{"floor":12,"key":"Orichalcum"},{"floor":23,"key":"Lantern"}],"event_choices":[{"damage_healed":0,"gold_gain":0,"player_choice":"Lose Max HP","damage_taken":0,"relics_obtained":["Golden Idol"],"max_hp_gain":0,"max_hp_loss":8,"event_name":"Golden Idol","floor":2,"gold_loss":0},{"damage_healed":0,"gold_gain":0,"player_choice":"Forge","damage_taken":0,"max_hp_gain":0,"max_hp_loss":0,"event_name":"Accursed Blacksmith","floor":5,"gold_loss":0,"cards_upgraded":["Carnage"]},{"damage_healed":0,"gold_gain":0,"player_choice":"Read","damage_taken":0,"max_hp_gain":0,"max_hp_loss":0,"event_name":"The Library","floor":19,"gold_loss":0,"cards_obtained":["Immolate"]},{"cards_removed":["Strike_R"],"damage_healed":0,"gold_gain":0,"player_choice":"Gave Gold","damage_taken":0,"max_hp_gain":0,"max_hp_loss":0,"event_name":"Beggar","floor":20,"gold_loss":75},{"damage_healed":0,"gold_gain":0,"cards_transformed":["Strike_R"],"player_choice":"Transformed","damage_taken":0,"max_hp_gain":0,"max_hp_loss":0,"event_name":"Transmorgrifier","floor":22,"gold_loss":0,"cards_obtained":["Demon Form"]}],"is_beta":false,"boss_relics":[{"not_picked":["Tiny House","Ectoplasm"],"picked":"Runic Pyramid"}],"items_purged_floors":[],"is_endless":false,"potions_floor_spawned":[3,4,6,16,18,21],"killed_by":"Gremlin Leader","ascension_level":20}}