{"host":"tpbmol9dayg75a5s","time":1607793565,"event":{"mods":["2.2 Compatiblity","BaseMod","Bestiary","Better Altar","Better Match","Better Note","Better Sensory Stone","Better Skull","Better Third Choice","Block Reminder","Colored Powertips","Googly Eyes","Minty Spire (QoL Compilation)","Relic Stats","Replay The Spire","Robot Space Explorer","StSLib"],"gold_per_floor":[111,77,95,114,126,157,171,200,227,255,330,1,18,30,30,134,134,149,165,165,13,13,13,13,39,39,50,50,9,44,62,62,166,166,177,191,207,207,225,225,256,256,256,256,0,76,101,118,118,118,118],"floor_reached":50,"playtime":5788,"items_purged":[],"score":784,"play_id":"a33f7525-5ef0-4d85-93b9-1b477a69be31","local_time":"20201212141925","is_ascension_mode":true,"campfire_choices":[{"floor":15,"key":"REST"},{"data":"Eclipse","floor":23,"key":"SMITH"},{"data":"Immolate","floor":28,"key":"SMITH"},{"floor":32,"key":"REST"},{"data":"Uppercut","floor":40,"key":"SMITH"},{"floor":42,"key":"RECALL"},{"data":"Inflame","floor":44,"key":"SMITH"},{"floor":49,"key":"REST"}],"circlet_count":0,"master_deck":["Strike_R","Strike_R","Strike_R","Strike_R","Defend_R","Defend_R","Defend_R","Defend_R","Bash","Eclipse+1","Thunderclap","Flex+1","Whirlwind","Battle Trance","Immolate+1","Inflame+1","Sentinel","Evolve","Heavy Blade","Rage+1","ReplayTheSpireMod:Stacked+1","Combust","Exhume+1","Uppercut+1","Flame Barrier+1","Inflame","RobotSpaceExplorer:DoubleBlock+1","ReplayTheSpireMod:Strike From Hell","Enlightenment+1","Armaments+1","Bludgeon","Sword Boomerang","Seeing Red+1","Warcry+1","Languid","Flame Barrier+1","ReplayTheSpireMod:Splinters","Shrug It Off+1","ReplayTheSpireMod:Limb From Limb+1","Replay:Many Hands+1","Wild Strike+1"],"relics":["Burning Blood","Blood Vial","Toxic Egg 2","Replay:Rubber Ducky","Sling","Runic Pyramid","Membership Card","Juzu Bracelet","Bottled Lightning","Regal Pillow","Mark of Pain","Ring of Panic","Ring of Peace","Replay:Towering Pillar of Hats","TungstenRod","Red Mask","White Beast Statue"],"acts_visited":["Exordium","TheCity","TheBeyond"],"potions_floor_usage":[6,12,16,27,33,50],"damage_taken":[{"damage":1,"enemies":"Cultist","floor":1,"turns":3},{"damage":3,"enemies":"Small Slimes","floor":3,"turns":3},{"damage":14,"enemies":"Jaw Worm","floor":4,"turns":3},{"damage":0,"enemies":"3 Louse","floor":5,"turns":1},{"damage":17,"enemies":"Replay:BlueRogue","floor":6,"turns":5},{"damage":7,"enemies":"Exordium Wildlife","floor":7,"turns":3},{"damage":20,"enemies":"3 Sentries","floor":8,"turns":4},{"damage":30,"enemies":"Lagavulin","floor":10,"turns":4},{"damage":3,"enemies":"Blue Slaver","floor":13,"turns":3},{"damage":7,"enemies":"Looter","floor":14,"turns":3},{"damage":38,"enemies":"The Guardian","floor":16,"turns":9},{"damage":11,"enemies":"Chosen","floor":18,"turns":5},{"damage":17,"enemies":"Spheric Guardian","floor":19,"turns":5},{"damage":5,"enemies":"Replay:Snechameleon","floor":25,"turns":5},{"damage":8,"enemies":"3 Cultists","floor":27,"turns":4},{"damage":32,"enemies":"Slavers","floor":30,"turns":4},{"damage":11,"enemies":"Centurion and Healer","floor":31,"turns":6},{"damage":59,"enemies":"Champ","floor":33,"turns":9},{"damage":0,"enemies":"3 Darklings","floor":35,"turns":4},{"damage":15,"enemies":"3 Shapes","floor":36,"turns":3},{"damage":25,"enemies":"Spire Growth","floor":37,"turns":5},{"damage":10,"enemies":"3 Darklings","floor":39,"turns":3},{"damage":12,"enemies":"Nemesis","floor":41,"turns":7},{"damage":8,"enemies":"Reptomancer","floor":47,"turns":4},{"damage":4,"enemies":"Transient","floor":48,"turns":5},{"damage":91,"enemies":"Replay:Hell Engine","floor":50,"turns":11}],"seed_played":"8699751916888073573","potions_obtained":[{"floor":4,"key":"Energy Potion"},{"floor":8,"key":"Swift Potion"},{"floor":13,"key":"Swift Potion"},{"floor":16,"key":"Milkshake"},{"floor":18,"key":"SteroidPotion"},{"floor":33,"key":"SkillPotion"},{"floor":35,"key":"CultistPotion"}],"is_trial":false,"path_per_floor":["M","$","M","M","M","E","M","E","T","E","?","$","M","M","R","B",null,"M","M","?","$","?","R","$","E","T","M","R","$","E","M","R","B",null,"M","M","M","?","M","R","E","R","T","R","?","?","E","M","R","B"],"character_chosen":"IRONCLAD","items_purchased":["Flex+1","Rage+1","Sling","Fruit Juice","Membership Card","Enlightenment+1"],"campfire_rested":3,"item_purchase_floors":[2,12,12,12,21,29],"current_hp_per_floor":[77,77,80,72,78,67,68,56,56,34,26,31,36,37,62,32,72,69,60,60,60,60,60,60,63,63,63,63,63,39,51,85,32,72,80,73,56,56,54,54,50,50,50,50,50,50,50,54,85,0,0],"gold":118,"neow_bonus":"RANDOM_EVENT","is_daily":false,"chose_seed":false,"campfire_upgraded":4,"win_rate":0.0,"timestamp":1607793565,"path_taken":["M","$","M","M","?","E","M","E","T","E","?","$","M","?","R","BOSS","M","M","?","$","?","R","?","E","T","M","R","$","E","M","R","BOSS","M","M","M","?","M","R","E","R","T","R","?","?","E","M","R","BOSS"],"items_purchased_type":["Card","Card","Relic","Potion","Relic","Card"],"build_version":"2020-11-30","purchased_purges":0,"victory":false,"max_hp_per_floor":[80,80,80,80,80,80,80,80,80,80,80,85,85,85,85,85,85,85,85,85,85,85,85,85,85,85,85,85,85,85,85,85,85,85,85,85,85,85,85,85,85,85,85,85,85,85,85,85,85,85,85],"relic_stats":{"Blood Vial":38,"Regal Pillow":15,"counters":[26,121],"Juzu Bracelet":0,"obtain_stats":[{"Regal Pillow":30,"Replay:Towering Pillar of Hats":41,"Juzu Bracelet":25,"Sling":12,"Burning Blood":0,"White Beast Statue":47,"Replay:Rubber Ducky":10,"Blood Vial":6,"Ring of Peace":38,"Mark of Pain":34,"Red Mask":45,"Membership Card":21,"Bottled Lightning":26,"Toxic Egg 2":8,"Ring of Panic":38,"TungstenRod":43,"Runic Pyramid":17},{"Regal Pillow":16,"Replay:Towering Pillar of Hats":23,"Juzu Bracelet":14,"Sling":8,"Burning Blood":0,"White Beast Statue":24,"Replay:Rubber Ducky":8,"Blood Vial":5,"Ring of Peace":21,"Mark of Pain":18,"Red Mask":23,"Membership Card":13,"Bottled Lightning":14,"Toxic Egg 2":7,"Ring of Panic":21,"TungstenRod":23,"Runic Pyramid":11},{"Regal Pillow":64,"Replay:Towering Pillar of Hats":101,"Juzu Bracelet":56,"Sling":26,"Burning Blood":0,"White Beast Statue":105,"Replay:Rubber Ducky":26,"Blood Vial":15,"Ring of Peace":91,"Mark of Pain":79,"Red Mask":101,"Membership Card":51,"Bottled Lightning":56,"Toxic Egg 2":22,"Ring of Panic":91,"TungstenRod":101,"Runic Pyramid":41}],"Burning Blood":150,"TungstenRod":22},"card_choices":[{"not_picked":["Pommel Strike","Dual Wield"],"picked":"Thunderclap","floor":1},{"not_picked":["Sword Boomerang","Metallicize"],"picked":"Whirlwind","floor":3},{"not_picked":["Thunderclap","Sword Boomerang"],"picked":"Battle Trance","floor":4},{"not_picked":["Wild Strike","Anger"],"picked":"Immolate","floor":5},{"not_picked":["Searing Blow","Massacre"],"picked":"Inflame","floor":6},{"not_picked":["Anger","Searing Blow"],"picked":"Sentinel","floor":7},{"not_picked":["Impervious+1","Anger"],"picked":"Evolve","floor":8},{"not_picked":["Sever Soul","Blood for Blood"],"picked":"Heavy Blade","floor":10},{"not_picked":["Hemokinesis","Sentinel+1"],"picked":"ReplayTheSpireMod:Stacked+1","floor":13},{"not_picked":["Headbutt","Thunderclap"],"picked":"Combust","floor":14},{"not_picked":["Replay:Many Hands+1","Berserk"],"picked":"Exhume+1","floor":16},{"not_picked":["Sword Boomerang","ReplayTheSpireMod:Corrosion Curse+1"],"picked":"Uppercut","floor":18},{"not_picked":["ReplayTheSpireMod:LeadingStrike","Entrench+1"],"picked":"Flame Barrier+1","floor":19},{"not_picked":["Evolve","Twin Strike","Anger"],"picked":"SKIP","floor":25},{"not_picked":["ReplayTheSpireMod:LeadingStrike","Pommel Strike+1"],"picked":"ReplayTheSpireMod:Strike From Hell","floor":27},{"not_picked":["Juggernaut","Dropkick"],"picked":"Armaments+1","floor":30},{"not_picked":["Clash","Perfected Strike","ReplayTheSpireMod:Stacked+1"],"picked":"SKIP","floor":31},{"not_picked":["Demonic Infusion+1","Juggernaut"],"picked":"Bludgeon","floor":33},{"not_picked":["Twin Strike","Blood for Blood"],"picked":"Sword Boomerang","floor":35},{"not_picked":["Sever Soul+1","Uppercut"],"picked":"Seeing Red+1","floor":36},{"not_picked":["Cleave","Thunderclap+1"],"picked":"Warcry+1","floor":37},{"not_picked":["Sword Boomerang+1","Searing Blow","Headbutt"],"picked":"SKIP","floor":39},{"not_picked":["Sword Boomerang+1","ReplayTheSpireMod:Strike From Hell+1"],"picked":"Flame Barrier+1","floor":41},{"not_picked":["Clothesline","Warcry+1"],"picked":"Shrug It Off+1","floor":46},{"not_picked":["Whirlwind","Twin Strike"],"picked":"ReplayTheSpireMod:Limb From Limb+1","floor":46},{"not_picked":["Cleave+1","Spot Weakness+1"],"picked":"Replay:Many Hands+1","floor":47},{"not_picked":["Flex+1","Cleave"],"picked":"Wild Strike+1","floor":48}],"player_experience":637680,"relics_obtained":[{"floor":6,"key":"Blood Vial"},{"floor":8,"key":"Toxic Egg 2"},{"floor":10,"key":"Replay:Rubber Ducky"},{"floor":25,"key":"Juzu Bracelet"},{"floor":26,"key":"Bottled Lightning"},{"floor":30,"key":"Regal Pillow"},{"floor":38,"key":"Ring of Panic"},{"floor":38,"key":"Ring of Peace"},{"floor":41,"key":"Replay:Towering Pillar of Hats"},{"floor":43,"key":"TungstenRod"},{"floor":47,"key":"White Beast Statue"}],"event_choices":[{"damage_healed":0,"gold_gain":0,"cards_transformed":["Strike_R"],"player_choice":"Change","damage_taken":0,"max_hp_gain":0,"max_hp_loss":0,"event_name":"Living Wall","floor":0,"gold_loss":0,"cards_obtained":["Eclipse"]},{"damage_healed":0,"gold_gain":75,"player_choice":"Touch","damage_taken":8,"max_hp_gain":0,"max_hp_loss":0,"event_name":"FaceTrader","floor":11,"gold_loss":0},{"damage_healed":0,"gold_gain":0,"player_choice":"Read","damage_taken":0,"max_hp_gain":0,"max_hp_loss":0,"event_name":"The Library","floor":20,"gold_loss":0,"cards_obtained":["Inflame"]},{"damage_healed":0,"gold_gain":2,"player_choice":"4","damage_taken":0,"max_hp_gain":0,"max_hp_loss":0,"event_name":"betterStone:BetterStone","floor":22,"gold_loss":0,"cards_obtained":["RobotSpaceExplorer:DoubleBlock"]},{"damage_healed":0,"gold_gain":0,"player_choice":"Paid","damage_taken":0,"relics_obtained":["Red Mask"],"max_hp_gain":0,"max_hp_loss":0,"event_name":"Tomb of Lord Red Mask","floor":45,"gold_loss":256}],"is_beta":false,"boss_relics":[{"not_picked":["ReplayTheSpireMod:DimensionalGlitch","Abe\u0027s Treasure"],"picked":"Runic Pyramid"},{"not_picked":["Philosopher\u0027s Stone","Tiny House"],"picked":"Mark of Pain"}],"items_purged_floors":[],"is_endless":false,"potions_floor_spawned":[4,8,13,16,18,25,33,35,37,39,48],"killed_by":"Replay:Hell Engine","ascension_level":7}}