{"host":"tx4sgohd7xgbb6c4","time":1607775944,"event":{"mods":["Always Whale","BaseMod","Minty Spire (QoL Compilation)","Permanent Neow","Quick Restart","SuperFastMode"],"gold_per_floor":[110,210,223,242,342,373,384,418,443,455,482,499,25,52,52,153,153,173,186,198,198,198,230,230,230,230],"floor_reached":25,"playtime":821,"items_purged":["Strike_R"],"score":344,"play_id":"ad5e69cf-e1f1-4743-8331-9443f9d6a1fc","local_time":"20201212212543","is_ascension_mode":true,"campfire_choices":[{"data":"Carnage","floor":15.0,"key":"SMITH"},{"data":"Reaper","floor":24.0,"key":"SMITH"}],"circlet_count":0,"master_deck":["Strike_R","Strike_R","Defend_R","Defend_R","Defend_R+1","Bash","Carnage+1","Spot Weakness","Shrug It Off+1","Flex","Reaper+1","Demon Form+1","Demon Form+1","Bludgeon+1","Whirlwind+1","Clash+1","Ghostly Armor","Armaments+1","True Grit+1"],"relics":["Burning Blood","PreservedInsect","Paper Frog","Toy Ornithopter","MealTicket","War Paint","Gremlin Horn","Bag of Marbles","Frozen Egg 2","Astrolabe","Prayer Wheel"],"acts_visited":["Exordium","TheCity"],"potions_floor_usage":[],"damage_taken":[{"damage":8.0,"enemies":"Small Slimes","floor":1.0,"turns":4.0},{"damage":6.0,"enemies":"Cultist","floor":3.0,"turns":3.0},{"damage":8.0,"enemies":"Jaw Worm","floor":4.0,"turns":4.0},{"damage":15.0,"enemies":"3 Sentries","floor":6.0,"turns":4.0},{"damage":15.0,"enemies":"2 Fungi Beasts","floor":7.0,"turns":3.0},{"damage":32.0,"enemies":"Lagavulin","floor":8.0,"turns":6.0},{"damage":25.0,"enemies":"Exordium Wildlife","floor":10.0,"turns":9.0},{"damage":7.0,"enemies":"3 Sentries","floor":11.0,"turns":5.0},{"damage":10.0,"enemies":"Large Slime","floor":12.0,"turns":6.0},{"damage":23.0,"enemies":"Lagavulin","floor":14.0,"turns":5.0},{"damage":13.0,"enemies":"The Guardian","floor":16.0,"turns":10.0},{"damage":16.0,"enemies":"Spheric Guardian","floor":18.0,"turns":4.0},{"damage":35.0,"enemies":"Shell Parasite","floor":19.0,"turns":4.0},{"damage":27.0,"enemies":"Snake Plant","floor":20.0,"turns":4.0},{"damage":0.0,"enemies":"Shelled Parasite and Fungi","floor":22.0,"turns":1.0},{"damage":6.0,"enemies":"Book of Stabbing","floor":23.0,"turns":3.0},{"damage":0,"enemies":"Slavers","floor":25,"turns":1}],"seed_played":"-6774592587003462594","potions_obtained":[{"floor":1.0,"key":"Explosive Potion"},{"floor":6.0,"key":"Explosive Potion"},{"floor":8.0,"key":"Block Potion"},{"floor":10.0,"key":"SmokeBomb"},{"floor":11.0,"key":"Fire Potion"},{"floor":20.0,"key":"DistilledChaos"},{"floor":23.0,"key":"FearPotion"}],"is_trial":false,"path_per_floor":["M","?","M","M","?","E","M","E","T","M","E","M","$","E","R","B",null,"M","M","M","?","M","E","R","E"],"character_chosen":"IRONCLAD","items_purchased":["Gremlin Horn","Bag of Marbles"],"campfire_rested":0,"item_purchase_floors":[13,13],"current_hp_per_floor":[70,70,70,68,68,59,50,24,24,10,14,25,40,30,30,53,73,70,41,27,12,23,35,35,35,35],"gold":230,"neow_bonus":"RANDOM_COMMON_RELIC","is_daily":false,"chose_seed":false,"campfire_upgraded":2,"win_rate":0.0,"timestamp":1607775943,"path_taken":["M","?","M","?","?","E","M","E","T","M","E","M","$","E","R","BOSS","M","?","M","?","M","E","R","E"],"items_purchased_type":["Relic","Relic"],"build_version":"2020-11-30","purchased_purges":1,"victory":false,"max_hp_per_floor":[80,80,80,80,80,80,80,80,80,80,80,80,80,80,80,80,80,80,80,80,85,85,85,85,85,85],"card_choices":[{"not_picked":["Pummel","Metallicize"],"picked":"Carnage","floor":1.0},{"not_picked":["Body Slam","Second Wind"],"picked":"Spot Weakness","floor":3.0},{"not_picked":["Sentinel","Heavy Blade","Twin Strike"],"picked":"SKIP","floor":4.0},{"not_picked":["Combust","Perfected Strike","Clothesline"],"picked":"SKIP","floor":6.0},{"not_picked":["Twin Strike","Heavy Blade","Havoc"],"picked":"SKIP","floor":7.0},{"not_picked":["Clash","Feel No Pain"],"picked":"Shrug It Off","floor":8.0},{"not_picked":["Infernal Blade","Perfected Strike"],"picked":"Flex","floor":10.0},{"not_picked":["Havoc","Entrench"],"picked":"Reaper","floor":11.0},{"not_picked":["Clash","Clothesline","Anger"],"picked":"SKIP","floor":12.0},{"not_picked":["Clothesline","Combust+1"],"picked":"Demon Form+1","floor":14.0},{"not_picked":["Barricade+1","Brutality+1"],"picked":"Demon Form+1","floor":16.0},{"not_picked":["Uppercut","Dark Embrace+1","Combust+1"],"picked":"SKIP","floor":18.0},{"not_picked":["Anger","Heavy Blade"],"picked":"Ghostly Armor","floor":19.0},{"not_picked":["Clothesline+1","Cleave"],"picked":"Armaments+1","floor":20.0},{"not_picked":["Second Wind","Rupture+1"],"picked":"True Grit+1","floor":23.0}],"player_experience":91881,"relics_obtained":[{"floor":6.0,"key":"Paper Frog"},{"floor":8.0,"key":"Toy Ornithopter"},{"floor":9.0,"key":"MealTicket"},{"floor":11.0,"key":"War Paint"},{"floor":14.0,"key":"Frozen Egg 2"},{"floor":23.0,"key":"Prayer Wheel"}],"event_choices":[{"damage_healed":0.0,"max_hp_gain":0.0,"max_hp_loss":0.0,"gold_gain":100.0,"event_name":"Wheel of Change","player_choice":"Gold","floor":2.0,"gold_loss":0.0,"damage_taken":0.0},{"damage_healed":0.0,"max_hp_gain":0.0,"max_hp_loss":0.0,"gold_gain":100.0,"event_name":"Golden Shrine","player_choice":"Pray","floor":5.0,"gold_loss":0.0,"damage_taken":0.0},{"damage_healed":0.0,"max_hp_gain":5.0,"max_hp_loss":0.0,"gold_gain":0.0,"event_name":"Forgotten Altar","player_choice":"Shed Blood","floor":21.0,"gold_loss":0.0,"damage_taken":20.0}],"is_beta":false,"boss_relics":[{"not_picked":["Sozu","Tiny House"],"picked":"Astrolabe"}],"items_purged_floors":[13],"is_endless":false,"potions_floor_spawned":[1,6,8,10,11,20,23],"killed_by":"Slavers","ascension_level":7}}