{"host":"danq4vzudt77osor","time":1607769846,"event":{"mods":["BaseMod","Colored Map","Custom Start","Minty Spire (QoL Compilation)","StSLib","SuperFastMode"],"gold_per_floor":[119,135,150,150,162,162,193,206,206,240,69,69,99,114,114,193,193,206,256,77,2,2,2,14,14,14,32,62,77,77,96,96,167,167,167],"floor_reached":34,"playtime":825,"items_purged":["Defend_G","Strike_G"],"score":859,"play_id":"16d71b2c-7c36-4542-9146-6f960bb06d2e","local_time":"20201212194406","is_ascension_mode":true,"campfire_choices":[{"data":"A Thousand Cuts","floor":6.0,"key":"SMITH"},{"data":"Crippling Poison","floor":12.0,"key":"SMITH"},{"data":"Neutralize","floor":15.0,"key":"SMITH"},{"data":"Catalyst","floor":23.0,"key":"SMITH"},{"data":"Tactician","floor":25.0,"key":"SMITH"},{"data":"Escape Plan","floor":32,"key":"SMITH"}],"circlet_count":0,"master_deck":["AscendersBane","Strike_G","Strike_G","Defend_G","Defend_G","Defend_G","Defend_G","Survivor","Neutralize+1","A Thousand Cuts+1","Escape Plan+1","Backflip","Poisoned Stab","Escape Plan","Crippling Poison+1","PiercingWail","Adrenaline","Catalyst+1","Tactician+1","Catalyst+1","Acrobatics+1"],"relics":["Ring of the Snake","Mercury Hourglass","Bronze Scales","Letter Opener","Tingsha","Singing Bowl","Mercury Hourglass","Bag of Preparation","StrikeDummy","SlaversCollar","Ice Cream","Snake Skull"],"acts_visited":["Exordium","TheCity"],"potions_floor_usage":[],"damage_taken":[{"damage":0.0,"enemies":"Small Slimes","floor":1.0,"turns":2.0},{"damage":1.0,"enemies":"Cultist","floor":2.0,"turns":4.0},{"damage":0.0,"enemies":"Jaw Worm","floor":3.0,"turns":3.0},{"damage":17.0,"enemies":"Exordium Thugs","floor":5.0,"turns":5.0},{"damage":3.0,"enemies":"Gremlin Nob","floor":7.0,"turns":3.0},{"damage":0.0,"enemies":"2 Fungi Beasts","floor":8.0,"turns":2.0},{"damage":5.0,"enemies":"3 Sentries","floor":10.0,"turns":3.0},{"damage":0.0,"enemies":"Lagavulin","floor":13.0,"turns":5.0},{"damage":5.0,"enemies":"Large Slime","floor":14.0,"turns":5.0},{"damage":2.0,"enemies":"The Guardian","floor":16.0,"turns":9.0},{"damage":14.0,"enemies":"Shell Parasite","floor":18.0,"turns":3.0},{"damage":19.0,"enemies":"Spheric Guardian","floor":24.0,"turns":4.0},{"damage":0.0,"enemies":"Snecko","floor":27.0,"turns":4.0},{"damage":12.0,"enemies":"Gremlin Leader","floor":28.0,"turns":4.0},{"damage":0.0,"enemies":"3 Cultists","floor":29.0,"turns":2.0},{"damage":11,"enemies":"Shelled Parasite and Fungi","floor":31,"turns":3},{"damage":13,"enemies":"Automaton","floor":33,"turns":8}],"seed_played":"8024969905082823513","potions_obtained":[{"floor":3.0,"key":"DistilledChaos"},{"floor":4.0,"key":"FairyPotion"},{"floor":14.0,"key":"Energy Potion"}],"is_trial":false,"path_per_floor":["M","M","M","?","M","R","E","M","T","E","$","R","E","M","R","B",null,"M","?","$","?","?","R","M","R","T","M","E","M","?","M","R","B",null],"character_chosen":"THE_SILENT","items_purchased":["Crippling Poison","Bag of Preparation","PiercingWail","Catalyst"],"campfire_rested":0,"item_purchase_floors":[11,11,11,20],"current_hp_per_floor":[65,64,64,64,47,47,46,48,48,45,45,45,47,44,44,42,72,60,60,60,60,60,60,43,43,43,45,33,35,35,24,24,13,13,13],"gold":167,"neow_bonus":"TEN_PERCENT_HP_BONUS","is_daily":false,"chose_seed":false,"campfire_upgraded":6,"win_rate":0.0,"timestamp":1607769846,"path_taken":["M","M","M","?","M","R","E","?","T","E","$","R","E","M","R","BOSS","M","?","?","?","?","R","M","R","T","M","E","M","?","M","R","BOSS"],"items_purchased_type":["Card","Relic","Card","Card"],"build_version":"2020-11-30","purchased_purges":2,"victory":false,"max_hp_per_floor":[72,72,72,72,72,72,74,76,76,78,78,78,80,82,82,82,82,84,84,84,84,84,84,86,86,86,88,88,90,90,90,90,92,92,92],"card_choices":[{"not_picked":["Cloak And Dagger","Concentrate"],"picked":"Escape Plan","floor":1.0},{"not_picked":["Masterful Stab","Dodge and Roll"],"picked":"Backflip","floor":2.0},{"not_picked":["Bane","Dodge and Roll"],"picked":"Poisoned Stab","floor":3.0},{"not_picked":["Reflex","Dash"],"picked":"Escape Plan","floor":5.0},{"not_picked":["Bane","Envenom","Distraction"],"picked":"Singing Bowl","floor":7.0},{"not_picked":["All Out Attack","Expertise","Underhanded Strike"],"picked":"Singing Bowl","floor":8.0},{"not_picked":["Dagger Spray","Slice","Heel Hook"],"picked":"Singing Bowl","floor":10.0},{"not_picked":["Sucker Punch","Finisher","Quick Slash"],"picked":"Singing Bowl","floor":13.0},{"not_picked":["Endless Agony","Bane","PiercingWail"],"picked":"Singing Bowl","floor":14.0},{"not_picked":["Unload","After Image"],"picked":"Adrenaline","floor":16.0},{"not_picked":["Predator","Terror","Blade Dance"],"picked":"Singing Bowl","floor":18.0},{"not_picked":["PiercingWail","Underhanded Strike","Flying Knee"],"picked":"Singing Bowl","floor":24.0},{"not_picked":["Poisoned Stab","Prepared","Blade Dance"],"picked":"Singing Bowl","floor":27.0},{"not_picked":["Outmaneuver","All Out Attack"],"picked":"Catalyst+1","floor":28.0},{"not_picked":["Endless Agony+1","Poisoned Stab","Sucker Punch"],"picked":"Singing Bowl","floor":29.0},{"not_picked":["Accuracy+1","Catalyst"],"picked":"Acrobatics+1","floor":31},{"not_picked":["Venomology","Corpse Explosion","Tools of the Trade"],"picked":"Singing Bowl","floor":33}],"player_experience":1657113,"relics_obtained":[{"floor":7.0,"key":"Singing Bowl"},{"floor":10.0,"key":"Mercury Hourglass"},{"floor":13.0,"key":"StrikeDummy"},{"floor":26.0,"key":"Ice Cream"},{"floor":28.0,"key":"Snake Skull"}],"event_choices":[{"damage_healed":0.0,"max_hp_gain":0.0,"max_hp_loss":0.0,"gold_gain":0.0,"event_name":"Lab","player_choice":"Got Potions","floor":4.0,"gold_loss":0.0,"damage_taken":0.0},{"damage_healed":0.0,"max_hp_gain":0.0,"max_hp_loss":0.0,"gold_gain":50.0,"event_name":"Golden Shrine","player_choice":"Pray","floor":19.0,"gold_loss":0.0,"damage_taken":0.0},{"cards_removed":["Strike_G"],"damage_healed":0.0,"max_hp_gain":0.0,"max_hp_loss":0.0,"gold_gain":0.0,"event_name":"Beggar","player_choice":"Gave Gold","floor":21.0,"gold_loss":75.0,"damage_taken":0.0},{"damage_healed":0.0,"max_hp_gain":0.0,"max_hp_loss":0.0,"gold_gain":0.0,"event_name":"The Library","player_choice":"Read","floor":22.0,"gold_loss":0.0,"damage_taken":0.0,"cards_obtained":["Tactician"]},{"damage_healed":0,"gold_gain":0,"player_choice":"Ignored","damage_taken":0,"max_hp_gain":0,"max_hp_loss":0,"event_name":"The Mausoleum","floor":30,"gold_loss":0}],"is_beta":false,"boss_relics":[{"not_picked":["Tiny House","Snecko Eye"],"picked":"SlaversCollar"}],"items_purged_floors":[11,20],"is_endless":false,"potions_floor_spawned":[3,5,14,18,24],"ascension_level":20}}