{"host":"7pe9xwx78c6nlay8","time":1607795312,"event":{"mods":["BaseMod","Minty Spire (QoL Compilation)"],"gold_per_floor":[112,123,21,21,40,75,250,250,250],"floor_reached":8,"playtime":553,"items_purged":["Defend_P"],"score":78,"play_id":"44350a7c-74ec-49c2-a3f4-63439a20344b","local_time":"20201213014832","is_ascension_mode":true,"campfire_choices":[],"circlet_count":0,"master_deck":["Strike_P","Strike_P","Strike_P","Strike_P","Defend_P","Defend_P","Defend_P","Eruption","Vigilance","DeusExMachina","Prostrate","ThirdEye","PathToVictory","Doubt"],"relics":["PureWater","Dream Catcher"],"acts_visited":["Exordium"],"potions_floor_usage":[6],"damage_taken":[{"damage":2.0,"enemies":"Jaw Worm","floor":1.0,"turns":3.0},{"damage":0.0,"enemies":"2 Louse","floor":2.0,"turns":3.0},{"damage":1.0,"enemies":"Small Slimes","floor":5.0,"turns":4.0},{"damage":33,"enemies":"3 Sentries","floor":6,"turns":17},{"damage":40,"enemies":"Lagavulin","floor":8,"turns":7}],"seed_played":"2452990345630009316","potions_obtained":[{"floor":2.0,"key":"Dexterity Potion"}],"is_trial":false,"path_per_floor":["M","M","$","?","M","E","?","E"],"character_chosen":"WATCHER","items_purchased":["PathToVictory"],"campfire_rested":0,"item_purchase_floors":[3],"current_hp_per_floor":[63,63,63,68,67,34,34,0,0],"gold":250,"neow_bonus":"THREE_RARE_CARDS","is_daily":false,"chose_seed":false,"campfire_upgraded":0,"win_rate":0.0,"timestamp":1607795312,"path_taken":["M","M","$","?","M","E","?","E"],"items_purchased_type":["Card"],"build_version":"2020-11-30","purchased_purges":1,"victory":false,"max_hp_per_floor":[65,65,65,70,70,70,70,70,70],"card_choices":[{"not_picked":["Scrawl","Brilliance"],"picked":"DeusExMachina","floor":0.0},{"not_picked":["Perseverance","Study"],"picked":"Prostrate","floor":1.0},{"not_picked":["Meditate","Crescendo"],"picked":"ThirdEye","floor":2.0},{"not_picked":["CrushJoints","SandsOfTime","Protect"],"picked":"SKIP","floor":5.0},{"not_picked":["BowlingBash","Conclude","WreathOfFlame"],"picked":"SKIP","floor":6}],"player_experience":1506912,"relics_obtained":[{"floor":6,"key":"Dream Catcher"}],"event_choices":[{"damage_healed":0.0,"max_hp_gain":5.0,"max_hp_loss":0.0,"gold_gain":0.0,"event_name":"Big Fish","player_choice":"Donut","floor":4.0,"gold_loss":0.0,"damage_taken":0.0},{"damage_healed":0,"gold_gain":175,"player_choice":"AGREE","damage_taken":0,"max_hp_gain":0,"max_hp_loss":0,"event_name":"Liars Game","floor":7,"gold_loss":0,"cards_obtained":["Doubt"]}],"is_beta":false,"boss_relics":[],"items_purged_floors":[3],"is_endless":false,"potions_floor_spawned":[2],"killed_by":"Lagavulin","ascension_level":8}}