{"host":"cx72hbz6x0kxjg15","time":1607779388,"event":{"gold_per_floor":[119,99,99,99,99,132,132,163,189,206,106,123,123,154,154,259,259,276,276,73,93,8,8,39,54,54,54,89,89,102,117,117,219,219,233,233,133,8,8,38,38,48,48,77,93,123,133,146,146,146],"floor_reached":51,"playtime":1379,"items_purged":["Strike_R","Defend_R","Strike_R"],"score":1214,"play_id":"f4072969-28a0-4fd3-9c97-d31b0d7f7ebe","local_time":"20201212142308","is_ascension_mode":true,"campfire_choices":[{"data":"Limit Break","floor":7,"key":"SMITH"},{"data":"Shockwave","floor":13,"key":"SMITH"},{"floor":15,"key":"REST"},{"data":"Feed","floor":23,"key":"SMITH"},{"data":"Cleave","floor":27,"key":"SMITH"},{"data":"Bash","floor":32,"key":"SMITH"},{"data":"Reaper","floor":41,"key":"SMITH"},{"data":"Strike_R","floor":49,"key":"SMITH"}],"neow_cost":"","seed_source_timestamp":236887070018300,"circlet_count":0,"master_deck":["Strike_R+1","Defend_R+1","Defend_R+1","Bash+1","Limit Break+1","Double Tap+1","Cleave+1","Shockwave+1","Feed+1","Evolve+1","Reaper+1","ReplayTheSpireMod:Muscle Training+1"],"relics":["Black Blood","Vajra","hubris:Potato","hubris:OldNail","CaptainsWheel","Omamori","Replay:Ringing Soul","ChewingGum","Simple Rune","Pet Ghost","aspiration:Stabinomicon","Magic Flower","hubris:DisguiseKit","MutagenicStrength","Ring of Chaos","Replay:Bottled Flurry","Happy Flower","Bronze Scales","War Paint"],"potions_floor_usage":[6,14,16,24,33,33,50,50],"damage_taken":[{"damage":2,"enemies":"Small Slimes","floor":1,"turns":4},{"damage":14,"enemies":"Replay:BlueRogue","floor":6,"turns":4},{"damage":16,"enemies":"Gremlin Nob","floor":8,"turns":4},{"damage":0,"enemies":"Cultist","floor":10,"turns":4},{"damage":8,"enemies":"Jaw Worm","floor":12,"turns":4},{"damage":26,"enemies":"Lagavulin","floor":14,"turns":6},{"damage":23,"enemies":"Hexaghost","floor":16,"turns":7},{"damage":16,"enemies":"2 Thieves","floor":18,"turns":3},{"damage":12,"enemies":"Shell Parasite","floor":21,"turns":5},{"damage":18,"enemies":"Book of Stabbing","floor":24,"turns":3},{"damage":7,"enemies":"Shelled Parasite and Fungi","floor":25,"turns":4},{"damage":9,"enemies":"Replay:Snechameleon","floor":28,"turns":4},{"damage":8,"enemies":"3 Cultists","floor":30,"turns":4},{"damage":14,"enemies":"Cultist and Chosen","floor":31,"turns":4},{"damage":32,"enemies":"Collector","floor":33,"turns":6},{"damage":19,"enemies":"Orb Walker","floor":35,"turns":3},{"damage":9,"enemies":"Giant Head","floor":40,"turns":5},{"damage":16,"enemies":"3 Darklings","floor":42,"turns":2},{"damage":35,"enemies":"Nemesis","floor":44,"turns":3},{"damage":22,"enemies":"Spire Growth","floor":45,"turns":3},{"damage":9,"enemies":"Reptomancer","floor":46,"turns":3},{"damage":5,"enemies":"Maw","floor":47,"turns":3},{"damage":22,"enemies":"Transient","floor":48,"turns":5},{"damage":24,"enemies":"Time Eater","floor":50,"turns":4}],"seed_played":"2561548145762397193","potions_obtained":[{"floor":2,"key":"Weak Potion"},{"floor":8,"key":"DuplicationPotion"},{"floor":12,"key":"ElixirPotion"},{"floor":14,"key":"LiquidBronze"},{"floor":21,"key":"Strength Potion"},{"floor":28,"key":"Reflective Coating"},{"floor":30,"key":"FearPotion"},{"floor":40,"key":"Weak Potion"},{"floor":42,"key":"BloodPotion"},{"floor":45,"key":"AttackPotion"}],"is_trial":false,"path_per_floor":["M","?","$","?","?","E","R","E","T","M","$","M","R","E","R","B",null,"M","?","$","M","?","R","E","M","T","R","E","?","M","M","R","B",null,"M","?","NS","$","?","E","R","M","T","E","M","E","M","M","R","B",null],"character_chosen":"IRONCLAD","items_purchased":["Vajra","Limit Break","Double Tap","Evolve+1","Simple Rune"],"campfire_rested":1,"item_purchase_floors":[0,0,0,20,20],"current_hp_per_floor":[50,50,50,50,50,42,42,32,32,38,38,36,36,16,40,26,83,76,76,79,76,76,76,68,67,67,67,67,67,74,75,75,55,107,114,114,114,114,114,118,118,118,118,122,124,130,134,134,134,134],"gold":146,"neow_bonus":"","is_prod":false,"is_daily":false,"chose_seed":false,"campfire_upgraded":7,"win_rate":0,"timestamp":1607779388,"path_taken":["M","?","$","?","?","E","R","E","T","M","$","M","R","E","R","BOSS","M","?","$","M","?","R","E","M","T","R","E","?","M","M","R","BOSS","M","?","NS","$","?","E","R","M","T","E","?","E","M","?","R","BOSS"],"build_version":"2020-11-30","purchased_purges":3,"victory":true,"max_hp_per_floor":[80,80,80,80,80,80,80,80,80,80,80,80,80,80,80,83,83,86,86,89,92,92,92,96,96,96,96,96,96,100,104,104,107,107,114,114,114,114,114,118,118,118,118,122,126,130,134,134,134,138],"relic_stats":{"Happy Flower":[7],"counters":[102,372],"Bronze Scales":[36],"Black Blood":582,"Magic Flower":[47],"War Paint":["Defend_R","Defend_R","Defend_R","Defend_R"],"obtain_stats":[{"Golden Egg":42,"Ginger":0,"Boot":0,"Old Coin":0,"Blood Vial":43,"Replay:Ringing Soul":14,"hubris:HerbalPaste":0,"HandDrill":0,"Replay:Bottled Flurry":40,"Kunai":0,"Blue Candle":0,"ReplayTheSpireMod:Ring of Addiction":2,"Counterbalance":6,"vexMod:GhostlyGear":40,"Bird Faced Urn":0,"MutagenicStrength":29,"Mark of Pain":0,"hubris:Metronome":26,"Torii":0,"Magic Flower":26,"Replay:Multitool":0,"hubris:EmptyBottle":2,"Cursed Key":17,"Burning Blood":0,"Pet Ghost":22,"BranchBurnRelic":47,"Matryoshka":0,"Shovel":0,"hubris:CuriousFeather":0,"hubris:ChampionShield":34,"InkBottle":0,"Ring of the Snake":20,"Self Forming Clay":0,"Golden Idol":3,"hubris:64BitClover":27,"Thread and Needle":0,"The Courier":0,"PreservedInsect":32,"Omamori":9,"Frozen Egg 2":44,"MawBank":0,"Ornamental Fan":41,"Champion Belt":0,"ReplayTheSpireMod:Ring of Challenge":12,"ReplayTheSpireMod:Lightbulb":28,"Toy Ornithopter":2,"CeramicFish":28,"Vajra":0,"aspiration:Stabinomicon":27,"Sozu":36,"Centennial Puzzle":0,"Lizard Tail":0,"HornCleat":0,"DollysMirror":0,"Philosopher\u0027s Stone":17,"Toxic Egg 2":25,"hubris:Teleporter":50,"Happy Flower":43,"vexMod:ScavengeHelm":50,"aspiration:Nostalgia":20,"Dead Branch":46,"Oddly Smooth Stone":24,"vexMod:TimeEaterHat":48,"Charon\u0027s Ashes":9,"Ring of Chaos":36,"War Paint":24,"OrangePellets":0,"ReplayTheSpireMod:Spearhead":49,"ReplayTheSpireMod:Shallot":0,"Brimstone":0,"Bronze Scales":0,"Molten Egg 2":4,"Simple Rune":20,"hubris:ToyBattleship":8,"Grinning Jar":45,"ReplayTheSpireMod:DimensionalGlitch":36,"ReplayFunnel":41,"Black Blood":34,"Incense Burner":0,"Nunchaku":29,"Gambling Chip":0,"Red Mask":0,"Red Skull":0,"Gremlin Food":42,"hubris:DisguiseKit":26,"Replay:WaspNest":25,"Calling Bell":0,"vexMod:Dragonfruit":9,"Strange Spoon":48,"Anchor":0,"CaptainsWheel":28,"vexMod:BarristanHead":6,"infinitespire:Satchel":11,"Ring of Fury":22,"ChewingGum":17,"Coffee Dripper":19,"Bag of Marbles":21,"vexMod:CursedCompass":34,"Membership Card":24,"FossilizedHelix":0,"hubris:Potato":0,"hubris:OldNail":6},{"Golden Egg":74,"Ginger":1,"Boot":0,"Old Coin":0,"Blood Vial":74,"Replay:Ringing Soul":84,"hubris:HerbalPaste":27,"HandDrill":53,"Replay:Bottled Flurry":95,"Kunai":0,"Blue Candle":0,"ReplayTheSpireMod:Ring of Addiction":54,"Counterbalance":56,"vexMod:GhostlyGear":21,"Bird Faced Urn":0,"MutagenicStrength":90,"Mark of Pain":0,"hubris:Metronome":67,"Torii":27,"Magic Flower":89,"Replay:Multitool":53,"hubris:EmptyBottle":54,"Cursed Key":34,"Burning Blood":0,"Pet Ghost":87,"BranchBurnRelic":25,"Matryoshka":0,"Shovel":0,"hubris:CuriousFeather":27,"hubris:ChampionShield":18,"InkBottle":0,"Ring of the Snake":63,"Self Forming Clay":0,"Golden Idol":28,"hubris:64BitClover":39,"Thread and Needle":0,"The Courier":0,"PreservedInsect":17,"Omamori":81,"Frozen Egg 2":24,"MawBank":0,"Ornamental Fan":48,"Champion Belt":1,"ReplayTheSpireMod:Ring of Challenge":32,"ReplayTheSpireMod:Lightbulb":68,"Toy Ornithopter":54,"CeramicFish":15,"Vajra":78,"aspiration:Stabinomicon":15,"Sozu":19,"Centennial Puzzle":0,"Lizard Tail":0,"HornCleat":0,"DollysMirror":0,"Philosopher\u0027s Stone":62,"Toxic Egg 2":38,"hubris:Teleporter":52,"Happy Flower":96,"vexMod:ScavengeHelm":52,"aspiration:Nostalgia":63,"Dead Branch":25,"Oddly Smooth Stone":37,"vexMod:TimeEaterHat":51,"Charon\u0027s Ashes":30,"Ring of Chaos":94,"War Paint":66,"OrangePellets":0,"ReplayTheSpireMod:Spearhead":51,"ReplayTheSpireMod:Shallot":53,"Brimstone":27,"Bronze Scales":0,"Molten Egg 2":28,"Simple Rune":86,"hubris:ToyBattleship":5,"Grinning Jar":24,"ReplayTheSpireMod:DimensionalGlitch":44,"ReplayFunnel":73,"Black Blood":93,"Incense Burner":0,"Nunchaku":40,"Gambling Chip":0,"Red Mask":0,"Red Skull":0,"Gremlin Food":49,"hubris:DisguiseKit":67,"Replay:WaspNest":14,"Calling Bell":0,"vexMod:Dragonfruit":57,"Strange Spoon":25,"Anchor":0,"CaptainsWheel":39,"vexMod:BarristanHead":29,"infinitespire:Satchel":7,"Ring of Fury":12,"ChewingGum":85,"Coffee Dripper":11,"Bag of Marbles":12,"vexMod:CursedCompass":69,"Membership Card":37,"FossilizedHelix":0,"hubris:Potato":78,"hubris:OldNail":80},{"Golden Egg":262,"Ginger":5,"Boot":0,"Old Coin":0,"Blood Vial":262,"Replay:Ringing Soul":301,"hubris:HerbalPaste":107,"HandDrill":191,"Replay:Bottled Flurry":349,"Kunai":0,"Blue Candle":0,"ReplayTheSpireMod:Ring of Addiction":194,"Counterbalance":205,"vexMod:GhostlyGear":91,"Bird Faced Urn":0,"MutagenicStrength":327,"Mark of Pain":0,"hubris:Metronome":236,"Torii":107,"Magic Flower":323,"Replay:Multitool":191,"hubris:EmptyBottle":194,"Cursed Key":125,"Burning Blood":0,"Pet Ghost":316,"BranchBurnRelic":100,"Matryoshka":0,"Shovel":0,"hubris:CuriousFeather":107,"hubris:ChampionShield":81,"InkBottle":0,"Ring of the Snake":226,"Self Forming Clay":0,"Golden Idol":109,"hubris:64BitClover":140,"Thread and Needle":0,"The Courier":0,"PreservedInsect":78,"Omamori":287,"Frozen Egg 2":98,"MawBank":0,"Ornamental Fan":171,"Champion Belt":5,"ReplayTheSpireMod:Ring of Challenge":120,"ReplayTheSpireMod:Lightbulb":239,"Toy Ornithopter":194,"CeramicFish":72,"Vajra":275,"aspiration:Stabinomicon":72,"Sozu":87,"Centennial Puzzle":0,"Lizard Tail":0,"HornCleat":0,"DollysMirror":0,"Philosopher\u0027s Stone":222,"Toxic Egg 2":136,"hubris:Teleporter":187,"Happy Flower":351,"vexMod:ScavengeHelm":187,"aspiration:Nostalgia":226,"Dead Branch":100,"Oddly Smooth Stone":133,"vexMod:TimeEaterHat":183,"Charon\u0027s Ashes":113,"Ring of Chaos":344,"War Paint":233,"OrangePellets":0,"ReplayTheSpireMod:Spearhead":183,"ReplayTheSpireMod:Shallot":191,"Brimstone":107,"Bronze Scales":0,"Molten Egg 2":109,"Simple Rune":311,"hubris:ToyBattleship":28,"Grinning Jar":98,"ReplayTheSpireMod:DimensionalGlitch":158,"ReplayFunnel":258,"Black Blood":341,"Incense Burner":0,"Nunchaku":144,"Gambling Chip":0,"Red Mask":0,"Red Skull":0,"Gremlin Food":175,"hubris:DisguiseKit":236,"Replay:WaspNest":69,"Calling Bell":0,"vexMod:Dragonfruit":207,"Strange Spoon":100,"Anchor":0,"CaptainsWheel":140,"vexMod:BarristanHead":111,"infinitespire:Satchel":38,"Ring of Fury":64,"ChewingGum":308,"Coffee Dripper":60,"Bag of Marbles":64,"vexMod:CursedCompass":242,"Membership Card":133,"FossilizedHelix":0,"hubris:Potato":275,"hubris:OldNail":283}]},"card_choices":[{"not_picked":["Feel No Pain","Shrug It Off"],"picked":"Cleave","floor":1},{"not_picked":["Hemokinesis","Wild Strike"],"picked":"Shockwave","floor":6},{"not_picked":["Rage","Ghostly Armor","ReplayTheSpireMod:Strike From Hell"],"picked":"SKIP","floor":8},{"not_picked":["Ghostly Armor","Shrug It Off","Anger"],"picked":"SKIP","floor":10},{"not_picked":["Warcry","Sentinel","ReplayTheSpireMod:Strike From Hell"],"picked":"SKIP","floor":12},{"not_picked":["Entrench","Fiend Fire","Headbutt"],"picked":"SKIP","floor":14},{"not_picked":["Bludgeon","Berserk"],"picked":"Feed","floor":16},{"not_picked":["Shockwave","hubris:ReadiedAction","Sword Boomerang"],"picked":"SKIP","floor":18},{"not_picked":["Thunderclap","Shrug It Off+1","Run Through"],"picked":"SKIP","floor":21},{"not_picked":["Body Slam+1","Blood for Blood+1","Second Wind"],"picked":"SKIP","floor":24},{"not_picked":["Twin Strike","Blood for Blood","Wild Strike"],"picked":"SKIP","floor":25},{"not_picked":["Juggernaut","Shrug It Off","Blood for Blood"],"picked":"SKIP","floor":28},{"not_picked":["Replay:Undeath\u0027s Touch","Twin Strike","Sever Soul","Adaptation"],"picked":"SKIP","floor":30},{"not_picked":["Uppercut","Evolve","Armaments","Nirvana"],"picked":"SKIP","floor":31},{"not_picked":["Impervious","Hemogenesis","Scrawl"],"picked":"Reaper","floor":33},{"not_picked":["Body Slam","Sever Soul+1","JustLucky"],"picked":"ReplayTheSpireMod:Muscle Training+1","floor":35},{"not_picked":["Entrench","Armaments","Thunderclap","Establishment"],"picked":"SKIP","floor":40},{"not_picked":["Armaments+1","Iron Wave+1","Warcry+1","SashWhip"],"picked":"SKIP","floor":42},{"not_picked":["Iron Wave","Blood for Blood+1","Sever Soul","DeusExMachina"],"picked":"SKIP","floor":44},{"not_picked":["Immolate","Sentinel+1","Warcry","FollowUp"],"picked":"SKIP","floor":45},{"not_picked":["ReplayTheSpireMod:Corrosion Curse+1","Armaments","Battle Trance","FlyingSleeves"],"picked":"SKIP","floor":46},{"not_picked":["Iron Wave+1","Sword Boomerang","Feel No Pain+1","Crescendo"],"picked":"SKIP","floor":47},{"not_picked":["Combust+1","Clothesline","Replay:Undeath\u0027s Touch","FearNoEvil"],"picked":"SKIP","floor":48}],"player_experience":466573,"relics_obtained":[{"floor":6,"key":"hubris:OldNail"},{"floor":8,"key":"CaptainsWheel"},{"floor":9,"key":"Omamori"},{"floor":14,"key":"Replay:Ringing Soul"},{"floor":24,"key":"aspiration:Stabinomicon"},{"floor":26,"key":"Magic Flower"},{"floor":28,"key":"hubris:DisguiseKit"},{"floor":36,"key":"Ring of Chaos"},{"floor":40,"key":"Replay:Bottled Flurry"},{"floor":43,"key":"Happy Flower"},{"floor":44,"key":"Bronze Scales"},{"floor":46,"key":"War Paint"}],"event_choices":[{"damage_healed":0,"gold_gain":0,"player_choice":"Bought 1 Potion","damage_taken":0,"max_hp_gain":0,"max_hp_loss":0,"event_name":"The Woman in Blue","floor":2,"gold_loss":0},{"cards_removed":["Strike_R"],"damage_healed":0,"gold_gain":0,"player_choice":"Forget","damage_taken":0,"max_hp_gain":0,"max_hp_loss":0,"event_name":"Living Wall","floor":4,"gold_loss":0},{"damage_healed":0,"gold_gain":0,"player_choice":"Forge","damage_taken":0,"max_hp_gain":0,"max_hp_loss":0,"event_name":"Accursed Blacksmith","floor":5,"gold_loss":0,"cards_upgraded":["Double Tap"]},{"damage_healed":0,"gold_gain":0,"player_choice":"Obtained Relic","damage_taken":0,"relics_obtained":["Pet Ghost"],"max_hp_gain":0,"max_hp_loss":0,"event_name":"Addict","floor":22,"gold_loss":85},{"damage_healed":0,"gold_gain":0,"player_choice":"Inject Mutagens","damage_taken":0,"relics_obtained":["MutagenicStrength"],"max_hp_gain":0,"max_hp_loss":0,"event_name":"Drug Dealer","floor":29,"gold_loss":0},{"damage_healed":0,"gold_gain":0,"player_choice":"0 cards matched","damage_taken":0,"max_hp_gain":0,"max_hp_loss":0,"event_name":"Match and Keep!","floor":39,"gold_loss":0,"cards_obtained":[]}],"is_beta":false,"boss_relics":[{"not_picked":["hubris:Stopwatch","Ectoplasm"],"picked":"ChewingGum"},{"not_picked":["Snecko Eye","aspiration:RitualDagger"],"picked":"Black Blood"}],"items_purged_floors":[0,11,38],"is_endless":false,"potions_floor_spawned":[8,12,14,21,28,30,40,42,45],"ascension_level":1}}