{"host":"3iouabftir4t7z56","time":1607815443,"event":{"mods":["Astrologer","BaseMod","Colored Map","Minty Spire (QoL Compilation)","StSLib","The Cursed"],"gold_per_floor":[116,4,19,37,19,19,47,61,61,61,72,92,92,92,92,92,92],"floor_reached":16,"playtime":1096,"items_purged":["TheCursedMod:Strike_TheCursed"],"score":104,"play_id":"721e5578-5498-4083-81b0-99f568dc772c","local_time":"20201213002403","is_ascension_mode":false,"campfire_choices":[{"data":"TheCursedMod:CursedAmulet","floor":6,"key":"SMITH"},{"floor":10,"key":"REST"},{"data":"TheCursedMod:CursedBlade","floor":15,"key":"SMITH"}],"circlet_count":0,"master_deck":["TheCursedMod:Strike_TheCursed","TheCursedMod:Strike_TheCursed","TheCursedMod:Strike_TheCursed","TheCursedMod:Defend_TheCursed","TheCursedMod:Defend_TheCursed","TheCursedMod:Defend_TheCursed","TheCursedMod:Defend_TheCursed","TheCursedMod:CursedWand","TheCursedMod:CleanUpWorkshop","TheCursedMod:Dregs","TheCursedMod:CursedShiv","TheCursedMod:BlessingInDisguise","TheCursedMod:CursedBoomerang","TheCursedMod:CursedAmulet+1","TheCursedMod:DoubleShield","TheCursedMod:CursedBlade+1","TheCursedMod:SoulCrush","Parasite"],"relics":["TheCursedMod:BlackMagic101","NeowsBlessing","StrikeDummy","Question Card"],"acts_visited":["Exordium"],"potions_floor_usage":[],"damage_taken":[{"damage":0,"enemies":"Small Slimes","floor":1,"turns":1},{"damage":0,"enemies":"2 Louse","floor":3,"turns":1},{"damage":0,"enemies":"Cultist","floor":4,"turns":1},{"damage":13,"enemies":"Exordium Thugs","floor":5,"turns":4},{"damage":28,"enemies":"Gremlin Nob","floor":7,"turns":5},{"damage":19,"enemies":"Gremlin Gang","floor":8,"turns":4},{"damage":0,"enemies":"Large Slime","floor":11,"turns":5},{"damage":0,"enemies":"2 Fungi Beasts","floor":12,"turns":3},{"damage":58,"enemies":"Hexaghost","floor":16,"turns":11}],"seed_played":"-7600903801219782053","potions_obtained":[{"floor":1,"key":"TheCursedMod:DregsPotion"},{"floor":3,"key":"Dexterity Potion"},{"floor":7,"key":"Energy Potion"}],"is_trial":false,"path_per_floor":["M","$","M","M","M","R","E","M","T","R","M","M","$","?","R","B"],"character_chosen":"THE_CURSED","items_purchased":["TheCursedMod:BlessingInDisguise"],"campfire_rested":1,"item_purchase_floors":[2],"current_hp_per_floor":[75,75,75,75,62,62,34,15,15,37,37,37,37,55,55,0,0],"gold":92,"neow_bonus":"THREE_ENEMY_KILL","is_daily":false,"chose_seed":false,"campfire_upgraded":2,"win_rate":0.0,"timestamp":1607815443,"path_taken":["M","$","M","M","M","R","E","M","T","R","M","M","$","?","R","BOSS"],"items_purchased_type":["Card"],"build_version":"2020-11-30","purchased_purges":1,"victory":false,"max_hp_per_floor":[75,75,75,75,75,75,75,75,75,75,75,75,75,75,75,75,75],"card_choices":[{"not_picked":["TheCursedMod:HellsGateOpen","TheCursedMod:PrepareRite"],"picked":"TheCursedMod:CursedShiv","floor":1},{"not_picked":["TheCursedMod:SmokeScreen","TheCursedMod:CursedMace","TheCursedMod:Mangle"],"picked":"SKIP","floor":3},{"not_picked":["TheCursedMod:TacticalStrike","TheCursedMod:Torture"],"picked":"TheCursedMod:CursedBoomerang","floor":4},{"not_picked":["TheCursedMod:NeowsMight","TheCursedMod:Grudge"],"picked":"TheCursedMod:CursedAmulet","floor":5},{"not_picked":["TheCursedMod:RavingStaff","TheCursedMod:CollectTribute"],"picked":"TheCursedMod:DoubleShield","floor":7},{"not_picked":["TheCursedMod:VitalStrike","TheCursedMod:CursedMace"],"picked":"TheCursedMod:CursedBlade","floor":8},{"not_picked":["TheCursedMod:CursedBlade","TheCursedMod:SoulReap","TheCursedMod:RapidMovement"],"picked":"TheCursedMod:SoulCrush","floor":11},{"not_picked":["TheCursedMod:CircleOfFocus","TheCursedMod:CursedBlade","TheCursedMod:HellsGateOpen","TheCursedMod:CursedAmulet"],"picked":"SKIP","floor":12}],"player_experience":587831,"relics_obtained":[{"floor":7,"key":"StrikeDummy"},{"floor":9,"key":"Question Card"}],"event_choices":[{"damage_healed":18,"gold_gain":0,"player_choice":"Healed and dodged fight","damage_taken":0,"max_hp_gain":0,"max_hp_loss":0,"event_name":"Mushrooms","floor":14,"gold_loss":0,"cards_obtained":["Parasite"]}],"is_beta":false,"boss_relics":[],"items_purged_floors":[2],"is_endless":false,"potions_floor_spawned":[1,3,7],"killed_by":"Hexaghost","ascension_level":0}}