{"host":"7wibw175hth9njsf","time":1607732427,"event":{"mods":["2.2 Compatiblity","Act Like it!","BaseMod","Friendly Minions","GifTheSpireLib","Highlight Path","Minty Spire (QoL Compilation)","Random Character Button","StSLib","The Alterego","The Fake Hero","TheSwordswoman","Waifu the Spire","Åy?ï˚ìÒéü?çÏÅzî™â]éámod"],"gold_per_floor":[511,511,526,537,551,571,589,589,589,616,616,627,654,712,712,817,817,828,844,844,860,873,899,899,899,899,899,899,934,944,960,960,1065,1065,1075,495,495,495,171,171,185,218,292,292,326,375,386,386,386,386],"floor_reached":51,"playtime":5412,"items_purged":["luka_mod:Surrender"],"score":807,"play_id":"add3e504-4ac9-4c8d-81da-cc49b00ccd2e","local_time":"20201211192027","is_ascension_mode":false,"campfire_choices":[{"data":"luka_mod:OiAlice","floor":8,"key":"SMITH"},{"floor":11,"key":"REST"},{"data":"luka_mod:Ora","floor":15,"key":"SMITH"},{"data":"luka_mod:BladeOfSolidEarth","floor":24,"key":"SMITH"},{"data":"luka_mod:Tamamo","floor":27,"key":"SMITH"},{"data":"luka_mod:Meditation","floor":32,"key":"SMITH"},{"data":"luka_mod:Ilias","floor":40,"key":"SMITH"},{"data":"luka_mod:SpoilerDance","floor":44,"key":"SMITH"},{"data":"Apotheosis","floor":49,"key":"SMITH"}],"circlet_count":0,"master_deck":["luka_mod:StrikeLukaOne","luka_mod:StrikeLukaTwo","luka_mod:StrikeLukaThree","luka_mod:StrikeLukaFour","luka_mod:StrikeLukaFive","luka_mod:StrikeLukaSix","luka_mod:Salt","luka_mod:Guard","luka_mod:Edging","luka_mod:Meditation+1","luka_mod:EarthRumblingDecapitation","luka_mod:OiAlice+1","luka_mod:SmallBody","luka_mod:SealingStrike","luka_mod:Ora+1","luka_mod:EarthSlash","luka_mod:Tamamo+1","luka_mod:Struggle+1","luka_mod:DeathSwordChaosStar","luka_mod:BladeOfSolidEarth+1","luka_mod:Intense","luka_mod:Daystar","luka_mod:SmallBody+1","luka_mod:Optimistic+1","luka_mod:Ilias+1","luka_mod:GuardedStrike+1","luka_mod:Gnome+1","luka_mod:StrikeLuka+1","luka_mod:SpoilerDance+1","luka_mod:AngryLuka","Apotheosis+1"],"relics":["luka_mod:KeepsakeRing","Meat on the Bone","Letter Opener","Thread and Needle","Pantograph","Velvet Choker","Frozen Egg 2","Happy Flower","Gremlin Horn","Ornamental Fan","Molten Egg 2","SlaversCollar","Mummified Hand","Darkstone Periapt","Unceasing Top","Shuriken","Kunai","HornCleat","Bird Faced Urn","Girya"],"acts_visited":["Exordium","TheCity","TheBeyond"],"potions_floor_usage":[14,14,23,46,50,50],"damage_taken":[{"damage":0,"enemies":"2 Louse","floor":1,"turns":3},{"damage":1,"enemies":"Jaw Worm","floor":3,"turns":2},{"damage":13,"enemies":"Small Slimes","floor":4,"turns":4},{"damage":4,"enemies":"Exordium Wildlife","floor":5,"turns":2},{"damage":11,"enemies":"Blue Slaver","floor":6,"turns":3},{"damage":26,"enemies":"Exordium Thugs","floor":7,"turns":5},{"damage":28,"enemies":"3 Sentries","floor":10,"turns":7},{"damage":11,"enemies":"2 Fungi Beasts","floor":12,"turns":3},{"damage":14,"enemies":"Gremlin Nob","floor":13,"turns":3},{"damage":0,"enemies":"Lagavulin Event","floor":14,"turns":2},{"damage":0,"enemies":"Slime Boss","floor":16,"turns":4},{"damage":24,"enemies":"Shell Parasite","floor":18,"turns":4},{"damage":32,"enemies":"2 Thieves","floor":19,"turns":4},{"damage":31,"enemies":"3 Cultists","floor":21,"turns":5},{"damage":17,"enemies":"Snake Plant","floor":22,"turns":3},{"damage":17,"enemies":"Slavers","floor":23,"turns":5},{"damage":3,"enemies":"Gremlin Leader","floor":29,"turns":5},{"damage":5,"enemies":"Centurion and Healer","floor":30,"turns":4},{"damage":17,"enemies":"Chosen and Byrds","floor":31,"turns":5},{"damage":6,"enemies":"Champ","floor":33,"turns":8},{"damage":22,"enemies":"Orb Walker","floor":35,"turns":4},{"damage":0,"enemies":"3 Darklings","floor":41,"turns":3},{"damage":0,"enemies":"Giant Head","floor":42,"turns":5},{"damage":11,"enemies":"Nemesis","floor":45,"turns":5},{"damage":16,"enemies":"2 Orb Walkers","floor":46,"turns":3},{"damage":0,"enemies":"Maw","floor":47,"turns":5},{"damage":20,"enemies":"Time Eater","floor":50,"turns":6}],"seed_played":"-6035711725681304788","potions_obtained":[{"floor":1,"key":"Fire Potion"},{"floor":3,"key":"DuplicationPotion"},{"floor":5,"key":"GamblersBrew"},{"floor":18,"key":"Block Potion"},{"floor":31,"key":"Energy Potion"},{"floor":33,"key":"Fire Potion"},{"floor":47,"key":"AttackPotion"}],"is_trial":false,"path_per_floor":["M","?","M","M","M","M","M","R","T","E","R","M","E","?","R","B",null,"M","M","?","M","M","E","R","?","T","R","T","E","M","M","R","B",null,"M","$","?","T","$","R","M","E","T","R","E","?","M","?","R","B",null],"character_chosen":"LUKA_CLASS","items_purchased":["Mummified Hand","Darkstone Periapt","Shuriken","luka_mod:Gnome+1"],"campfire_rested":1,"item_purchase_floors":[36,36,39,39],"current_hp_per_floor":[44,44,43,30,26,15,33,33,33,27,40,29,27,27,27,44,44,32,30,30,35,30,25,25,25,25,25,25,44,39,30,30,44,44,44,44,42,42,42,42,42,42,42,42,42,26,42,42,42,25],"gold":386,"neow_bonus":"TEN_PERCENT_HP_BONUS","is_daily":false,"chose_seed":false,"campfire_upgraded":8,"win_rate":0.0,"timestamp":1607732427,"path_taken":["M","?","M","M","M","M","M","R","T","E","R","M","E","?","R","BOSS","M","M","?","M","M","E","R","?","T","R","?","E","M","M","R","BOSS","M","$","?","?","$","R","M","E","T","R","E","?","M","?","R","BOSS"],"items_purchased_type":["Relic","Relic","Relic","Card"],"build_version":"2020-11-30","purchased_purges":1,"victory":true,"max_hp_per_floor":[44,44,44,44,44,44,44,44,44,44,44,44,44,44,44,44,44,44,44,44,44,44,44,44,44,44,44,44,44,44,44,44,44,44,44,44,42,42,42,42,42,42,42,42,42,42,42,42,42,42],"card_choices":[{"not_picked":["luka_mod:Gnome","luka_mod:FireSlash"],"picked":"luka_mod:EarthRumblingDecapitation","floor":1},{"not_picked":["luka_mod:FireSlash","luka_mod:Salamander"],"picked":"luka_mod:OiAlice","floor":3},{"not_picked":["luka_mod:LightningSwordFlash","luka_mod:IliasesJudgement"],"picked":"luka_mod:SmallBody","floor":4},{"not_picked":["luka_mod:IliasesJudgement","luka_mod:Determination","luka_mod:RestrictedStrike"],"picked":"SKIP","floor":5},{"not_picked":["luka_mod:Request","luka_mod:HeroicStrike","luka_mod:Feel"],"picked":"SKIP","floor":6},{"not_picked":["luka_mod:WindSlash","luka_mod:Struggle","luka_mod:Request"],"picked":"SKIP","floor":7},{"not_picked":["luka_mod:BladeOfRagingFire","luka_mod:AlicesGuard"],"picked":"luka_mod:SealingStrike","floor":10},{"not_picked":["luka_mod:WaterSlash","luka_mod:Struggle","luka_mod:Overexert"],"picked":"SKIP","floor":12},{"not_picked":["luka_mod:BegIlias","luka_mod:BladeOfHowlingWind"],"picked":"luka_mod:Ora","floor":13},{"not_picked":["luka_mod:Sylph","luka_mod:Feel"],"picked":"luka_mod:EarthSlash","floor":14},{"not_picked":["luka_mod:NoDebuffs","luka_mod:AlmaElma"],"picked":"luka_mod:Tamamo","floor":16},{"not_picked":["luka_mod:EarthSlash","luka_mod:Request"],"picked":"luka_mod:Struggle+1","floor":18},{"not_picked":["luka_mod:EarthSlash","luka_mod:WindSlash","luka_mod:DemonDecapitation"],"picked":"SKIP","floor":19},{"not_picked":["luka_mod:Overexert","luka_mod:BegIlias"],"picked":"luka_mod:DeathSwordChaosStar","floor":21},{"not_picked":["luka_mod:NeverSurrender","luka_mod:IliasesJudgement+1","luka_mod:GuardTraining"],"picked":"SKIP","floor":22},{"not_picked":["luka_mod:StrikeLuka","luka_mod:PeacePreach"],"picked":"luka_mod:BladeOfSolidEarth","floor":23},{"not_picked":["luka_mod:WindSlash+1","luka_mod:IliasesJudgement+1"],"picked":"luka_mod:SmallBody+1","floor":29},{"not_picked":["luka_mod:FireSlash+1","luka_mod:EarthSlash+1"],"picked":"luka_mod:Optimistic+1","floor":30},{"not_picked":["luka_mod:Feel+1","luka_mod:NeverSurrender","luka_mod:Daystar"],"picked":"SKIP","floor":31},{"not_picked":["luka_mod:Granberia+1","luka_mod:Ora+1"],"picked":"luka_mod:Ilias","floor":33},{"not_picked":["luka_mod:BladeOfSolidEarth+1","luka_mod:IliasesJudgement+1"],"picked":"luka_mod:GuardedStrike+1","floor":35},{"not_picked":["luka_mod:HeroicStrike+1","luka_mod:Calm"],"picked":"luka_mod:StrikeLuka+1","floor":41},{"not_picked":["luka_mod:PeacePreach","luka_mod:LightningSwordFlash+1"],"picked":"luka_mod:SpoilerDance","floor":42},{"not_picked":["luka_mod:Cutscene","luka_mod:WindSlash+1"],"picked":"luka_mod:AngryLuka","floor":45},{"not_picked":["luka_mod:Feel+1","luka_mod:Overexert+1","luka_mod:IliasesJudgement+1"],"picked":"SKIP","floor":47},{"not_picked":["Secret Weapon","Metamorphosis"],"picked":"Apotheosis","floor":48}],"player_experience":182659,"relics_obtained":[{"floor":9,"key":"Meat on the Bone"},{"floor":10,"key":"Letter Opener"},{"floor":13,"key":"Thread and Needle"},{"floor":14,"key":"Pantograph"},{"floor":23,"key":"Happy Flower"},{"floor":26,"key":"Gremlin Horn"},{"floor":28,"key":"Ornamental Fan"},{"floor":29,"key":"Molten Egg 2"},{"floor":38,"key":"Unceasing Top"},{"floor":42,"key":"Kunai"},{"floor":43,"key":"HornCleat"},{"floor":45,"key":"Bird Faced Urn"},{"floor":46,"key":"Girya"}],"event_choices":[{"damage_healed":0,"gold_gain":0,"player_choice":"Leave","damage_taken":0,"max_hp_gain":0,"max_hp_loss":0,"event_name":"The Cleric","floor":2,"gold_loss":0},{"damage_healed":0,"gold_gain":0,"player_choice":"Searched \u00271\u0027 times","damage_taken":0,"max_hp_gain":0,"max_hp_loss":0,"event_name":"Dead Adventurer","floor":14,"gold_loss":0},{"damage_healed":0,"gold_gain":0,"player_choice":"Opened","damage_taken":0,"relics_obtained":["Frozen Egg 2"],"max_hp_gain":0,"max_hp_loss":0,"event_name":"The Mausoleum","floor":20,"gold_loss":0},{"damage_healed":0,"gold_gain":0,"cards_transformed":["luka_mod:Wait","luka_mod:FlailWildly"],"player_choice":"Became Test Subject","damage_taken":0,"max_hp_gain":0,"max_hp_loss":0,"event_name":"Drug Dealer","floor":25,"gold_loss":0,"cards_obtained":["luka_mod:Intense","luka_mod:Daystar"]},{"damage_healed":0,"gold_gain":0,"player_choice":"Max HP","damage_taken":0,"max_hp_gain":0,"max_hp_loss":2,"event_name":"Winding Halls","floor":37,"gold_loss":0},{"damage_healed":0,"gold_gain":0,"player_choice":"Fight","damage_taken":0,"max_hp_gain":0,"max_hp_loss":0,"event_name":"Mysterious Sphere","floor":46,"gold_loss":0},{"damage_healed":0,"gold_gain":0,"player_choice":"Memory 1","damage_taken":0,"max_hp_gain":0,"max_hp_loss":0,"event_name":"SensoryStone","floor":48,"gold_loss":0}],"is_beta":false,"boss_relics":[{"not_picked":["Coffee Dripper","SacredBark"],"picked":"Velvet Choker"},{"not_picked":["Astrolabe","Busted Crown"],"picked":"SlaversCollar"}],"items_purged_floors":[36],"is_endless":false,"potions_floor_spawned":[1,3,5,10,18,31,33,47],"ascension_level":0}}