{"host":"lkb82ji38tfhvp5c","time":1607815655,"event":{"mods":["Abigail Mod","AchievementEnabler","Act Like it!","Aspiration","Astrologer","Bartender","BaseMod","Beaked The Cultist","BetterRewards","CapriCore","ChefMod","Clockwork Mod","Colored Powertips","Conspire","Dio Mod","Downfall","Elementarium","Friendly Minions","GifTheSpireLib","Halation","Hallownest","Hermit","Hubris","Infinite Spire","Jorbs\u0027s Wanderer Trilogy","Koishi","Luminous","Mad Scientist","Marisa????????","Minty Spire (QoL Compilation)","Prisma Mod","Remilia??????","Robot Space Explorer","Shade Mod","Shop Mod","Somnambulant","StSLib","Stuff the Spire","Td1madao Mod","The Alterego","The Animator","The Blackbeard","The Clintock","The Construct","The Cursed","The Disciple","The Elementalist","The Factory","The Fake Hero","The Forsaken","The Hierophant","The Immortal","The Judge","The Mystic","The Necromancer","The Runesmith","The Servant 0.9.4","The Valiant","TheFirefly","TheHero","Treasure Hunter","Yohane!","Yuri Mod","vexMod"],"gold_per_floor":[116,62,62,81,91,121,121],"floor_reached":6,"playtime":494,"items_purged":[],"score":46,"play_id":"0967373f-19f1-4d71-b4f1-c03c30eae47a","local_time":"20201212172735","is_ascension_mode":false,"campfire_choices":[],"circlet_count":0,"master_deck":["alterego_mod:Strike","alterego_mod:Strike","alterego_mod:Strike","alterego_mod:Defend","alterego_mod:Defend","alterego_mod:Defend","alterego_mod:Defend","alterego_mod:Impale","alterego_mod:BigMeatyClaws","alterego_mod:BrynhildrsRune","alterego_mod:SakuraFive","alterego_mod:1TonWallop+1","alterego_mod:Collar","alterego_mod:BreastValley","alterego_mod:Strike","alterego_mod:Punishment"],"relics":["alterego_mod:MasochisticConstitution","NeowsBlessing","StuffTheSpire:Mouthbags"],"acts_visited":["Exordium"],"potions_floor_usage":[],"damage_taken":[{"damage":0,"enemies":"2 Louse","floor":1,"turns":1},{"damage":0,"enemies":"Cultist","floor":4,"turns":1},{"damage":0,"enemies":"Jaw Worm","floor":5,"turns":1},{"damage":28,"enemies":"3 Sentries","floor":6,"turns":4}],"seed_played":"-3310101033772875353","potions_obtained":[{"floor":4,"key":"sneckomod:MuddlingPotion"},{"floor":5,"key":"SkillPotion"}],"is_trial":false,"path_per_floor":["M","$","?","M","M","E"],"character_chosen":"The_Alterego","items_purchased":["alterego_mod:1TonWallop"],"campfire_rested":0,"item_purchase_floors":[2],"current_hp_per_floor":[70,70,70,70,70,43,43],"gold":121,"neow_bonus":"THREE_ENEMY_KILL","is_daily":false,"chose_seed":false,"campfire_upgraded":0,"win_rate":0.0,"timestamp":1607815655,"path_taken":["M","$","?","?","M","E"],"items_purchased_type":["Card"],"build_version":"2020-11-30","purchased_purges":0,"victory":false,"max_hp_per_floor":[70,70,70,70,70,71,71],"card_choices":[{"not_picked":["alterego_mod:Undulate","alterego_mod:Pet"],"picked":"alterego_mod:SakuraFive","floor":1},{"not_picked":["alterego_mod:PerceptionDisorder","alterego_mod:Complex"],"picked":"alterego_mod:Collar","floor":4},{"not_picked":["alterego_mod:Lingerie","alterego_mod:SuperDuperMasochism"],"picked":"alterego_mod:BreastValley","floor":5},{"not_picked":["alterego_mod:Skirt","alterego_mod:PerceptionDisorder"],"picked":"alterego_mod:Punishment","floor":6},{"not_picked":["TH:ElvenBoots","TH:BikiniMail"],"picked":"SKIP","floor":6}],"player_experience":2045389,"relics_obtained":[{"floor":6,"key":"StuffTheSpire:Mouthbags"}],"event_choices":[{"damage_healed":0,"gold_gain":0,"player_choice":"Upgraded","damage_taken":0,"max_hp_gain":0,"max_hp_loss":0,"event_name":"Upgrade Shrine","floor":3,"gold_loss":0,"cards_upgraded":["alterego_mod:1TonWallop"]}],"is_beta":false,"boss_relics":[],"items_purged_floors":[],"is_endless":false,"potions_floor_spawned":[4,5],"killed_by":"3 Sentries","ascension_level":0}}