{"host":"jg07b2bexsgdacfj","time":1607797021,"event":{"mods":["AchievementEnabler","Act Like it!","Aspiration","BaseMod","Better Third Choice","BetterRewards","Block Reminder","Challenge The Spire","Colored Map","Conspire","Downfall","Elementarium","Energized Spire","Friendly Minions","GifTheSpireLib","Gold Saver","Halation","Highlight Path","Hubris","Infinite Spire","Menagerie","Minty Spire (QoL Compilation)","Permanent Neow","Railgun Mod","Remove Card Discount Mod","Replay The Spire","Shop Mod","Spikes Relics","StSLib","Stuff the Spire","Synergy Search","The Animator","The Blackbeard","The Forsaken","The Gatherer","The Necromancer","The Servant 0.9.4","TheHeartMod","TheWitcher","Transform Curses","UnlockEverythingMod","vexMod"],"gold_per_floor":[228,247,20,20,35,60,60,79,79,79,79,98,98,116,116,214,214,226,243,273,248,263,263,263,282,282,52,65,96,145,165,165,261,261,273,273,273,273,273],"floor_reached":38,"playtime":4776,"items_purged":["Elementarium:StickyTar"],"score":396,"play_id":"3870bf47-da5f-4472-8e3c-d62970dbad8c","local_time":"20201212191701","is_ascension_mode":false,"campfire_choices":[{"data":"hubris:EnhanceAbility","floor":7,"key":"SMITH"},{"data":"conspire:ExplosiveBarrier","floor":11,"key":"SMITH"},{"floor":15,"key":"DIG"},{"data":"BarbarianYell","floor":23,"key":"SMITH"},{"floor":32,"key":"DIG"}],"circlet_count":0,"master_deck":["Strike_R+1","Strike_R","Strike_R","Strike_R","Strike_R","Defend_R","Defend_R","Defend_R","Defend_R","Bash","Anger","Anger","Shrug It Off","hubris:EnhanceAbility+1","conspire:ExplosiveBarrier+1","Pommel Strike","hubris:StunningStrike","Impervious","Clash+1","Heavy Blade+1","Pommel Strike","BarbarianYell+1","infinitespire:FutureSight","Flex","Bandage Up","Clash","Clash+1","Limit Break","StuffTheSpire:CuriosityCurse"],"relics":["Burning Blood","aspiration:Nostalgia","Iron Core","Menagerie:ShiftingBlessing","infinitespire:Lucky Rock","Frozen Egg 2","hubris:TenFootPole","hubris:HollowSoul","Elementarium:GoldenMirage","Philosopher\u0027s Stone","vexMod:Spyglass","The Courier","Toolbox","Strawberry","Pet Ghost","GiantMaggot","Elementarium:ElementariumTrophy","hubris:Stopwatch","hubris:BottledRain","aspiration:DefectSkillbook","vexMod:GildedClover"],"acts_visited":["Exordium","Menagerie:Menagerie","TheBeyond"],"potions_floor_usage":[16,19,20,20,25,25,35],"damage_taken":[{"damage":0,"enemies":"Menagerie:StygianBoar","floor":1,"turns":3},{"damage":6,"enemies":"Menagerie:MonstrousExperiment","floor":2,"turns":3},{"damage":0,"enemies":"Menagerie:WhisperingWraith","floor":5,"turns":4},{"damage":21,"enemies":"Menagerie:MaskedSummoner","floor":6,"turns":12},{"damage":2,"enemies":"Menagerie:BEAST_MAGE_AND_PROWLING_AMALGAM","floor":8,"turns":5},{"damage":5,"enemies":"Menagerie:RedMage","floor":12,"turns":4},{"damage":0,"enemies":"Menagerie:EntropyWarlock","floor":14,"turns":3},{"damage":2,"enemies":"Menagerie:Suneater","floor":16,"turns":9},{"damage":0,"enemies":"Elementarium:2_ELEMENTALS","floor":18,"turns":5},{"damage":0,"enemies":"Elementarium:MUD_AND_TAR_GOLEMS","floor":19,"turns":6},{"damage":2,"enemies":"Elementarium:GOLDEN_STATUES","floor":20,"turns":7},{"damage":12,"enemies":"Elementarium:Hydrostalker","floor":22,"turns":7},{"damage":0,"enemies":"Elementarium:VOID_CORRUPTION_AND_TAR_GOLEM","floor":25,"turns":6},{"damage":3,"enemies":"Elementarium:CYCLONE_AND_ORB_OF_FIRE","floor":28,"turns":7},{"damage":19,"enemies":"Nightmare","floor":29,"turns":8},{"damage":0,"enemies":"Elementarium:3_ELEMENTALS","floor":31,"turns":6},{"damage":34,"enemies":"Elementarium:GoldenDragon","floor":33,"turns":7},{"damage":20,"enemies":"3 Shapes","floor":35,"turns":4},{"damage":8,"enemies":"infinitespire:Three Voidlings","floor":38,"turns":6},{"damage":19,"enemies":"Nightmare_Alpha","floor":38,"turns":5}],"seed_played":"-8784507323675639144","potions_obtained":[{"floor":5,"key":"Elixir"},{"floor":14,"key":"Block Potion"},{"floor":16,"key":"SkillPotion"},{"floor":18,"key":"Energy Potion"},{"floor":20,"key":"ColorlessPotion"},{"floor":22,"key":"Energy Potion"},{"floor":31,"key":"Energy Potion"}],"is_trial":false,"path_per_floor":["M","M","$","?","M","E","R","M","T","$","R","M","?","M","R_BF","B",null,"M","M","?","?","M","R","AVR","M","T","$","M","NM","T","M","R_BF","B",null,"M","?","AVR","?"],"character_chosen":"IRONCLAD","items_purchased":["Shrug It Off","hubris:EnhanceAbility","Flex","Bandage Up","Toolbox"],"campfire_rested":0,"item_purchase_floors":[3,3,27,27,27],"current_hp_per_floor":[80,80,80,71,77,62,62,66,66,66,66,67,62,68,68,72,80,80,80,80,80,74,74,74,80,80,80,80,78,78,87,87,59,87,73,73,73,0,0],"gold":273,"neow_bonus":"NOSTALGIA","is_daily":false,"chose_seed":false,"campfire_upgraded":3,"win_rate":0.0,"timestamp":1607797021,"path_taken":["M","M","$","?","M","E","R","M","T","$","R","M","?","M","R_BF","BOSS","M","M","?","?","M","R","AVR","M","T","$","M","NM","?","M","R_BF","BOSS","M","?","AVR","?"],"items_purchased_type":["Card","Card","Card","Card","Relic"],"build_version":"2020-11-30","purchased_purges":1,"victory":false,"max_hp_per_floor":[80,80,80,80,80,80,80,80,80,80,80,80,80,80,80,80,80,80,80,80,80,80,80,80,80,80,80,80,87,87,87,87,87,87,87,87,87,87,87],"card_choices":[{"not_picked":["Absolvement","hubris:SharpeningStone"],"picked":"Anger","floor":1},{"not_picked":["Wild Strike","Evolve"],"picked":"Anger","floor":2},{"not_picked":["Rebound","StuffTheSpire:RockThrow","Massacre"],"picked":"SKIP","floor":5},{"not_picked":["ReplayTheSpireMod:System Scan","Body Slam","Brutality"],"picked":"SKIP","floor":6},{"not_picked":["Hologram","Clothesline"],"picked":"conspire:ExplosiveBarrier","floor":8},{"not_picked":["Headbutt","Uppercut"],"picked":"Pommel Strike","floor":12},{"not_picked":["Absolvement+1","Havoc"],"picked":"hubris:StunningStrike","floor":14},{"not_picked":["Bludgeon","Corruption+1"],"picked":"Impervious","floor":16},{"not_picked":["Havoc","Iron Wave+1"],"picked":"Clash+1","floor":18},{"not_picked":["ReplayTheSpireMod:Corrosion Curse","Sword Boomerang+1"],"picked":"Heavy Blade+1","floor":19},{"not_picked":["Absolvement+1","StuffTheSpire:Incineration"],"picked":"Pommel Strike","floor":20},{"not_picked":["Cleave","Body Slam"],"picked":"BarbarianYell","floor":22},{"not_picked":["Pommel Strike","Sword Boomerang","StuffTheSpire:Incineration+1"],"picked":"SKIP","floor":25},{"not_picked":["Wild Strike","Demonic Infusion"],"picked":"Clash","floor":28},{"not_picked":["Corruption+1","True Grit","Wild Strike"],"picked":"SKIP","floor":29},{"not_picked":["ReplayTheSpireMod:Strike From Hell","hubris:CleavingFinish"],"picked":"Clash+1","floor":31},{"not_picked":["hubris:StunningStrike","Juggernaut+1"],"picked":"Limit Break","floor":33},{"not_picked":["StuffTheSpire:Incineration","hubris:ReadiedAction","Perfected Strike"],"picked":"SKIP","floor":35}],"player_experience":286890,"relics_obtained":[{"floor":6,"key":"infinitespire:Lucky Rock"},{"floor":9,"key":"Frozen Egg 2"},{"floor":15,"key":"hubris:TenFootPole"},{"floor":20,"key":"Elementarium:GoldenMirage"},{"floor":26,"key":"The Courier"},{"floor":29,"key":"Strawberry"},{"floor":30,"key":"Pet Ghost"},{"floor":32,"key":"GiantMaggot"}],"event_choices":[{"damage_healed":0,"gold_gain":0,"player_choice":"Touch","damage_taken":9,"relics_obtained":["Menagerie:ShiftingBlessing"],"max_hp_gain":0,"max_hp_loss":0,"event_name":"Menagerie:LunarGift","floor":4,"gold_loss":0},{"damage_healed":0,"gold_gain":0,"player_choice":"Accept","damage_taken":0,"max_hp_gain":0,"max_hp_loss":5,"event_name":"Menagerie:HarrowingRitual","floor":13,"gold_loss":0,"cards_upgraded":["Strike_R"]},{"damage_healed":0,"gold_gain":0,"player_choice":"Fight","damage_taken":0,"max_hp_gain":0,"max_hp_loss":0,"event_name":"Elementarium:GoldenStatues","floor":20,"gold_loss":0}],"is_beta":false,"boss_relics":[{"not_picked":["SacredBark","energizedSpire:TabascoSauce"],"picked":"hubris:HollowSoul"},{"not_picked":["halation:LoveArrow","ReplayTheSpireMod:SealedPack"],"picked":"hubris:Stopwatch"}],"items_purged_floors":[24],"is_endless":true,"potions_floor_spawned":[5,14,16,18,20,22,31],"killed_by":"Nightmare_Alpha","ascension_level":0}}