{"host":"39edsv1n7lhvfemz","time":1607782039,"event":{"mods":["Act Like it!","BaseMod","Better Vampires","Better-Laid Plans","CapriCore","Friendly Minions","Lobotomy","LobotomyExtend","Minty Spire (QoL Compilation)","Pale of the Ancients","StSLib","The Jungle","Waifu the Spire","noobMod","¡¾ÒÅÎï¿¨ÅÆ¡¿REMEMod"],"gold_per_floor":[112,112,128,128,53,86,86,99,99,64,92,92,126,138,138,228,278,315,332,332,332,452,452,452],"floor_reached":23,"playtime":1003,"items_purged":["HappyTeddy"],"score":476,"play_id":"4256aa4e-2c6f-447c-b373-0dbdbeef6083","local_time":"20201212220719","is_ascension_mode":true,"campfire_choices":[{"data":"Distraction","floor":7.0,"key":"SMITH"},{"floor":15.0,"key":"REST"}],"circlet_count":0,"master_deck":["AscendersBane","Strike_G","Strike_G","Strike_G+1","Strike_G","Defend_G","Defend_G","Defend_G","Defend_G","Defend_G","Survivor+1","HereticApostle","Reboot","FairyFestival","Cloak And Dagger","SnowQueen","Distraction+1","GreedKing","Blade Dance","FieryBird","Backflip","BeautyBeast","Prepared","Burst+1","Blade Dance","WhiteNight","Cloak And Dagger","SpiderBud","Blade Dance"],"relics":["Ring of the Snake","ice","REME_ComplimentaryCards","CogitoBucket","LetterFromLob","InspiredRelic","Question Card","Vajra","Matryoshka","Oddly Smooth Stone","ChangeAnything","Tiny House","theJungle:BirthdayCakeSlice"],"acts_visited":["Exordium","theJungle:Jungle"],"potions_floor_usage":[],"damage_taken":[{"damage":14.0,"enemies":"2 Louse","floor":1.0,"turns":3.0},{"damage":12.0,"enemies":"Small Slimes","floor":3.0,"turns":3.0},{"damage":23.0,"enemies":"3 Sentries","floor":6.0,"turns":8.0},{"damage":38.0,"enemies":"Jaw Worm","floor":8.0,"turns":6.0},{"damage":71.0,"enemies":"Gremlin Nob","floor":11.0,"turns":8.0},{"damage":0.0,"enemies":"Lagavulin","floor":13.0,"turns":4.0},{"damage":20.0,"enemies":"2 Fungi Beasts","floor":14.0,"turns":1.0},{"damage":15.0,"enemies":"Slime Boss","floor":16.0,"turns":10.0},{"damage":15.0,"enemies":"theJungle:MUSHROOMGANG","floor":18.0,"turns":3.0},{"damage":63,"enemies":"theJungle:GiantWrat","floor":19,"turns":7},{"damage":121,"enemies":"theJungle:MamaSnecko","floor":23,"turns":7}],"seed_played":"5109709530190731984","potions_obtained":[{"floor":3.0,"key":"PowerPotion"},{"floor":8.0,"key":"SteroidPotion"},{"floor":13.0,"key":"BlessingOfTheForge"},{"floor":16.0,"key":"Weak Potion"},{"floor":17.0,"key":"PowerPotion"}],"is_trial":false,"path_per_floor":["M","?","M","?","$","E","R","M","T","?","E","?","E","M","R","B",null,"M","M","?","?","?","E"],"character_chosen":"THE_SILENT","items_purchased":[],"campfire_rested":1,"item_purchase_floors":[],"current_hp_per_floor":[49,35,23,60,60,44,44,12,12,27,12,5,64,44,63,55,71,56,51,51,51,39,0,0],"gold":452,"neow_bonus":"","is_daily":false,"chose_seed":false,"campfire_upgraded":1,"win_rate":0.0,"timestamp":1607782039,"path_taken":["M","?","M","?","$","E","R","M","T","?","E","?","E","M","R","BOSS","M","M","?","?","?","E"],"items_purchased_type":[],"build_version":"2020-11-30","purchased_purges":1,"victory":false,"max_hp_per_floor":[70,70,70,60,60,60,60,60,60,60,63,63,64,66,66,69,74,78,78,83,83,83,85,85],"card_choices":[{"not_picked":["MHz","FairyFestival","ShyLook"],"picked":"Singing Bowl","floor":1.0},{"not_picked":["CrumblingArmor","PunishingBird"],"picked":"HappyTeddy","floor":1.0},{"not_picked":["Bouncing Flask","Distraction","Underhanded Strike"],"picked":"SKIP","floor":1.0},{"not_picked":["Scorched","SpiderBud","ShyLook"],"picked":"Singing Bowl","floor":3.0},{"not_picked":["Woodsman","Variant"],"picked":"FairyFestival","floor":3.0},{"not_picked":["PiercingWail","Calculated Gamble"],"picked":"Cloak And Dagger","floor":3.0},{"not_picked":["MHz","VoidDream"],"picked":"SnowQueen","floor":6.0},{"not_picked":["Tactician","Masterful Stab"],"picked":"Distraction","floor":6.0},{"not_picked":["VoidDream","OSAHOGD","WallGazer"],"picked":"Singing Bowl","floor":8.0},{"not_picked":["MeatLantern","BeautyBeast"],"picked":"GreedKing","floor":8.0},{"not_picked":["Quick Slash","REME_GreenPollution","Finisher","Eviscerate"],"picked":"SKIP","floor":8.0},{"not_picked":["Bloodbath","PunishingBird","Mercenary"],"picked":"Singing Bowl","floor":11.0},{"not_picked":["Slice","Calculated Gamble","Blur"],"picked":"Blade Dance","floor":11.0},{"not_picked":["BlackSwan","MHz"],"picked":"FieryBird","floor":13.0},{"not_picked":["Leg Sweep","Deadly Poison","Heel Hook"],"picked":"Backflip","floor":13.0},{"not_picked":["OldLady","CherryBlossoms"],"picked":"BeautyBeast","floor":14.0},{"not_picked":["Deadly Poison","Dagger Throw","Night Terror"],"picked":"Prepared","floor":14.0},{"not_picked":["CherryBlossoms","HeroicMonk","SpiderBud"],"picked":"Singing Bowl","floor":16.0},{"not_picked":["Grand Finale","Night Terror","Wraith Form v2"],"picked":"Burst","floor":16.0},{"not_picked":["Poisoned Stab","Outmaneuver","Cloak And Dagger"],"picked":"Blade Dance","floor":17.0},{"not_picked":["SpiderBud","ShyLook"],"picked":"WhiteNight","floor":18.0},{"not_picked":["Choke","REME_CopyPotion","Setup"],"picked":"Cloak And Dagger","floor":18.0},{"not_picked":["WhitesApple","HeroicMonk","MeatLantern"],"picked":"Singing Bowl","floor":19},{"not_picked":["Laetitia","HeroicMonk"],"picked":"SpiderBud","floor":19},{"not_picked":["PiercingWail","Outmaneuver","Leg Sweep"],"picked":"Blade Dance","floor":19}],"player_experience":143488,"relics_obtained":[{"floor":1.0,"key":"LetterFromLob"},{"floor":6.0,"key":"Question Card"},{"floor":9.0,"key":"Vajra"},{"floor":11.0,"key":"Matryoshka"},{"floor":13.0,"key":"Oddly Smooth Stone"}],"event_choices":[{"damage_healed":0.0,"max_hp_gain":0.0,"max_hp_loss":0.0,"gold_gain":0.0,"event_name":"Shining Light","player_choice":"Entered Light","floor":2.0,"gold_loss":0.0,"damage_taken":14.0,"cards_upgraded":["Strike_G","Survivor"]},{"damage_healed":15.0,"max_hp_gain":0.0,"max_hp_loss":0.0,"gold_gain":0.0,"event_name":"The Cleric","player_choice":"Healed","floor":10.0,"gold_loss":35.0,"damage_taken":0.0},{"cards_removed":["Strike_G"],"damage_healed":0.0,"max_hp_gain":0.0,"max_hp_loss":0.0,"gold_gain":0.0,"event_name":"Golden Wing","player_choice":"Card Removal","floor":12.0,"gold_loss":0.0,"damage_taken":7.0}],"is_beta":false,"boss_relics":[{"not_picked":["Calling Bell","Runic Dome"],"picked":"Tiny House"}],"items_purged_floors":[5],"is_endless":false,"potions_floor_spawned":[3,8,13,16,19],"killed_by":"theJungle:MamaSnecko","ascension_level":12}}