{"host":"3rixevx6n8b56xaj","time":1607757858,"event":{"mods":["2.2 Compatiblity","AchievementEnabler","BaseMod","Better Third Choice","Colored Map","DeckTracker","Friendly Minions","Minty Spire (QoL Compilation)","StSLib","SuperFastMode"],"gold_per_floor":[119,20,20,20,32,32,59,59,59,75,250,284,234,247,247,349,349,374,392,491,503,503,503,526,526,551,551,600,625,180,199,199,199,199],"floor_reached":33,"playtime":774,"items_purged":["Clumsy","Strike_G"],"score":280,"play_id":"cfa16c4a-a8c0-4256-a2de-629140346729","local_time":"20201212162418","is_ascension_mode":false,"campfire_choices":[{"data":"Neutralize","floor":6,"key":"SMITH"},{"data":"Reflex","floor":8,"key":"SMITH"},{"data":"Catalyst","floor":15,"key":"SMITH"},{"data":"Bouncing Flask","floor":23,"key":"SMITH"},{"floor":25,"key":"REST"},{"data":"Backflip","floor":27,"key":"SMITH"},{"data":"Footwork","floor":32,"key":"SMITH"}],"circlet_count":0,"master_deck":["Strike_G","Strike_G","Strike_G","Defend_G","Defend_G","Defend_G","Defend_G","Defend_G","Survivor","Neutralize+1","Flying Knee","Dagger Throw","Slice","Blade Dance","Reflex+1","Bouncing Flask+1","Deadly Poison","Catalyst+1","After Image","CurseOfTheBell","Backflip+1","Deadly Poison+1","Prepared+1","Acrobatics","Footwork+1"],"relics":["Ring of the Snake","The Specimen","Letter Opener","HornCleat","Singing Bowl","Calling Bell","CeramicFish","Ornamental Fan","Turnip","Nilry\u0027s Codex","Omamori","Bag of Preparation","Oddly Smooth Stone"],"acts_visited":["Exordium","TheCity"],"potions_floor_usage":[12,19,21,31,31,33],"damage_taken":[{"damage":5,"enemies":"Jaw Worm","floor":1,"turns":7},{"damage":0,"enemies":"Cultist","floor":5,"turns":3},{"damage":10,"enemies":"Lagavulin","floor":7,"turns":6},{"damage":0,"enemies":"2 Louse","floor":10,"turns":2},{"damage":3,"enemies":"Gremlin Nob","floor":12,"turns":4},{"damage":2,"enemies":"2 Fungi Beasts","floor":14,"turns":3},{"damage":6,"enemies":"The Guardian","floor":16,"turns":6},{"damage":0,"enemies":"Shell Parasite","floor":18,"turns":5},{"damage":0,"enemies":"3 Byrds","floor":19,"turns":5},{"damage":27,"enemies":"Centurion and Healer","floor":21,"turns":6},{"damage":22,"enemies":"Snecko","floor":24,"turns":4},{"damage":18,"enemies":"Sentry and Sphere","floor":29,"turns":4},{"damage":4,"enemies":"Shelled Parasite and Fungi","floor":31,"turns":3},{"damage":11,"enemies":"Collector","floor":33,"turns":3}],"seed_played":"-2167942596188971724","potions_obtained":[{"floor":1,"key":"SpeedPotion"},{"floor":7,"key":"Block Potion"},{"floor":10,"key":"Energy Potion"},{"floor":14,"key":"SkillPotion"},{"floor":19,"key":"DuplicationPotion"},{"floor":24,"key":"Poison Potion"},{"floor":31,"key":"AttackPotion"}],"is_trial":false,"path_per_floor":["M","$","?","$","M","R","E","R","T","M","?","E","?","M","R","B",null,"M","M","?","M","?","R","M","R","T","R","T","M","$","M","R","B"],"character_chosen":"THE_SILENT","items_purchased":["Dagger Throw","Bag of Preparation","Oddly Smooth Stone","Acrobatics"],"campfire_rested":1,"item_purchase_floors":[2,30,30,30],"current_hp_per_floor":[65,65,65,65,65,65,55,55,55,55,55,52,52,50,50,44,70,70,72,72,47,31,31,9,31,31,31,31,13,13,9,9,0,0],"gold":199,"neow_bonus":"ONE_RARE_RELIC","is_daily":false,"chose_seed":false,"campfire_upgraded":6,"win_rate":0.0,"timestamp":1607757858,"path_taken":["M","$","?","?","M","R","E","R","T","M","?","E","?","M","R","BOSS","M","M","?","M","?","R","M","R","T","R","?","M","$","?","R","BOSS"],"items_purchased_type":["Card","Relic","Relic","Card"],"build_version":"2020-11-30","purchased_purges":2,"victory":false,"max_hp_per_floor":[70,70,70,70,70,70,70,70,70,70,70,70,70,70,70,70,70,70,72,72,74,74,74,74,74,74,74,74,74,74,74,74,74,74],"card_choices":[{"not_picked":["Slice","Backflip"],"picked":"Flying Knee","floor":1},{"not_picked":["Finisher","PiercingWail"],"picked":"Blade Dance","floor":5},{"not_picked":["Wraith Form v2","Deadly Poison"],"picked":"Reflex","floor":7},{"not_picked":["Prepared","Dagger Spray"],"picked":"Bouncing Flask","floor":10},{"not_picked":["Outmaneuver","Terror"],"picked":"Deadly Poison","floor":12},{"not_picked":["Dagger Spray","Backflip"],"picked":"Catalyst","floor":14},{"not_picked":["Tools of the Trade","Bullet Time"],"picked":"After Image","floor":16},{"not_picked":["Concentrate","PiercingWail"],"picked":"Backflip","floor":18},{"not_picked":["Reflex","Poisoned Stab","Bane"],"picked":"Singing Bowl","floor":19},{"not_picked":["Dodge and Roll+1","Slice","PiercingWail"],"picked":"Singing Bowl","floor":21},{"not_picked":["Poisoned Stab+1","Flying Knee"],"picked":"Deadly Poison+1","floor":24},{"not_picked":["Footwork+1","Flechettes"],"picked":"Prepared+1","floor":29},{"not_picked":["Dodge and Roll","Distraction"],"picked":"Footwork","floor":31}],"player_experience":506077,"relics_obtained":[{"floor":7,"key":"Letter Opener"},{"floor":9,"key":"HornCleat"},{"floor":12,"key":"Singing Bowl"},{"floor":17,"key":"CeramicFish"},{"floor":17,"key":"Ornamental Fan"},{"floor":17,"key":"Turnip"},{"floor":22,"key":"Nilry\u0027s Codex"},{"floor":28,"key":"Omamori"}],"event_choices":[{"damage_healed":0,"gold_gain":0,"cards_transformed":["Strike_G"],"player_choice":"Transformed","damage_taken":0,"max_hp_gain":0,"max_hp_loss":0,"event_name":"Transmorgrifier","floor":3,"gold_loss":0,"cards_obtained":["Slice"]},{"damage_healed":0,"gold_gain":175,"player_choice":"AGREE","damage_taken":75,"max_hp_gain":0,"max_hp_loss":0,"event_name":"betterThird:BetterSerpent","floor":11,"gold_loss":0},{"cards_removed":["Doubt"],"damage_healed":0,"gold_gain":0,"player_choice":"Card Removal","damage_taken":0,"max_hp_gain":0,"max_hp_loss":0,"event_name":"The Cleric","floor":13,"gold_loss":50},{"damage_healed":0,"gold_gain":99,"player_choice":"Steal","damage_taken":0,"max_hp_gain":0,"max_hp_loss":0,"event_name":"betterThird:BetterNest","floor":20,"gold_loss":0},{"damage_healed":0,"gold_gain":0,"player_choice":"Obtained Book","damage_taken":16,"max_hp_gain":0,"max_hp_loss":0,"event_name":"Cursed Tome","floor":22,"gold_loss":0}],"is_beta":false,"boss_relics":[{"not_picked":["Sozu","WristBlade"],"picked":"Calling Bell"}],"items_purged_floors":[2,30],"is_endless":false,"potions_floor_spawned":[1,7,10,14,19,24,31],"killed_by":"Collector","ascension_level":0}}