{"host":"2461dio7vetlq1z3","time":1607761727,"event":{"mods":["AchievementEnabler","BaseMod","Hermit","Lobotomy","Minty Spire (QoL Compilation)","Relic Stats","StSLib","Waifu the Spire"],"gold_per_floor":[160,177,21,21,21,53,53,97,121,150,150,190,230,305,305,405,405,448,448,448,448,468,525,525,541,541,556,556,556],"floor_reached":28,"playtime":1834,"items_purged":[],"score":322,"play_id":"94b92a86-ae00-48bb-a862-6d3e41d1dc4e","local_time":"20201212092847","is_ascension_mode":true,"campfire_choices":[{"data":"Ragnarok","floor":7,"key":"SMITH"},{"data":"Blasphemy","floor":11,"key":"SMITH"},{"data":"Wish","floor":15,"key":"SMITH"},{"data":"Devotion","floor":24,"key":"SMITH"}],"circlet_count":0,"master_deck":["Eruption","Vigilance","CutThroughFate","SashWhip","Pray","Wish+1","Ragnarok+1","Swivel","Blasphemy+1","ReachHeaven","Devotion+1","InnerPeace","Ragnarok","WheelKick","Prostrate","DevaForm","Collect","MentalFortress","Consecrate","Sanctity","ThirdEye"],"relics":["Tiny House","Orichalcum","Dream Catcher","Bottled Flame","Pandora\u0027s Box","Meat on the Bone","Mummified Hand"],"acts_visited":["Exordium","TheCity"],"potions_floor_usage":[23,25],"damage_taken":[{"damage":0,"enemies":"Small Slimes","floor":1,"turns":2},{"damage":0,"enemies":"2 Louse","floor":2,"turns":2},{"damage":12,"enemies":"Gremlin Nob","floor":6,"turns":3},{"damage":1,"enemies":"Cultist","floor":8,"turns":4},{"damage":8,"enemies":"Lagavulin","floor":10,"turns":7},{"damage":1,"enemies":"Large Slime","floor":12,"turns":4},{"damage":1,"enemies":"Blue Slaver","floor":13,"turns":2},{"damage":11,"enemies":"The Guardian","floor":16,"turns":9},{"damage":14,"enemies":"Shell Parasite","floor":18,"turns":4},{"damage":0,"enemies":"Spheric Guardian","floor":22,"turns":3},{"damage":30,"enemies":"Gremlin Leader","floor":23,"turns":5},{"damage":26,"enemies":"Cultist and Chosen","floor":25,"turns":6},{"damage":10,"enemies":"Centurion and Healer","floor":27,"turns":5},{"damage":18,"enemies":"Book of Stabbing","floor":28,"turns":1}],"seed_played":"5491183598974843599","potions_obtained":[{"floor":0,"key":"Fire Potion"},{"floor":1,"key":"Fire Potion"},{"floor":2,"key":"SpeedPotion"},{"floor":5,"key":"DuplicationPotion"},{"floor":8,"key":"FairyPotion"}],"is_trial":false,"path_per_floor":["M","M","$","?","?","E","R","M","T","E","R","M","M","?","R","B",null,"M","?","?","$","M","E","R","M","T","M","E"],"character_chosen":"WATCHER","items_purchased":["Wish"],"campfire_rested":0,"item_purchase_floors":[3],"current_hp_per_floor":[70,70,70,63,63,51,51,50,50,42,42,41,40,29,29,18,62,48,34,34,34,34,4,4,16,16,18,0,0],"gold":556,"neow_bonus":"BOSS_RELIC","is_daily":false,"chose_seed":false,"campfire_upgraded":4,"win_rate":0.0,"timestamp":1607761727,"path_taken":["M","M","$","?","?","E","R","?","T","E","R","M","M","?","R","BOSS","M","?","?","?","M","E","R","M","T","M","E"],"items_purchased_type":["Card"],"build_version":"2020-11-30","purchased_purges":0,"victory":false,"max_hp_per_floor":[77,77,77,77,77,77,77,77,77,77,77,77,77,77,77,77,77,77,82,82,82,82,82,82,82,82,82,82,82],"relic_stats":{"Dream Catcher":0,"counters":[14,57],"Mummified Hand":[5],"Pandora\u0027s Box":["InnerPeace","Ragnarok","WheelKick","Prostrate","MasterReality","CarveReality","DevaForm"],"Orichalcum":[132],"obtain_stats":[{"Dream Catcher":9,"Bottled Flame":10,"Tiny House":0,"Mummified Hand":26,"Pandora\u0027s Box":17,"PureWater":0,"Orichalcum":6,"Meat on the Bone":23},{"Dream Catcher":4,"Bottled Flame":5,"Tiny House":0,"Mummified Hand":12,"Pandora\u0027s Box":8,"PureWater":0,"Orichalcum":3,"Meat on the Bone":11},{"Dream Catcher":11,"Bottled Flame":18,"Tiny House":0,"Mummified Hand":51,"Pandora\u0027s Box":33,"PureWater":0,"Orichalcum":7,"Meat on the Bone":45}],"Meat on the Bone":24},"card_choices":[{"not_picked":["MentalFortress","Protect"],"picked":"CutThroughFate","floor":0},{"not_picked":["Worship","Pray"],"picked":"SashWhip","floor":1},{"not_picked":["CutThroughFate","Worship"],"picked":"Pray","floor":2},{"not_picked":["EmptyBody","Protect"],"picked":"Ragnarok","floor":6},{"not_picked":["Crescendo","ForeignInfluence"],"picked":"Swivel","floor":8},{"not_picked":["JustLucky","ClearTheMind"],"picked":"Blasphemy","floor":10},{"not_picked":["Adaptation","CutThroughFate"],"picked":"ReachHeaven","floor":12},{"not_picked":["Collect","EmptyFist","CutThroughFate"],"picked":"SKIP","floor":13},{"not_picked":["Brilliance","Vault"],"picked":"Devotion","floor":16},{"not_picked":["SashWhip","FlurryOfBlows"],"picked":"Collect","floor":18},{"not_picked":["SashWhip","Halt","Evaluate"],"picked":"SKIP","floor":22},{"not_picked":["WreathOfFlame","Crescendo+1","Nirvana"],"picked":"SKIP","floor":23},{"not_picked":["Prostrate","SignatureMove"],"picked":"Sanctity","floor":25},{"not_picked":["FlurryOfBlows","Study"],"picked":"ThirdEye","floor":27}],"player_experience":633230,"relics_obtained":[{"floor":6,"key":"Orichalcum"},{"floor":9,"key":"Dream Catcher"},{"floor":10,"key":"Bottled Flame"},{"floor":23,"key":"Meat on the Bone"},{"floor":26,"key":"Mummified Hand"}],"event_choices":[{"cards_removed":["Strike_P"],"damage_healed":0,"gold_gain":0,"player_choice":"Card Removal","damage_taken":7,"max_hp_gain":0,"max_hp_loss":0,"event_name":"Golden Wing","floor":4,"gold_loss":0},{"damage_healed":0,"gold_gain":0,"player_choice":"Got Potions","damage_taken":0,"max_hp_gain":0,"max_hp_loss":0,"event_name":"Lab","floor":5,"gold_loss":0},{"damage_healed":0,"gold_gain":75,"player_choice":"Gather Gold","damage_taken":11,"max_hp_gain":0,"max_hp_loss":0,"event_name":"World of Goop","floor":14,"gold_loss":0},{"damage_healed":0,"gold_gain":0,"player_choice":"Shed Blood","damage_taken":19,"max_hp_gain":5,"max_hp_loss":0,"event_name":"Forgotten Altar","floor":19,"gold_loss":0},{"damage_healed":0,"gold_gain":0,"cards_transformed":["MasterReality","CarveReality"],"player_choice":"Became Test Subject","damage_taken":0,"max_hp_gain":0,"max_hp_loss":0,"event_name":"Drug Dealer","floor":20,"gold_loss":0,"cards_obtained":["MentalFortress","Consecrate"]}],"is_beta":false,"boss_relics":[{"not_picked":["Fusion Hammer","Black Star"],"picked":"Pandora\u0027s Box"}],"items_purged_floors":[],"is_endless":false,"potions_floor_spawned":[1,2,8,13,22],"killed_by":"Book of Stabbing","ascension_level":6}}