{"host":"y30n8hbqlqxhztg8","time":1607758296,"event":{"mods":["A Magickal Journey","AchievementEnabler","BaseMod","BetterRewards","Block Reminder","Colored Map","Conspire","Downfall","GifTheSpireLib","Glutton Mod","Hubris","Infinite Spire","Koishi","Marisa????????","Minty Spire (QoL Compilation)","Prisma Mod","Replay The Spire","Shop Mod","Somnambulant","StSLib","Stuff the Spire","The Factory","The Jungle","[IsaacMod]????"],"gold_per_floor":[213,62,42,61,79,79,79,79,102,118,130,80,80,80,80,177,227,239,239,239,253,96,96,96,96,171,171,171,171,188,202,202,202,202],"floor_reached":33,"playtime":828,"items_purged":[],"score":233,"play_id":"e098a02b-545d-45e6-9c03-2d0a5abe7142","local_time":"20201211233136","is_ascension_mode":false,"campfire_choices":[{"data":"Wild Strike","floor":6,"key":"SMITH"},{"data":"Strike_R","floor":8,"key":"SMITH"},{"floor":15,"key":"REST"},{"data":"Flex","floor":23,"key":"SMITH"},{"data":"Perfected Strike","floor":25,"key":"SMITH"},{"data":"Cleave","floor":27,"key":"SMITH"},{"data":"expansioncontent:StudyTheSpire","floor":29,"key":"SMITH"},{"floor":32,"key":"REST"}],"circlet_count":0,"master_deck":["expansioncontent:StudyTheSpire+1","Strike_R+1","Strike_R","Strike_R","Strike_R+1","Strike_R+1","Defend_R","Defend_R","Defend_R","Defend_R","Wild Strike+1","Pommel Strike","Thunderclap","Neutralize+1","Heavy Blade","Perfected Strike+1","Hemogenesis","Pommel Strike","Cleave+1","Flex+1","BettingIsNotGood","Anger","Anger"],"relics":["Burning Blood","HushsDoor","BFFS","Bag of Marbles","Thread and Needle","Tiny House","Simple Rune"],"acts_visited":["Exordium","TheCity"],"potions_floor_usage":[21,21,33,33,33],"damage_taken":[{"damage":0,"enemies":"Small Slimes","floor":1,"turns":3},{"damage":0,"enemies":"Cultist","floor":4,"turns":2},{"damage":11,"enemies":"Jaw Worm","floor":5,"turns":3},{"damage":16,"enemies":"Large Slime","floor":10,"turns":5},{"damage":5,"enemies":"Gremlin Gang","floor":11,"turns":5},{"damage":20,"enemies":"Slime Boss","floor":16,"turns":9},{"damage":17,"enemies":"Shell Parasite","floor":18,"turns":4},{"damage":20,"enemies":"Spheric Guardian","floor":21,"turns":4},{"damage":19,"enemies":"Centurion and Healer","floor":30,"turns":3},{"damage":11,"enemies":"Snake Plant","floor":31,"turns":2},{"damage":68,"enemies":"conspire:MysteriousRune","floor":33,"turns":9}],"seed_played":"-4245904050412350136","potions_obtained":[{"floor":1,"key":"sneckomod:MuddlingPotion"},{"floor":3,"key":"Adrenaline Potion"},{"floor":4,"key":"LiquidBronze"},{"floor":21,"key":"Elixir"},{"floor":30,"key":"Explosive Potion"}],"is_trial":false,"path_per_floor":["M","$","?","M","M","R","?","R","T","M","M","?","T","$","R_BF","B",null,"M","?","?","M","$","R","?","R","T","R","?","R","M","M","R","B"],"character_chosen":"IRONCLAD","items_purchased":["Bag of Marbles","Simple Rune"],"campfire_rested":2,"item_purchase_floors":[2,22],"current_hp_per_floor":[80,80,80,80,75,75,75,75,75,65,66,66,66,66,80,66,85,74,74,74,60,60,60,60,60,60,60,60,60,47,42,67,0,0],"gold":202,"neow_bonus":"HUNDRED_GOLD","is_daily":false,"chose_seed":false,"campfire_upgraded":6,"win_rate":0.0,"timestamp":1607758296,"path_taken":["M","$","?","M","?","R","?","R","T","M","?","?","?","?","R_BF","BOSS","M","?","?","M","$","R","?","R","T","R","?","R","M","M","R","BOSS"],"items_purchased_type":["Relic","Relic"],"build_version":"2020-11-30","purchased_purges":0,"victory":false,"max_hp_per_floor":[80,80,80,80,80,80,80,80,80,80,80,80,80,80,80,80,85,85,85,85,85,85,85,85,85,85,85,85,85,85,85,85,85,85],"card_choices":[{"not_picked":[],"picked":"DoctorFetus","floor":0},{"not_picked":["Cleave","Run Through"],"picked":"Wild Strike","floor":1},{"not_picked":["ReplayTheSpireMod:Muscle Training","Dark Embrace"],"picked":"Pommel Strike","floor":4},{"not_picked":["Body Slam","Dual Wield"],"picked":"Thunderclap","floor":5},{"not_picked":["Cleave","Disarm"],"picked":"Heavy Blade","floor":10},{"not_picked":["Twin Strike","Intimidate"],"picked":"Perfected Strike","floor":11},{"not_picked":["Offering","StuffTheSpire:TitanForm"],"picked":"Hemogenesis","floor":16},{"not_picked":["Massacre","hubris:SharpeningStone"],"picked":"Pommel Strike","floor":17},{"not_picked":["Shrug It Off","StuffTheSpire:RockThrow"],"picked":"Cleave","floor":18},{"not_picked":["Shrug It Off","Intimidate"],"picked":"Flex","floor":21},{"not_picked":["Replay:Undeath\u0027s Touch","Body Slam"],"picked":"Anger","floor":30},{"not_picked":["StuffTheSpire:RockThrow","Twin Strike"],"picked":"Anger","floor":31}],"player_experience":36044,"relics_obtained":[{"floor":13,"key":"Thread and Needle"}],"event_choices":[{"damage_healed":0,"gold_gain":0,"player_choice":"Bought 1 Potion","damage_taken":0,"max_hp_gain":0,"max_hp_loss":0,"event_name":"The Woman in Blue","floor":3,"gold_loss":0},{"cards_removed":["Survivor"],"damage_healed":0,"gold_gain":0,"player_choice":"Card Removal","damage_taken":0,"max_hp_gain":0,"max_hp_loss":0,"event_name":"The Cleric","floor":12,"gold_loss":50},{"damage_healed":0,"gold_gain":0,"cards_transformed":["DoctorFetus"],"player_choice":"Transformed","damage_taken":0,"max_hp_gain":0,"max_hp_loss":0,"event_name":"Transmorgrifier","floor":24,"gold_loss":0,"cards_obtained":["BettingIsNotGood"]}],"is_beta":false,"boss_relics":[{"not_picked":["Replay:Ancient Bell","conspire:RunicOctahedron"],"picked":"Tiny House"},{"not_picked":[]}],"items_purged_floors":[],"is_endless":false,"potions_floor_spawned":[1,4,5,16,21,30],"killed_by":"conspire:MysteriousRune","ascension_level":0}}