{"host":"mytek2nu1hrzdnew","time":1607809266,"event":{"mods":["Aspiration","BaseMod","Conspire","GifTheSpireLib","Gold Saver","Hubris","Infinite Spire","Minty Spire (QoL Compilation)","Replay The Spire","StSLib","Stuff the Spire","The Animator"],"gold_per_floor":[121,143,165,197,232,266,289,310,310,328,14,29,29,129,129,236,236,268,290,157,157,157],"floor_reached":21,"playtime":2265,"items_purged":[],"score":187,"play_id":"7620c35b-7c9a-48f4-859a-b1cdb9cc92c1","local_time":"20201212164106","is_ascension_mode":false,"campfire_choices":[{"floor":13,"key":"REST"},{"floor":15,"key":"REST"}],"circlet_count":0,"master_deck":["animator:Shinoa","animator:Mikaela","animator:Guren","animator:Yoichi","animator:Chris","animator:CrowleyEusford","animator:AcuraTooru","animator:Shichika","animator:FielNirvalen","animator:DolaRiku","animator:Yoichi","animator:Ainz","animator:Wiz","animator:AcuraAkari","animator:HiiragiShinya","animator:ChaikaTrabant","animator:Kuribayashi","animator:Tet","animator:Chris","animator:Arpeggio","animator:DolaSchwi","animator:Yoichi+1","animator:MisaKurobane"],"relics":["animator:LivingPicture","animator:TheMissingPiece","ReplayFunnel","StuffTheSpire:Barrel","Ice Cream","Pandora\u0027s Box"],"acts_visited":["Exordium","TheCity"],"potions_floor_usage":[6,10,16,16,16],"damage_taken":[{"damage":0,"enemies":"Cultist","floor":1,"turns":4},{"damage":5,"enemies":"2 Louse","floor":2,"turns":3},{"damage":9,"enemies":"infinitespire:Voidling","floor":3,"turns":5},{"damage":4,"enemies":"Exordium Wildlife","floor":4,"turns":6},{"damage":22,"enemies":"3 Louse","floor":5,"turns":3},{"damage":12,"enemies":"Gremlin Nob","floor":6,"turns":3},{"damage":2,"enemies":"2 Fungi Beasts","floor":7,"turns":3},{"damage":6,"enemies":"Looter","floor":8,"turns":3},{"damage":13,"enemies":"conspire:2 RoseBushes","floor":10,"turns":6},{"damage":8,"enemies":"Exordium Thugs","floor":12,"turns":5},{"damage":6,"enemies":"Hexaghost","floor":16,"turns":6},{"damage":44,"enemies":"2 Thieves","floor":18,"turns":5},{"damage":15,"enemies":"Shell Parasite","floor":19,"turns":5},{"damage":14,"enemies":"Centurion and Healer","floor":21,"turns":1}],"seed_played":"-5211884344924718802","potions_obtained":[{"floor":2,"key":"DuplicationPotion"},{"floor":3,"key":"Adrenaline Potion"},{"floor":6,"key":"Languid Potion"},{"floor":10,"key":"Fruit Juice"},{"floor":12,"key":"GamblersBrew"}],"is_trial":false,"path_per_floor":["M","M","M","M","M","E","M","M","T","M","$","M","R","?","R","B",null,"M","M","$","M"],"character_chosen":"THE_ANIMATOR","items_purchased":["Ice Cream","animator:Yoichi+1","animator:MisaKurobane"],"campfire_rested":2,"item_purchase_floors":[11,20,20],"current_hp_per_floor":[66,61,65,62,40,28,26,20,20,12,12,12,33,33,54,48,72,28,13,13,0,0],"gold":157,"neow_bonus":"TRANSFORM_CARD","is_daily":false,"chose_seed":false,"campfire_upgraded":0,"win_rate":0.0,"timestamp":1607809266,"path_taken":["M","M","?","M","M","E","M","M","T","M","$","M","R","?","R","BOSS","M","M","$","M"],"items_purchased_type":["Relic","Card","Card"],"build_version":"2020-11-30","purchased_purges":0,"victory":false,"max_hp_per_floor":[66,66,66,67,67,67,67,67,67,72,72,72,72,72,72,72,72,72,72,72,72,72],"card_choices":[{"not_picked":["animator:CrowleyEusford","animator:Demiurge"],"picked":"animator:Yoichi","floor":1},{"not_picked":["animator:ChaikaBohdan","animator:Demiurge"],"picked":"animator:Chris","floor":2},{"not_picked":["animator:Aqua","animator:Nanami","animator:Emonzaemon"],"picked":"SKIP","floor":3},{"not_picked":["animator:Mikaela","animator:Shinoa"],"picked":"animator:CrowleyEusford","floor":4},{"not_picked":["animator:YaoHaDucy","animator:Kazuma"],"picked":"animator:AcuraTooru","floor":5},{"not_picked":["animator:Fredrika","animator:Sebas"],"picked":"animator:Shichika","floor":6},{"not_picked":["animator:ItamiYouji","animator:ChaikaBohdan","animator:Evileye"],"picked":"SKIP","floor":7},{"not_picked":["animator:DolaCouronne","animator:DolaStephanie"],"picked":"animator:FielNirvalen","floor":8},{"not_picked":["animator:Fredrika","animator:DolaSchwi"],"picked":"animator:DolaRiku","floor":10},{"not_picked":["animator:ChaikaBohdan","animator:Entoma"],"picked":"animator:Yoichi","floor":12},{"not_picked":["animator:Wiz","animator:Shiro"],"picked":"animator:Ainz","floor":16},{"not_picked":["animator:Azekura","animator:Hitei"],"picked":"animator:Arpeggio","floor":18},{"not_picked":["animator:ChlammyZell","animator:FielNirvalen"],"picked":"animator:DolaSchwi","floor":19}],"player_experience":1086630,"relics_obtained":[{"floor":6,"key":"ReplayFunnel"},{"floor":9,"key":"StuffTheSpire:Barrel"}],"event_choices":[{"damage_healed":0,"gold_gain":100,"player_choice":"Pray","damage_taken":0,"max_hp_gain":0,"max_hp_loss":0,"event_name":"Golden Shrine","floor":14,"gold_loss":0}],"is_beta":false,"boss_relics":[{"not_picked":["hubris:TerracottaHorce","Ectoplasm"],"picked":"Pandora\u0027s Box"}],"items_purged_floors":[],"is_endless":false,"potions_floor_spawned":[2,3,6,10,12],"killed_by":"Centurion and Healer","ascension_level":0}}