{"host":"3l86636hmmefx41a","time":1607813473,"event":{"mods":["BaseMod","Hermit","Marked Mod","Minty Spire (QoL Compilation)","StSLib"],"gold_per_floor":[111,111,123,143,155,190,190,190,213,273,273,47,64,64,64,169,169,181,193,209,221,53,53,53,53,53,53,71,90,90,103,103,200,250,266,278,278,134,150,150,162,179,179,189,189,17,33,51,51,51,51],"floor_reached":50,"playtime":5028,"items_purged":["Regret"],"score":575,"play_id":"d311ec3a-a8b4-48d2-8117-581771cc16fb","local_time":"20201212235113","daily_mods":["Draft"],"is_ascension_mode":false,"campfire_choices":[{"data":"Havoc","floor":7,"key":"SMITH"},{"floor":11,"key":"REST"},{"data":"Barricade","floor":15,"key":"SMITH"},{"data":"Mayhem","floor":23,"key":"SMITH"},{"data":"Havoc","floor":25,"key":"SMITH"},{"floor":30,"key":"REST"},{"data":"Dark Embrace","floor":32,"key":"SMITH"},{"data":"Body Slam","floor":40,"key":"SMITH"},{"floor":45,"key":"REST"},{"floor":49,"key":"REST"}],"circlet_count":0,"master_deck":["Anger","Perfected Strike","Clothesline","Iron Wave+1","Sentinel","Iron Wave","Spot Weakness","Anger","Feel No Pain+1","Flame Barrier","Shrug It Off","Havoc+1","Rage","Twin Strike","Pommel Strike","Shrug It Off+1","Havoc+1","Disarm","Dark Embrace+1","Barricade+1","Dropkick","Feed","Body Slam+1","Headbutt","Mayhem+1","Reaper","Pommel Strike","Entrench","Perfected Strike+1","Mayhem+1","Parasite","Deep Breath","Evolve"],"relics":["Burning Blood","Nunchaku","MealTicket","Ancient Tea Set","Matryoshka","Lantern","Busted Crown","PreservedInsect","Gremlin Horn","Tiny House","Bronze Scales","Sundial","StrikeDummy"],"acts_visited":["Exordium","TheCity","TheBeyond"],"potions_floor_usage":[6,6,10,16,20,28,29,33,36,41,41,44],"damage_taken":[{"damage":5,"enemies":"Small Slimes","floor":1,"turns":3},{"damage":0,"enemies":"2 Louse","floor":3,"turns":3},{"damage":1,"enemies":"Cultist","floor":4,"turns":3},{"damage":3,"enemies":"Looter","floor":5,"turns":3},{"damage":3,"enemies":"3 Sentries","floor":6,"turns":6},{"damage":47,"enemies":"Gremlin Nob","floor":10,"turns":5},{"damage":5,"enemies":"Large Slime","floor":13,"turns":5},{"damage":18,"enemies":"Slime Boss","floor":16,"turns":8},{"damage":0,"enemies":"2 Thieves","floor":18,"turns":4},{"damage":25,"enemies":"Spheric Guardian","floor":19,"turns":7},{"damage":4,"enemies":"Snake Plant","floor":20,"turns":6},{"damage":24,"enemies":"3 Cultists","floor":21,"turns":6},{"damage":11,"enemies":"Chosen and Byrds","floor":28,"turns":7},{"damage":10,"enemies":"Snake Plant","floor":29,"turns":6},{"damage":18,"enemies":"Centurion and Healer","floor":31,"turns":6},{"damage":0,"enemies":"Champ","floor":33,"turns":10},{"damage":37,"enemies":"Orb Walker","floor":35,"turns":6},{"damage":31,"enemies":"3 Darklings","floor":36,"turns":6},{"damage":0,"enemies":"Maw","floor":39,"turns":6},{"damage":44,"enemies":"Sphere and 2 Shapes","floor":41,"turns":5},{"damage":32,"enemies":"Writhing Mass","floor":42,"turns":7},{"damage":17,"enemies":"Spire Growth","floor":44,"turns":5},{"damage":12,"enemies":"Sphere and 2 Shapes","floor":47,"turns":4},{"damage":59,"enemies":"4 Shapes","floor":48,"turns":5},{"damage":52,"enemies":"Time Eater","floor":50,"turns":5}],"seed_played":"-5345371456072667155","potions_obtained":[{"floor":1,"key":"LiquidBronze"},{"floor":5,"key":"BlessingOfTheForge"},{"floor":6,"key":"Explosive Potion"},{"floor":13,"key":"Explosive Potion"},{"floor":19,"key":"Swift Potion"},{"floor":20,"key":"SneckoOil"},{"floor":21,"key":"Strength Potion"},{"floor":28,"key":"SkillPotion"},{"floor":34,"key":"BloodPotion"},{"floor":36,"key":"Energy Potion"},{"floor":39,"key":"AttackPotion"},{"floor":41,"key":"FearPotion"}],"is_trial":true,"path_per_floor":["M","?","M","M","M","E","R","?","T","?","R","$","M","?","R","B",null,"M","M","M","M","$","R","?","R","T","?","M","M","R","M","R","B",null,"M","M","?","$","M","R","M","M","T","M","R","$","M","M","R","B"],"character_chosen":"IRONCLAD","items_purchased":["Lantern","Mayhem","Bronze Scales","Deep Breath","Evolve"],"campfire_rested":4,"item_purchase_floors":[12,22,38,46,46],"current_hp_per_floor":[80,80,80,80,80,80,80,64,64,23,47,62,63,63,63,51,80,80,61,63,48,63,63,63,63,63,47,42,38,64,55,55,61,96,65,66,66,81,90,90,52,26,26,15,43,58,55,10,39,0,0],"gold":51,"neow_bonus":"","is_daily":false,"chose_seed":false,"campfire_upgraded":6,"win_rate":0.0,"timestamp":1607813473,"path_taken":["M","?","M","M","M","E","R","?","T","?","R","$","M","?","R","BOSS","M","M","M","M","$","R","?","R","T","?","M","M","R","M","R","BOSS","M","M","?","$","M","R","M","M","T","?","R","$","M","M","R","BOSS"],"items_purchased_type":["Relic","Card","Relic","Card","Card"],"build_version":"2020-11-30","purchased_purges":1,"victory":false,"max_hp_per_floor":[80,80,80,80,80,80,80,80,80,80,80,80,80,80,80,80,80,80,80,80,83,83,83,83,83,83,88,88,88,88,91,91,91,96,96,96,96,96,96,96,96,96,96,96,96,96,99,99,99,99,99],"card_choices":[{"not_picked":["Burning Pact","Cleave"],"picked":"Sword Boomerang","floor":0},{"not_picked":["Heavy Blade","Rupture"],"picked":"Anger","floor":0},{"not_picked":["Warcry","Wild Strike"],"picked":"Perfected Strike","floor":0},{"not_picked":["Feel No Pain","Blood for Blood"],"picked":"Clothesline","floor":0},{"not_picked":["Warcry","Thunderclap"],"picked":"Iron Wave","floor":0},{"not_picked":["Heavy Blade","Perfected Strike"],"picked":"Sentinel","floor":0},{"not_picked":["Power Through","Thunderclap"],"picked":"Iron Wave","floor":0},{"not_picked":["Power Through","Heavy Blade"],"picked":"Spot Weakness","floor":0},{"not_picked":["Clash","Metallicize"],"picked":"Anger","floor":0},{"not_picked":["Intimidate","Twin Strike"],"picked":"Feel No Pain","floor":0},{"not_picked":["Wild Strike","Warcry"],"picked":"Flame Barrier","floor":0},{"not_picked":["Armaments","Heavy Blade"],"picked":"Shrug It Off","floor":0},{"not_picked":["Iron Wave","Anger"],"picked":"Havoc","floor":0},{"not_picked":["Hemokinesis","Wild Strike"],"picked":"Rage","floor":0},{"not_picked":["Whirlwind","Entrench"],"picked":"Twin Strike","floor":0},{"not_picked":["Iron Wave","Cleave"],"picked":"Pommel Strike","floor":1},{"not_picked":["Armaments","Warcry"],"picked":"Shrug It Off","floor":3},{"not_picked":["Sword Boomerang","Intimidate"],"picked":"Havoc","floor":4},{"not_picked":["Rampage","Bloodletting"],"picked":"Disarm","floor":5},{"not_picked":["Burning Pact","Spot Weakness"],"picked":"Dark Embrace","floor":6},{"not_picked":["True Grit","Iron Wave"],"picked":"Barricade","floor":13},{"not_picked":["Barricade","Demon Form"],"picked":"Feed","floor":16},{"not_picked":["Inflame"],"picked":"SKIP","floor":18},{"not_picked":[],"picked":"Body Slam","floor":19},{"not_picked":[],"picked":"Headbutt","floor":20},{"not_picked":["Whirlwind+1"],"picked":"SKIP","floor":21},{"not_picked":["Flex"],"picked":"SKIP","floor":28},{"not_picked":["Twin Strike"],"picked":"SKIP","floor":29},{"not_picked":["Perfected Strike"],"picked":"SKIP","floor":31},{"not_picked":[],"picked":"Reaper","floor":33},{"not_picked":[],"picked":"Pommel Strike","floor":34},{"not_picked":[],"picked":"Entrench","floor":35},{"not_picked":[],"picked":"Perfected Strike+1","floor":36},{"not_picked":["Carnage"],"picked":"SKIP","floor":39},{"not_picked":["Perfected Strike+1"],"picked":"SKIP","floor":41},{"not_picked":["Armaments"],"picked":"SKIP","floor":42},{"not_picked":["Warcry"],"picked":"SKIP","floor":44},{"not_picked":["Pommel Strike"],"picked":"SKIP","floor":47},{"not_picked":["Armaments"],"picked":"SKIP","floor":48}],"player_experience":65406,"relics_obtained":[{"floor":6,"key":"MealTicket"},{"floor":9,"key":"Ancient Tea Set"},{"floor":10,"key":"Matryoshka"},{"floor":26,"key":"PreservedInsect"},{"floor":26,"key":"Gremlin Horn"},{"floor":43,"key":"Sundial"},{"floor":43,"key":"StrikeDummy"}],"event_choices":[{"damage_healed":0,"gold_gain":0,"player_choice":"Box","damage_taken":0,"relics_obtained":["Nunchaku"],"max_hp_gain":0,"max_hp_loss":0,"event_name":"Big Fish","floor":2,"gold_loss":0,"cards_obtained":["Regret"]},{"damage_healed":0,"gold_gain":0,"player_choice":"Entered Light","damage_taken":16,"max_hp_gain":0,"max_hp_loss":0,"event_name":"Shining Light","floor":8,"gold_loss":0,"cards_upgraded":["Feel No Pain","Shrug It Off"]},{"damage_healed":0,"gold_gain":0,"player_choice":"Searched \u00271\u0027 times","damage_taken":0,"max_hp_gain":0,"max_hp_loss":0,"event_name":"Dead Adventurer","floor":10,"gold_loss":0},{"damage_healed":0,"gold_gain":0,"cards_transformed":["Sword Boomerang"],"player_choice":"Transformed","damage_taken":0,"max_hp_gain":0,"max_hp_loss":0,"event_name":"Transmorgrifier","floor":14,"gold_loss":0,"cards_obtained":["Dropkick"]},{"damage_healed":0,"gold_gain":0,"player_choice":"Ignored","damage_taken":0,"max_hp_gain":0,"max_hp_loss":0,"event_name":"Vampires","floor":24,"gold_loss":0},{"damage_healed":0,"gold_gain":0,"player_choice":"Shed Blood","damage_taken":21,"max_hp_gain":5,"max_hp_loss":0,"event_name":"Forgotten Altar","floor":27,"gold_loss":0},{"damage_healed":0,"gold_gain":0,"player_choice":"Copied","damage_taken":0,"max_hp_gain":0,"max_hp_loss":0,"event_name":"Duplicator","floor":37,"gold_loss":0,"cards_obtained":["Mayhem"]}],"is_beta":false,"boss_relics":[{"not_picked":["Snecko Eye","Sozu"],"picked":"Busted Crown"},{"not_picked":["Coffee Dripper","Black Blood"],"picked":"Tiny House"}],"items_purged_floors":[12],"is_endless":true,"potions_floor_spawned":[1,5,6,13,19,20,21,28,36,39,41],"killed_by":"Time Eater","ascension_level":0}}