{"host":"lzoxnxg22umz6vcf","time":1607799659,"event":{"mods":["AchievementEnabler","Bard","BaseMod","Better Altar","Better Match","Better Sensory Stone","Better Skull","Better Third Choice","Downfall","Hermit","Lobotomy","LobotomyExtend","Marked Mod","Minty Spire (QoL Compilation)","Railgun Mod","Replay The Spire","Spicy Shops","StSLib","The Animator","The Poker Player","TheArtist"],"gold_per_floor":[112,127,227,240,240,275,275,303,303,268,36,36,115,126,126,223,223,236,236,236,236],"floor_reached":20,"playtime":1128,"items_purged":["Replay:Hysterical Blindness"],"score":180,"play_id":"75bcba84-1d7d-48db-86f5-994d85f3d078","local_time":"20201212210059","is_ascension_mode":false,"campfire_choices":[{"floor":7.0,"key":"REST"},{"floor":12.0,"key":"RECALL"}],"circlet_count":0,"master_deck":["Strike_R","Strike_R","Strike_R","Strike_R","Strike_R","Defend_R","Defend_R","Defend_R","Defend_R","Bash","Headbutt","Heavy Blade","BigBadWolf","Spot Weakness","Dark Embrace+1","QueenOfHatred","Anger","Inflame","Demon Form","Rage"],"relics":["Black Blood","CogitoBucket","LetterFromLob","Paper Frog","Incense Burner","Blood Vial","ReplayTheSpireMod:CursedCoin","Lantern","Meat on the Bone"],"acts_visited":["Exordium","TheCity"],"potions_floor_usage":[16,16,16],"damage_taken":[{"damage":7.0,"enemies":"2 Louse","floor":1.0,"turns":3.0},{"damage":6.0,"enemies":"Cultist","floor":2.0,"turns":3.0},{"damage":6.0,"enemies":"Jaw Worm","floor":4.0,"turns":3.0},{"damage":35.0,"enemies":"Gremlin Nob","floor":6.0,"turns":4.0},{"damage":40.0,"enemies":"3 Sentries","floor":8.0,"turns":7.0},{"damage":28.0,"enemies":"Large Slime","floor":14.0,"turns":4.0},{"damage":54,"enemies":"The Guardian","floor":16,"turns":8},{"damage":10,"enemies":"Chosen","floor":18,"turns":3}],"seed_played":"5270235503528925100","potions_obtained":[{"floor":1.0,"key":"Adrenaline Potion"},{"floor":14.0,"key":"Dexterity Potion"},{"floor":15.0,"key":"BloodPotion"},{"floor":15.0,"key":"Swift Potion"},{"floor":18,"key":"PowerPotion"}],"is_trial":false,"path_per_floor":["M","M","?","M","?","E","R","E","T","?","$","R","?","M","R","B",null,"M","T","M"],"character_chosen":"IRONCLAD","items_purchased":["Inflame","Blood Vial","ReplayTheSpireMod:CursedCoin","Lantern"],"campfire_rested":1,"item_purchase_floors":[11,11,11,11],"current_hp_per_floor":[79,79,79,80,80,51,75,41,41,61,61,61,61,49,49,19,80,80,80,0,0],"gold":236,"neow_bonus":"","is_daily":false,"chose_seed":false,"campfire_upgraded":0,"win_rate":0.0,"timestamp":1607799659,"path_taken":["M","M","?","?","?","E","R","E","T","?","$","R","?","?","R","BOSS","M","?","M"],"items_purchased_type":["Card","Relic","Relic","Card"],"build_version":"2020-11-30","purchased_purges":1,"victory":false,"max_hp_per_floor":[80,80,80,80,80,80,80,80,80,80,80,80,80,80,80,80,80,80,80,80,80],"card_choices":[{"not_picked":["Body Slam","Replay:Undeath\u0027s Touch"],"picked":"Headbutt","floor":1.0},{"not_picked":["Murderer","UniverseFragment"],"picked":"FairyFestival","floor":2.0},{"not_picked":["Burning Pact","ReplayTheSpireMod:Strike From Hell"],"picked":"Heavy Blade","floor":2.0},{"not_picked":["Murderer","Porccubus"],"picked":"BigBadWolf","floor":4.0},{"not_picked":["Run Through","Combust"],"picked":"Spot Weakness","floor":4.0},{"not_picked":["Warcry","Second Wind","Reckless Charge"],"picked":"SKIP","floor":6.0},{"not_picked":["UniverseFragment","WallGazer"],"picked":"QueenOfHatred","floor":8.0},{"not_picked":["Body Slam","Clash"],"picked":"Anger","floor":8.0},{"not_picked":["Uppercut","Heavy Blade"],"picked":"Headbutt","floor":14.0},{"not_picked":["Barricade","Juggernaut"],"picked":"Demon Form","floor":16},{"not_picked":["True Grit","Combust"],"picked":"Rage","floor":18}],"player_experience":42517,"relics_obtained":[{"floor":1.0,"key":"LetterFromLob"},{"floor":6.0,"key":"Paper Frog"},{"floor":8.0,"key":"Incense Burner"},{"floor":19,"key":"Meat on the Bone"}],"event_choices":[{"damage_healed":0.0,"max_hp_gain":0.0,"max_hp_loss":0.0,"gold_gain":100.0,"event_name":"Golden Shrine","player_choice":"Pray","floor":3.0,"gold_loss":0.0,"damage_taken":0.0},{"damage_healed":20.0,"max_hp_gain":0.0,"max_hp_loss":0.0,"gold_gain":0.0,"event_name":"The Cleric","player_choice":"Healed","floor":10.0,"gold_loss":35.0,"damage_taken":0.0},{"damage_healed":0.0,"max_hp_gain":0.0,"max_hp_loss":0.0,"gold_gain":79.0,"event_name":"Golden Wing","player_choice":"Gained Gold","floor":13.0,"gold_loss":0.0,"damage_taken":0.0},{"damage_healed":0.0,"max_hp_gain":0.0,"max_hp_loss":0.0,"gold_gain":0.0,"event_name":"Lab","player_choice":"Got Potions","floor":15.0,"gold_loss":0.0,"damage_taken":0.0}],"is_beta":false,"boss_relics":[{"not_picked":["Black Star","Ectoplasm"],"picked":"Black Blood"}],"items_purged_floors":[11],"is_endless":false,"potions_floor_spawned":[1,14,18],"ascension_level":0}}