{"host":"txhhdwa0hqfs4jhb","time":1607772059,"event":{"mods":["AchievementEnabler","BaseMod","Better Third Choice","Filter the Spire","Minty Spire (QoL Compilation)","Relic Stats","StSLib","Thieving Mod"],"gold_per_floor":[113,113,38,56,70,100,100,134,134,134,134,146,111,126,126,229,229,244,15,26,45,45,45,80,0,25,56,56,68,85,32,32,128,128,143,162,162,62,62,62,389,389,389,35,35,57,84,84,84,84],"floor_reached":51,"playtime":2116,"items_purged":["Dualcast","Defend_B"],"score":1575,"play_id":"fe200f7a-1dfa-4661-9f64-52d537e3ae73","local_time":"20201212112059","is_ascension_mode":true,"campfire_choices":[{"data":"Buffer","floor":11.0,"key":"SMITH"},{"data":"Thunder Strike","floor":15.0,"key":"SMITH"},{"data":"Sunder","floor":23.0,"key":"SMITH"},{"data":"Echo Form","floor":32.0,"key":"SMITH"},{"data":"Electrodynamics","floor":40.0,"key":"SMITH"},{"data":"Echo Form","floor":42.0,"key":"SMITH"},{"floor":49,"key":"REST"}],"circlet_count":0,"master_deck":["AscendersBane","Strike_B","Strike_B","Defend_B","Defend_B","Defend_B","Zap","Buffer+1","Vault","White Noise","Thunder Strike+1","Thunder Strike+1","Sunder+1","Ghostly","Ghostly","Ghostly","Ghostly","All For One","Apotheosis","Echo Form+1","Echo Form+1","Ball Lightning","Electrodynamics+1","CurseOfTheBell","Doom and Gloom+1","Skim+1","Sunder","Loop","Fusion","Writhe","Injury","Doubt"],"relics":["Snecko Eye","Incense Burner","TungstenRod","Akabeko","FossilizedHelix","Mummified Hand","Empty Cage","Bird Faced Urn","Strange Spoon","Orichalcum","Runic Capacitor","Whetstone","Anchor","Bag of Preparation","Lantern","DollysMirror","Calling Bell","Vajra","Pantograph","Mango","Old Coin","Letter Opener","Sling","CeramicFish","Dead Branch"],"acts_visited":["Exordium","TheCity","TheBeyond"],"potions_floor_usage":[50,50],"damage_taken":[{"damage":1.0,"enemies":"2 Louse","floor":1.0,"turns":4.0},{"damage":0.0,"enemies":"Cultist","floor":4.0,"turns":5.0},{"damage":0.0,"enemies":"Jaw Worm","floor":5.0,"turns":4.0},{"damage":25.0,"enemies":"Gremlin Nob","floor":6.0,"turns":5.0},{"damage":0.0,"enemies":"Lagavulin","floor":8.0,"turns":6.0},{"damage":0.0,"enemies":"3 Louse","floor":12.0,"turns":3.0},{"damage":0.0,"enemies":"Large Slime","floor":14.0,"turns":6.0},{"damage":38.0,"enemies":"Hexaghost","floor":16.0,"turns":10.0},{"damage":8.0,"enemies":"Chosen","floor":18.0,"turns":6.0},{"damage":0.0,"enemies":"Shell Parasite","floor":20.0,"turns":4.0},{"damage":0.0,"enemies":"Centurion and Healer","floor":21.0,"turns":9.0},{"damage":0.0,"enemies":"Slavers","floor":24.0,"turns":7.0},{"damage":0.0,"enemies":"Gremlin Leader","floor":27.0,"turns":8.0},{"damage":0.0,"enemies":"Sentry and Sphere","floor":29.0,"turns":3.0},{"damage":0.0,"enemies":"Cultist and Chosen","floor":30.0,"turns":6.0},{"damage":0.0,"enemies":"Champ","floor":33.0,"turns":7.0},{"damage":0.0,"enemies":"3 Shapes","floor":35.0,"turns":3.0},{"damage":0.0,"enemies":"3 Darklings","floor":36.0,"turns":4.0},{"damage":0.0,"enemies":"Reptomancer","floor":41.0,"turns":6.0},{"damage":0.0,"enemies":"Spire Growth","floor":46.0,"turns":3.0},{"damage":0,"enemies":"Awakened One","floor":50,"turns":8}],"seed_played":"1545402418986459920","potions_obtained":[{"floor":2.0,"key":"PowerPotion"},{"floor":2.0,"key":"Fire Potion"},{"floor":14.0,"key":"CultistPotion"},{"floor":16.0,"key":"SmokeBomb"},{"floor":20.0,"key":"CultistPotion"},{"floor":33.0,"key":"Fruit Juice"},{"floor":36.0,"key":"Regen Potion"}],"is_trial":false,"path_per_floor":["M","?","$","M","M","E","?","E","T","?","R","M","?","M","R","B",null,"M","$","M","M","?","R","E","$","T","E","$","M","M","$","R","B",null,"M","M","?","$","?","R","E","R","T","$","?","M","$","?","R","B",null],"character_chosen":"DEFECT","items_purchased":["Sunder","Strange Spoon","Doom and Gloom","Ball Lightning","Sunder","Sling","CultistPotion","Loop"],"campfire_rested":1,"item_purchase_floors":[19,19,25,31,44,44,44,44],"current_hp_per_floor":[67,67,67,67,67,42,30,30,30,35,35,35,55,55,55,17,64,56,56,60,64,40,40,40,40,40,40,40,40,40,40,40,40,54,54,59,59,59,56,56,56,56,56,56,56,56,37,37,53,56],"gold":84,"neow_bonus":"BOSS_RELIC","is_daily":false,"chose_seed":false,"campfire_upgraded":6,"win_rate":0.0,"timestamp":1607772059,"path_taken":["M","?","$","M","?","E","?","E","T","?","R","M","?","?","R","BOSS","M","?","M","M","?","R","E","$","T","E","$","M","M","$","R","BOSS","M","M","?","$","?","R","E","R","T","$","?","?","$","?","R","BOSS"],"items_purchased_type":["Card","Relic","Card","Card","Card","Relic","Potion","Card"],"build_version":"2020-11-30","purchased_purges":2,"victory":true,"max_hp_per_floor":[75,75,75,75,75,75,75,75,75,80,80,80,80,80,80,80,80,80,80,80,80,40,40,40,40,40,40,40,40,40,40,40,40,54,54,59,59,59,56,56,56,56,56,56,56,56,56,56,56,56],"relic_stats":{"counters":[21,117],"CeramicFish":36,"Dead Branch":[8],"Bag of Preparation":[16],"Whetstone":["Thunder Strike","Doom and Gloom"],"Letter Opener":[50],"Orichalcum":[114],"Strange Spoon":[47],"Mummified Hand":[119],"Bird Faced Urn":[8],"Pantograph":3,"Snecko Eye":[211,186,193,212],"obtain_stats":[{"Lantern":28,"CeramicFish":45,"Vajra":34,"Mango":34,"Incense Burner":3,"Runic Capacitor":25,"Bag of Preparation":28,"Whetstone":26,"Empty Cage":17,"Sling":44,"Old Coin":41,"Mummified Hand":9,"DollysMirror":31,"Pantograph":34,"Cracked Core":0,"Dead Branch":47,"Letter Opener":43,"Orichalcum":24,"Akabeko":7,"Calling Bell":34,"Strange Spoon":19,"Anchor":27,"Bird Faced Urn":19,"Snecko Eye":0,"TungstenRod":6,"FossilizedHelix":8},{"Lantern":13,"CeramicFish":19,"Vajra":16,"Mango":16,"Incense Burner":1,"Runic Capacitor":12,"Bag of Preparation":13,"Whetstone":12,"Empty Cage":8,"Sling":19,"Old Coin":19,"Mummified Hand":5,"DollysMirror":15,"Pantograph":16,"Cracked Core":0,"Dead Branch":20,"Letter Opener":19,"Orichalcum":12,"Akabeko":4,"Calling Bell":16,"Strange Spoon":9,"Anchor":13,"Bird Faced Urn":9,"Snecko Eye":0,"TungstenRod":4,"FossilizedHelix":5},{"Lantern":77,"CeramicFish":106,"Vajra":93,"Mango":93,"Incense Burner":4,"Runic Capacitor":69,"Bag of Preparation":77,"Whetstone":69,"Empty Cage":43,"Sling":106,"Old Coin":106,"Mummified Hand":24,"DollysMirror":86,"Pantograph":93,"Cracked Core":0,"Dead Branch":109,"Letter Opener":106,"Orichalcum":69,"Akabeko":18,"Calling Bell":93,"Strange Spoon":49,"Anchor":77,"Bird Faced Urn":49,"Snecko Eye":0,"TungstenRod":18,"FossilizedHelix":24}],"TungstenRod":17},"card_choices":[{"not_picked":["Stack","Gash","Compile Driver"],"picked":"SKIP","floor":1.0},{"not_picked":["Stack","Beam Cell","Rebound"],"picked":"SKIP","floor":4.0},{"not_picked":["Coolheaded","Barrage","Hologram"],"picked":"SKIP","floor":5.0},{"not_picked":["Steam","Hologram"],"picked":"Buffer","floor":6.0},{"not_picked":["Conserve Battery","Stack","Compile Driver"],"picked":"SKIP","floor":8.0},{"not_picked":["Static Discharge","Leap"],"picked":"White Noise","floor":12.0},{"not_picked":["Undo","Lockon"],"picked":"Thunder Strike","floor":14.0},{"not_picked":["All For One","Fission"],"picked":"Thunder Strike","floor":16.0},{"not_picked":["Redo","Compile Driver+1","Chill"],"picked":"SKIP","floor":18.0},{"not_picked":["Hello World+1","Stack","Beam Cell"],"picked":"SKIP","floor":20.0},{"not_picked":["Turbo","Gash+1","Compile Driver"],"picked":"SKIP","floor":21.0},{"not_picked":["Hologram","Beam Cell"],"picked":"All For One","floor":24.0},{"not_picked":["Steam Power+1","Storm","FTL"],"picked":"SKIP","floor":27.0},{"not_picked":["Force Field","Beam Cell+1","Stack+1"],"picked":"SKIP","floor":29.0},{"not_picked":["Gash","Rip and Tear","Turbo"],"picked":"SKIP","floor":30.0},{"not_picked":["Multi-Cast","Reboot"],"picked":"Electrodynamics","floor":33.0},{"not_picked":["Leap+1","Rebound+1"],"picked":"Doom and Gloom+1","floor":35.0},{"not_picked":["Beam Cell+1","Coolheaded+1"],"picked":"Skim+1","floor":36.0},{"not_picked":["Rebound+1","Reprogram","Beam Cell+1"],"picked":"SKIP","floor":41.0},{"not_picked":["Compile Driver+1","Hologram+1"],"picked":"Fusion","floor":46.0}],"player_experience":155379,"relics_obtained":[{"floor":6.0,"key":"TungstenRod"},{"floor":8.0,"key":"FossilizedHelix"},{"floor":9.0,"key":"Mummified Hand"},{"floor":24.0,"key":"Orichalcum"},{"floor":26.0,"key":"Whetstone"},{"floor":27.0,"key":"Anchor"},{"floor":34.0,"key":"Vajra"},{"floor":34.0,"key":"Pantograph"},{"floor":34.0,"key":"Mango"},{"floor":41.0,"key":"Old Coin"},{"floor":43.0,"key":"Letter Opener"}],"event_choices":[{"damage_healed":0.0,"max_hp_gain":0.0,"max_hp_loss":0.0,"gold_gain":0.0,"event_name":"Lab","player_choice":"Got Potions","floor":2.0,"gold_loss":0.0,"damage_taken":0.0},{"damage_healed":0.0,"max_hp_gain":5.0,"max_hp_loss":0.0,"gold_gain":0.0,"event_name":"Big Fish","player_choice":"Donut","floor":10.0,"gold_loss":0.0,"damage_taken":0.0},{"damage_healed":20.0,"max_hp_gain":0.0,"max_hp_loss":0.0,"gold_gain":0.0,"event_name":"The Cleric","player_choice":"Healed","floor":13.0,"gold_loss":35.0,"damage_taken":0.0},{"damage_healed":0.0,"max_hp_gain":0.0,"max_hp_loss":40.0,"gold_gain":0.0,"event_name":"Ghosts","player_choice":"Became a Ghost","floor":22.0,"gold_loss":0.0,"damage_taken":0.0,"cards_obtained":["Ghostly","Ghostly","Ghostly","Ghostly","Ghostly"]},{"cards_removed":["Doom and Gloom"],"damage_healed":0.0,"max_hp_gain":0.0,"max_hp_loss":0.0,"gold_gain":0.0,"event_name":"Falling","player_choice":"Removed Attack","floor":37.0,"gold_loss":0.0,"damage_taken":0.0},{"damage_healed":0.0,"max_hp_gain":0.0,"max_hp_loss":3.0,"gold_gain":0.0,"event_name":"Winding Halls","player_choice":"Max HP","floor":39.0,"gold_loss":0.0,"damage_taken":0.0},{"cards_removed":["Ghostly"],"damage_healed":0.0,"max_hp_gain":0.0,"max_hp_loss":0.0,"gold_gain":0.0,"event_name":"WeMeetAgain","player_choice":"Gave Card","floor":45.0,"gold_loss":0.0,"damage_taken":0.0,"relics_obtained":["CeramicFish"]},{"damage_healed":0,"gold_gain":0,"player_choice":"Memory 1","damage_taken":0,"max_hp_gain":0,"max_hp_loss":0,"event_name":"SensoryStone","floor":48,"gold_loss":0}],"is_beta":false,"boss_relics":[{"not_picked":["Runic Dome","Busted Crown"],"picked":"Empty Cage"},{"not_picked":["Black Star","Runic Pyramid"],"picked":"Calling Bell"}],"items_purged_floors":[3,38],"is_endless":false,"potions_floor_spawned":[4,14,16,20,21,24,33,36,41],"ascension_level":11}}