{"host":"j4g6ia6asvpyu2b0","time":1607779595,"event":{"mods":["BaseMod","Colored Map","Minty Spire (QoL Compilation)","Permanent Neow","Quick Restart","Relic Stats","StSLib","Unceasing Turn Reminder"],"gold_per_floor":[116,116,135,135,155,155,184,184,184,184,202,233,250,285,285,385,385,405,330,330,245,124,124,157,173,173,173,187,207,241,254,254,350,350,367,212,232,85,12,47,59,100,137,184,196,208,220,251,263,275,287,299,32,61,61,61],"floor_reached":55,"playtime":1455,"items_purged":["Defend_R"],"score":1033,"play_id":"c32156c4-29df-4276-b791-d044ccb6a039","local_time":"20201212062635","is_ascension_mode":true,"campfire_choices":[{"data":"Perfected Strike","floor":6.0,"key":"SMITH"},{"data":"Bash","floor":8.0,"key":"SMITH"},{"data":"Perfected Strike","floor":10.0,"key":"SMITH"},{"data":"Armaments","floor":15.0,"key":"SMITH"},{"floor":27,"key":"RECALL"},{"floor":32,"key":"REST"},{"floor":41,"key":"REST"},{"floor":49,"key":"REST"},{"floor":52,"key":"REST"}],"circlet_count":0,"master_deck":["Strike_R","Strike_R","Strike_R","Strike_R","Strike_R","Defend_R","Defend_R","Bash+1","Perfected Strike+1","Swift Strike","Perfected Strike+1","Hemokinesis","Iron Wave","Reaper","Cleave","Armaments+1","Inflame+1","Demon Form+1","Feel No Pain+1","Whirlwind","Metallicize+1","Shrug It Off","Shrug It Off+1","Evolve+1","Pommel Strike+1","Whirlwind+1","Spot Weakness+1","Sentinel+1","Corruption+1","Sword Boomerang","Dark Embrace+1","Perfected Strike","Fiend Fire","Pummel+1","Discovery","Panacea","Panache+1","Warcry+1","Dark Embrace+1","Pummel","Dual Wield","Evolve+1"],"relics":["Burning Blood","Ice Cream","Meat on the Bone","Bag of Marbles","Blue Candle","Frozen Egg 2","Fusion Hammer","Shuriken","MutagenicStrength","Tiny Chest","Paper Frog","Pear","Mark of Pain","PreservedInsect","Membership Card","ClockworkSouvenir","MawBank","Oddly Smooth Stone","Ornamental Fan","Nunchaku","Medical Kit","Strawberry","Kunai"],"acts_visited":["Exordium","TheCity","TheBeyond","TheEnding"],"potions_floor_usage":[24,28,55,55,55,55,55,55],"damage_taken":[{"damage":9.0,"enemies":"Jaw Worm","floor":1.0,"turns":4.0},{"damage":0.0,"enemies":"Cultist","floor":3.0,"turns":2.0},{"damage":0.0,"enemies":"2 Louse","floor":5.0,"turns":2.0},{"damage":10.0,"enemies":"Lagavulin","floor":7.0,"turns":5.0},{"damage":8.0,"enemies":"Exordium Wildlife","floor":11.0,"turns":3.0},{"damage":22.0,"enemies":"3 Sentries","floor":12.0,"turns":6.0},{"damage":3.0,"enemies":"Blue Slaver","floor":13.0,"turns":2.0},{"damage":18.0,"enemies":"Gremlin Nob","floor":14.0,"turns":3.0},{"damage":36.0,"enemies":"Hexaghost","floor":16.0,"turns":7.0},{"damage":15.0,"enemies":"Shell Parasite","floor":18.0,"turns":4.0},{"damage":46,"enemies":"Book of Stabbing","floor":24,"turns":5},{"damage":13,"enemies":"3 Byrds","floor":25,"turns":4},{"damage":3,"enemies":"Snake Plant","floor":28,"turns":3},{"damage":2,"enemies":"Centurion and Healer","floor":29,"turns":3},{"damage":0,"enemies":"Gremlin Leader","floor":30,"turns":3},{"damage":0,"enemies":"Shelled Parasite and Fungi","floor":31,"turns":1},{"damage":49,"enemies":"Collector","floor":33,"turns":9},{"damage":0,"enemies":"Orb Walker","floor":35,"turns":1},{"damage":20,"enemies":"3 Shapes","floor":37,"turns":5},{"damage":6,"enemies":"Giant Head","floor":40,"turns":5},{"damage":38,"enemies":"Reptomancer","floor":42,"turns":6},{"damage":52,"enemies":"Nemesis","floor":44,"turns":5},{"damage":9,"enemies":"Jaw Worm Horde","floor":48,"turns":4},{"damage":44,"enemies":"Time Eater","floor":50,"turns":6},{"damage":82,"enemies":"Shield and Spear","floor":54,"turns":6},{"damage":63,"enemies":"The Heart","floor":55,"turns":5}],"seed_played":"739911676868703423","potions_obtained":[{"floor":7.0,"key":"SkillPotion"},{"floor":11.0,"key":"EntropicBrew"},{"floor":12.0,"key":"BlessingOfTheForge"},{"floor":13.0,"key":"LiquidMemories"},{"floor":16.0,"key":"Strength Potion"},{"floor":24,"key":"SpeedPotion"},{"floor":28,"key":"BlessingOfTheForge"},{"floor":29,"key":"PowerPotion"},{"floor":31,"key":"SteroidPotion"},{"floor":37,"key":"CultistPotion"}],"is_trial":false,"path_per_floor":["M","?","M","$","M","R","E","R","T","R","M","E","M","E","R","B",null,"M","?","?","?","$","?","E","M","T","R","M","M","E","M","R","B",null,"M","$","M","$","$","E","R","E","T","E","?","T","?","M","R","B",null,"R","$","E","B"],"character_chosen":"IRONCLAD","items_purchased":["Metallicize+1","Shrug It Off","PreservedInsect","Membership Card","ClockworkSouvenir","Medical Kit","Dark Embrace+1","Pummel","Dual Wield","Strawberry"],"campfire_rested":4,"item_purchase_floors":[22,22,36,38,39,53,53,53,53,53],"current_hp_per_floor":[53,53,59,59,65,65,61,61,61,61,59,47,50,54,54,36,69,79,79,79,79,79,79,51,55,55,55,58,62,78,84,90,90,90,90,90,86,86,86,86,90,79,79,45,35,35,35,46,73,59,82,90,97,62,0,0],"gold":61,"neow_bonus":"ONE_RARE_RELIC","is_daily":false,"chose_seed":false,"campfire_upgraded":4,"win_rate":0.0,"timestamp":1607779595,"path_taken":["M","?","?","$","?","R","E","R","T","R","M","E","M","E","R","BOSS","M","?","?","?","$","?","E","M","T","R","?","M","E","M","R","BOSS","M","$","M","?","$","E","R","E","T","E","?","?","?","M","R","BOSS","R","$","E","BOSS"],"items_purchased_type":["Card","Card","Relic","Relic","Relic","Relic","Card","Card","Card","Relic"],"build_version":"2020-11-30","purchased_purges":1,"victory":false,"max_hp_per_floor":[80,80,80,80,80,80,80,80,80,80,80,80,80,80,80,80,80,80,80,80,80,80,80,80,80,80,80,80,80,90,90,90,90,90,90,90,90,90,90,90,90,90,90,90,90,90,90,90,90,90,90,90,97,97,97,97],"relic_stats":{"counters":[26,109],"Blue Candle":[0],"PreservedInsect":299,"MawBank":156,"Medical Kit":[2],"Burning Blood":138,"Nunchaku":[4],"Shuriken":[18],"Ornamental Fan":[20],"Tiny Chest":1,"Kunai":[1],"obtain_stats":[{"Ice Cream":0,"Pear":30,"Blue Candle":12,"Oddly Smooth Stone":42,"PreservedInsect":36,"Frozen Egg 2":14,"MawBank":40,"Medical Kit":53,"Burning Blood":0,"ClockworkSouvenir":39,"Nunchaku":46,"Shuriken":21,"Ornamental Fan":44,"MutagenicStrength":23,"Strawberry":53,"Tiny Chest":24,"Fusion Hammer":17,"Mark of Pain":34,"Bag of Marbles":9,"Membership Card":38,"Kunai":54,"Meat on the Bone":7,"Paper Frog":26},{"Ice Cream":0,"Pear":15,"Blue Candle":6,"Oddly Smooth Stone":21,"PreservedInsect":18,"Frozen Egg 2":8,"MawBank":20,"Medical Kit":24,"Burning Blood":0,"ClockworkSouvenir":19,"Nunchaku":22,"Shuriken":10,"Ornamental Fan":22,"MutagenicStrength":10,"Strawberry":24,"Tiny Chest":11,"Fusion Hammer":9,"Mark of Pain":17,"Bag of Marbles":4,"Membership Card":19,"Kunai":25,"Meat on the Bone":4,"Paper Frog":12},{"Ice Cream":0,"Pear":56,"Blue Candle":22,"Oddly Smooth Stone":83,"PreservedInsect":67,"Frozen Egg 2":27,"MawBank":77,"Medical Kit":98,"Burning Blood":0,"ClockworkSouvenir":72,"Nunchaku":88,"Shuriken":38,"Ornamental Fan":88,"MutagenicStrength":38,"Strawberry":98,"Tiny Chest":43,"Fusion Hammer":34,"Mark of Pain":66,"Bag of Marbles":13,"Membership Card":72,"Kunai":104,"Meat on the Bone":13,"Paper Frog":47}],"Meat on the Bone":72},"card_choices":[{"not_picked":["Warcry","Searing Blow"],"picked":"Perfected Strike","floor":1.0},{"not_picked":["Headbutt","Ghostly Armor"],"picked":"Perfected Strike","floor":3.0},{"not_picked":["Headbutt","Bloodletting"],"picked":"Hemokinesis","floor":5.0},{"not_picked":["True Grit","Body Slam"],"picked":"Iron Wave","floor":7.0},{"not_picked":["Sever Soul","Dark Embrace"],"picked":"Reaper","floor":11.0},{"not_picked":["Seeing Red","Feel No Pain"],"picked":"Cleave","floor":12.0},{"not_picked":["Havoc","Evolve"],"picked":"Armaments","floor":13.0},{"not_picked":["True Grit","Evolve+1"],"picked":"Inflame+1","floor":14.0},{"not_picked":["Limit Break","Offering"],"picked":"Demon Form+1","floor":16.0},{"not_picked":["Fire Breathing+1","Havoc"],"picked":"Feel No Pain+1","floor":18.0},{"not_picked":["Body Slam+1","Clothesline"],"picked":"Shrug It Off+1","floor":24},{"not_picked":["Dual Wield","Ghostly Armor"],"picked":"Evolve+1","floor":25},{"not_picked":["Rupture+1","Sword Boomerang+1"],"picked":"Pommel Strike+1","floor":28},{"not_picked":["Cleave","Bludgeon"],"picked":"Whirlwind+1","floor":29},{"not_picked":["Headbutt+1","Clothesline"],"picked":"Spot Weakness+1","floor":30},{"not_picked":["Second Wind","Clash+1"],"picked":"Sentinel+1","floor":31},{"not_picked":["Barricade+1","Limit Break"],"picked":"Corruption+1","floor":33},{"not_picked":["Power Through+1","Rampage+1"],"picked":"Sword Boomerang","floor":35},{"not_picked":["Uppercut","Shrug It Off"],"picked":"Dark Embrace+1","floor":37},{"not_picked":["Warcry","Dropkick"],"picked":"Perfected Strike","floor":40},{"not_picked":["Cleave+1","Blood for Blood"],"picked":"Fiend Fire","floor":42},{"not_picked":["Feel No Pain+1","Anger+1"],"picked":"Pummel+1","floor":44},{"not_picked":["Sadistic Nature+1","Deep Breath"],"picked":"Discovery","floor":45},{"not_picked":["Blind","Finesse"],"picked":"Panacea","floor":45},{"not_picked":["Secret Technique","Discovery"],"picked":"Panache+1","floor":45},{"not_picked":["True Grit","Wild Strike+1"],"picked":"Warcry+1","floor":48},{"not_picked":["Body Slam+1","Combust+1"],"picked":"Evolve+1","floor":54}],"player_experience":615058,"relics_obtained":[{"floor":7.0,"key":"Meat on the Bone"},{"floor":9.0,"key":"Bag of Marbles"},{"floor":12.0,"key":"Blue Candle"},{"floor":14.0,"key":"Frozen Egg 2"},{"floor":24,"key":"Tiny Chest"},{"floor":26,"key":"Paper Frog"},{"floor":30,"key":"Pear"},{"floor":40,"key":"MawBank"},{"floor":42,"key":"Oddly Smooth Stone"},{"floor":44,"key":"Ornamental Fan"},{"floor":46,"key":"Nunchaku"},{"floor":54,"key":"Kunai"}],"event_choices":[{"damage_healed":0.0,"max_hp_gain":0.0,"max_hp_loss":0.0,"gold_gain":0.0,"event_name":"Match and Keep!","player_choice":"1 cards matched","floor":2.0,"gold_loss":0.0,"damage_taken":0.0,"cards_obtained":["Swift Strike"]},{"cards_removed":["Defend_R"],"damage_healed":0.0,"max_hp_gain":0.0,"max_hp_loss":0.0,"gold_gain":0.0,"event_name":"Beggar","player_choice":"Gave Gold","floor":19.0,"gold_loss":75.0,"damage_taken":0.0},{"damage_healed":0.0,"max_hp_gain":0.0,"max_hp_loss":0.0,"gold_gain":0.0,"event_name":"The Library","player_choice":"Read","floor":20.0,"gold_loss":0.0,"damage_taken":0.0,"cards_obtained":["Whirlwind"]},{"damage_healed":0.0,"max_hp_gain":0.0,"max_hp_loss":0.0,"gold_gain":0.0,"event_name":"Addict","player_choice":"Obtained Relic","floor":21.0,"gold_loss":85.0,"damage_taken":0.0,"relics_obtained":["Shuriken"]},{"damage_healed":0.0,"max_hp_gain":0.0,"max_hp_loss":0.0,"gold_gain":0.0,"event_name":"Drug Dealer","player_choice":"Inject Mutagens","floor":23.0,"gold_loss":0.0,"damage_taken":0.0,"relics_obtained":["MutagenicStrength"]},{"damage_healed":0,"gold_gain":0,"player_choice":"Memory 3","damage_taken":10,"max_hp_gain":0,"max_hp_loss":0,"event_name":"SensoryStone","floor":45,"gold_loss":0},{"damage_healed":0,"gold_gain":0,"player_choice":"Ignored","damage_taken":0,"max_hp_gain":0,"max_hp_loss":0,"event_name":"Tomb of Lord Red Mask","floor":47,"gold_loss":0}],"is_beta":false,"boss_relics":[{"not_picked":["Black Blood","Tiny House"],"picked":"Fusion Hammer"},{"not_picked":["SacredBark","Velvet Choker"],"picked":"Mark of Pain"}],"items_purged_floors":[53],"is_endless":false,"potions_floor_spawned":[7,11,12,13,16,24,28,29,30,31,35,37,40,42],"killed_by":"The Heart","ascension_level":5}}