{"host":"6fbjdsiu9jij34p7","time":1607783913,"event":{"mods":["2.2 Compatiblity","AchievementEnabler","BaseMod","Colored Map","DeckTracker","Highlight Path","Keyboard Shortcuts","Minty Spire (QoL Compilation)","Permanent Neow","Quick Restart","StSLib","SuperFastMode"],"gold_per_floor":[110,13,23,23,23,23,52,52,79,90,122,139,139,139,139,213,213,226,239,239,239,251,251,285,265,289,289,301,301,317,330,330,409,409,420,420,78,78,89,89,89,89,115,141,155,155,155,173,173,173,173],"floor_reached":50,"playtime":1464,"items_purged":["Strike_B"],"score":842,"play_id":"11b767c4-b99e-4bde-9e81-46c97760c19a","local_time":"20201212233833","is_ascension_mode":true,"campfire_choices":[{"data":"Dualcast","floor":6.0,"key":"SMITH"},{"data":"Capacitor","floor":8.0,"key":"SMITH"},{"data":"Redo","floor":13.0,"key":"SMITH"},{"data":"Zap","floor":15.0,"key":"SMITH"},{"floor":23,"key":"REST"},{"floor":27,"key":"REST"},{"data":"Echo Form","floor":29,"key":"SMITH"},{"data":"Glacier","floor":32,"key":"SMITH"},{"floor":40,"key":"REST"},{"data":"Hologram","floor":42,"key":"SMITH"},{"floor":46,"key":"REST"},{"floor":49,"key":"REST"}],"circlet_count":0,"master_deck":["AscendersBane","Strike_B","Strike_B","Defend_B+1","Defend_B","Defend_B","Defend_B+1","Zap+1","Dualcast+1","Cold Snap","Defragment+1","Cold Snap","Self Repair","Capacitor+1","Redo+1","Compile Driver","Echo Form+1","Cold Snap","Glacier+1","Loop+1","Chill","Hologram+1","Madness","Madness","Writhe","Parasite","Barrage","Injury","Barrage"],"relics":["Cracked Core","PreservedInsect","MealTicket","Vajra","Cables","Mummified Hand","Inserter","White Beast Statue","Happy Flower","Cursed Key","War Paint","Juzu Bracelet","Smiling Mask"],"acts_visited":["Exordium","TheCity","TheBeyond"],"potions_floor_usage":[24,30,33,33,39,39,50,50],"damage_taken":[{"damage":1.0,"enemies":"2 Louse","floor":1.0,"turns":2.0},{"damage":0.0,"enemies":"Cultist","floor":3.0,"turns":3.0},{"damage":14.0,"enemies":"Lagavulin","floor":7.0,"turns":6.0},{"damage":7.0,"enemies":"Jaw Worm","floor":10.0,"turns":2.0},{"damage":2.0,"enemies":"Gremlin Nob","floor":11.0,"turns":3.0},{"damage":0.0,"enemies":"3 Louse","floor":12.0,"turns":4.0},{"damage":22.0,"enemies":"The Guardian","floor":16.0,"turns":9.0},{"damage":31.0,"enemies":"Chosen","floor":18.0,"turns":5.0},{"damage":34.0,"enemies":"2 Thieves","floor":19.0,"turns":3.0},{"damage":10,"enemies":"Chosen and Byrds","floor":22,"turns":8},{"damage":12,"enemies":"Book of Stabbing","floor":24,"turns":6},{"damage":12,"enemies":"Sentry and Sphere","floor":28,"turns":6},{"damage":22,"enemies":"Shelled Parasite and Fungi","floor":30,"turns":7},{"damage":0,"enemies":"Snecko","floor":31,"turns":5},{"damage":5,"enemies":"Champ","floor":33,"turns":15},{"damage":0,"enemies":"Orb Walker","floor":35,"turns":4},{"damage":30,"enemies":"3 Darklings","floor":39,"turns":9},{"damage":18,"enemies":"Writhing Mass","floor":45,"turns":8},{"damage":55,"enemies":"Transient","floor":48,"turns":5},{"damage":58,"enemies":"Awakened One","floor":50,"turns":3}],"seed_played":"3574122783670121708","potions_obtained":[{"floor":7.0,"key":"LiquidMemories"},{"floor":10.0,"key":"DuplicationPotion"},{"floor":11.0,"key":"ColorlessPotion"},{"floor":18.0,"key":"BlessingOfTheForge"},{"floor":22,"key":"DuplicationPotion"},{"floor":25,"key":"Ancient Potion"},{"floor":28,"key":"AttackPotion"},{"floor":30,"key":"Fruit Juice"},{"floor":33,"key":"EssenceOfDarkness"},{"floor":35,"key":"AttackPotion"},{"floor":39,"key":"Block Potion"},{"floor":45,"key":"AttackPotion"}],"is_trial":false,"path_per_floor":["M","$","M","$","?","R","E","R","T","M","E","M","R","T","R","B",null,"M","M","?","?","M","R","E","?","T","R","M","R","M","M","R","B",null,"M","?","$","?","M","R","?","R","T","T","M","R","?","M","R","B"],"character_chosen":"DEFECT","items_purchased":["Defragment","Cold Snap","Chill","Hologram","War Paint"],"campfire_rested":5,"item_purchase_floors":[2,2,37,37,37],"current_hp_per_floor":[63,63,63,63,63,63,56,56,56,56,61,68,68,68,68,53,67,50,23,37,37,34,55,50,50,50,71,66,66,51,65,65,72,75,76,76,76,76,53,75,61,61,61,61,57,76,76,28,50,0,0],"gold":173,"neow_bonus":"RANDOM_COMMON_RELIC","is_daily":false,"chose_seed":false,"campfire_upgraded":7,"win_rate":0.0,"timestamp":1607783913,"path_taken":["M","$","M","$","?","R","E","R","T","M","E","?","R","?","R","BOSS","M","M","?","?","M","R","E","?","T","R","M","R","?","M","R","BOSS","M","?","$","?","M","R","?","R","T","?","M","R","?","M","R","BOSS"],"items_purchased_type":["Card","Card","Card","Card","Relic"],"build_version":"2020-11-30","purchased_purges":1,"victory":false,"max_hp_per_floor":[71,71,71,71,71,71,71,71,71,71,71,71,71,71,71,71,71,71,71,71,71,71,71,71,71,71,71,71,71,71,71,71,76,76,76,76,76,76,76,76,76,76,76,76,76,76,76,76,76,76,76],"card_choices":[{"not_picked":["Rebound","Leap"],"picked":"Cold Snap","floor":1.0},{"not_picked":["Go for the Eyes","Gash"],"picked":"Self Repair","floor":3.0},{"not_picked":["Sweeping Beam","Hyperbeam"],"picked":"Capacitor","floor":7.0},{"not_picked":["Streamline","FTL"],"picked":"Redo","floor":10.0},{"not_picked":["Gash","Leap","Electrodynamics"],"picked":"SKIP","floor":11.0},{"not_picked":["Double Energy","Darkness"],"picked":"Compile Driver","floor":12.0},{"not_picked":["Electrodynamics","Buffer"],"picked":"Echo Form","floor":16.0},{"not_picked":["Leap","White Noise","Tempest+1"],"picked":"SKIP","floor":18.0},{"not_picked":["Fusion","Sweeping Beam"],"picked":"Cold Snap","floor":19.0},{"not_picked":["Compile Driver","Static Discharge","Cold Snap"],"picked":"SKIP","floor":22},{"not_picked":["Sunder+1","Blizzard"],"picked":"Glacier","floor":24},{"not_picked":["Turbo","Streamline","Redo"],"picked":"SKIP","floor":28},{"not_picked":["Compile Driver","Double Energy"],"picked":"Loop+1","floor":30},{"not_picked":["Compile Driver","Rebound","Cold Snap"],"picked":"SKIP","floor":31},{"not_picked":["Conserve Battery","Turbo","Sweeping Beam"],"picked":"SKIP","floor":35},{"not_picked":["Streamline","Hologram","Turbo"],"picked":"SKIP","floor":39},{"not_picked":["Sweeping Beam","Genetic Algorithm"],"picked":"Barrage","floor":45},{"not_picked":["Hologram","Coolheaded+1"],"picked":"Barrage","floor":48}],"player_experience":227192,"relics_obtained":[{"floor":7.0,"key":"MealTicket"},{"floor":9.0,"key":"Vajra"},{"floor":11.0,"key":"Cables"},{"floor":14.0,"key":"Mummified Hand"},{"floor":24,"key":"White Beast Statue"},{"floor":26,"key":"Happy Flower"},{"floor":43,"key":"Juzu Bracelet"},{"floor":44,"key":"Smiling Mask"}],"event_choices":[{"damage_healed":0.0,"max_hp_gain":0.0,"max_hp_loss":0.0,"gold_gain":0.0,"event_name":"Upgrade Shrine","player_choice":"Upgraded","floor":5.0,"gold_loss":0.0,"damage_taken":0.0,"cards_upgraded":["Defragment"]},{"damage_healed":14,"gold_gain":0,"player_choice":"Heal","damage_taken":0,"max_hp_gain":0,"max_hp_loss":0,"event_name":"The Library","floor":20,"gold_loss":0},{"cards_removed":["Strike_B"],"damage_healed":0,"gold_gain":0,"player_choice":"Elegance","damage_taken":0,"max_hp_gain":0,"max_hp_loss":0,"event_name":"Back to Basics","floor":21,"gold_loss":0},{"damage_healed":0,"gold_gain":0,"player_choice":"Bought 1 Potion","damage_taken":0,"max_hp_gain":0,"max_hp_loss":0,"event_name":"The Woman in Blue","floor":25,"gold_loss":0},{"damage_healed":0,"gold_gain":0,"player_choice":"Ignored","damage_taken":0,"max_hp_gain":0,"max_hp_loss":0,"event_name":"Tomb of Lord Red Mask","floor":36,"gold_loss":0},{"damage_healed":0,"gold_gain":0,"player_choice":"Memory 1","damage_taken":0,"max_hp_gain":0,"max_hp_loss":0,"event_name":"SensoryStone","floor":38,"gold_loss":0},{"damage_healed":0,"gold_gain":0,"player_choice":"Embrace Madness","damage_taken":14,"max_hp_gain":0,"max_hp_loss":0,"event_name":"Winding Halls","floor":41,"gold_loss":0,"cards_obtained":["Madness","Madness"]},{"damage_healed":0,"gold_gain":0,"cards_transformed":["Normality"],"player_choice":"Transformed","damage_taken":0,"max_hp_gain":0,"max_hp_loss":0,"event_name":"Transmorgrifier","floor":47,"gold_loss":0,"cards_obtained":["Injury"]}],"is_beta":false,"boss_relics":[{"not_picked":["FrozenCore","Calling Bell"],"picked":"Inserter"},{"not_picked":["Tiny House","SacredBark"],"picked":"Cursed Key"}],"items_purged_floors":[37],"is_endless":false,"potions_floor_spawned":[7,10,11,18,22,28,30,31,33,35,39,45,48],"killed_by":"Awakened One","ascension_level":16}}