{"host":"sav7uxregyirlf69","time":1607738872,"event":{"mods":["AchievementEnabler","BaseMod","Colored Map","DeckTracker","Hermit","Keyboard Shortcuts","Minty Spire (QoL Compilation)","READ ME - Guardian Mod","StSLib","SuperFastMode"],"gold_per_floor":[144,144,189,234,259,349,349,394,444,444,136,136,181,226,226,526,526,571,586,186,285,310,355,400,490,515,560,560,605,650,695,695,995,995,1040,1085,1130,499,499,544,589,589,614,614,614,639,729,774,774,774],"floor_reached":51,"playtime":1840,"items_purged":["Eruption","Strike_R","Havoc+1"],"score":780,"play_id":"04d4b0c4-e68a-401e-993d-d118dbe029f2","local_time":"20201212110752","daily_mods":["Chimera","Uncertain Future","Midas"],"is_ascension_mode":false,"campfire_choices":[{"floor":7.0,"key":"REST"},{"floor":10.0,"key":"REST"},{"floor":15.0,"key":"REST"},{"floor":28.0,"key":"REST"},{"floor":32.0,"key":"REST"},{"floor":42.0,"key":"REST"},{"floor":44.0,"key":"REST"},{"floor":49,"key":"REST"}],"circlet_count":0,"master_deck":["Bash","Survivor","Strike_B","Defend_R","Defend_G","Defend_P","Rampage+1","Purity","Armaments+1","Warcry+1","Disarm","Shrug It Off","Shrug It Off+1","Headbutt+1","Battle Trance","True Grit","Bandage Up","Pommel Strike","Offering","Burning Pact+1"],"relics":["Burning Blood","Tiny Chest","Dream Catcher","Strawberry","Oddly Smooth Stone","Blood Vial","SlaversCollar","Vajra","Sling","Bag of Preparation","Smiling Mask","Bag of Marbles","Empty Cage","OrangePellets","Nunchaku","Red Skull","Whetstone","Regal Pillow","Orichalcum"],"acts_visited":["Exordium","TheCity","TheBeyond"],"potions_floor_usage":[47,48,50,50],"damage_taken":[{"damage":0.0,"enemies":"Jaw Worm","floor":1.0,"turns":4.0},{"damage":2.0,"enemies":"Small Slimes","floor":3.0,"turns":3.0},{"damage":1.0,"enemies":"Cultist","floor":4.0,"turns":3.0},{"damage":29.0,"enemies":"3 Sentries","floor":6.0,"turns":8.0},{"damage":10.0,"enemies":"Large Slime","floor":8.0,"turns":4.0},{"damage":10.0,"enemies":"Red Slaver","floor":13.0,"turns":4.0},{"damage":10.0,"enemies":"Exordium Wildlife","floor":14.0,"turns":5.0},{"damage":40.0,"enemies":"The Guardian","floor":16.0,"turns":10.0},{"damage":28.0,"enemies":"Spheric Guardian","floor":18.0,"turns":5.0},{"damage":35.0,"enemies":"2 Thieves","floor":19.0,"turns":4.0},{"damage":9.0,"enemies":"Snake Plant","floor":23.0,"turns":5.0},{"damage":10.0,"enemies":"Snecko","floor":24.0,"turns":7.0},{"damage":3.0,"enemies":"Book of Stabbing","floor":25.0,"turns":7.0},{"damage":5.0,"enemies":"Centurion and Healer","floor":27.0,"turns":7.0},{"damage":14.0,"enemies":"Chosen and Byrds","floor":29.0,"turns":11.0},{"damage":31.0,"enemies":"3 Cultists","floor":30.0,"turns":8.0},{"damage":11.0,"enemies":"Centurion and Healer","floor":31.0,"turns":7.0},{"damage":38.0,"enemies":"Collector","floor":33.0,"turns":8.0},{"damage":36.0,"enemies":"3 Darklings","floor":35.0,"turns":14.0},{"damage":32.0,"enemies":"3 Shapes","floor":36.0,"turns":6.0},{"damage":17.0,"enemies":"Spire Growth","floor":37.0,"turns":6.0},{"damage":18.0,"enemies":"4 Shapes","floor":40.0,"turns":9.0},{"damage":3.0,"enemies":"Maw","floor":41.0,"turns":7.0},{"damage":44,"enemies":"Nemesis","floor":47,"turns":13},{"damage":34,"enemies":"Spire Growth","floor":48,"turns":4},{"damage":37,"enemies":"Awakened One","floor":50,"turns":9}],"seed_played":"-2740983366772686195","potions_obtained":[{"floor":1.0,"key":"SteroidPotion"},{"floor":3.0,"key":"Strength Potion"},{"floor":12.0,"key":"SpeedPotion"},{"floor":12.0,"key":"DuplicationPotion"},{"floor":12.0,"key":"ElixirPotion"},{"floor":16.0,"key":"BloodPotion"},{"floor":18.0,"key":"Block Potion"},{"floor":23.0,"key":"LiquidMemories"},{"floor":29.0,"key":"DuplicationPotion"},{"floor":30.0,"key":"Swift Potion"},{"floor":31.0,"key":"EntropicBrew"},{"floor":33.0,"key":"HeartOfIron"},{"floor":35.0,"key":"BlessingOfTheForge"},{"floor":41.0,"key":"Energy Potion"},{"floor":47,"key":"Strength Potion"}],"is_trial":false,"path_per_floor":["M","?","M","M","T","E","R","M","T","R","$","?","M","M","R","B",null,"M","M","$","?","T","M","M","E","T","M","R","M","M","M","R","B",null,"M","M","M","$","?","M","M","R","T","R","?","T","E","M","R","B",null],"character_chosen":"IRONCLAD","items_purchased":["Blood Vial","Purity","Vajra","Sling","OrangePellets","Nunchaku","Red Skull","Battle Trance","SkillPotion"],"campfire_rested":8,"item_purchase_floors":[11,11,20,20,38,38,38,38,38],"current_hp_per_floor":[80,62,66,71,71,55,81,77,77,87,87,87,83,81,87,53,87,82,55,55,55,55,54,52,57,57,60,86,79,56,53,79,49,87,74,50,41,41,41,31,36,62,62,87,87,87,49,27,68,43],"gold":774,"neow_bonus":"","is_daily":true,"chose_seed":false,"campfire_upgraded":0,"win_rate":0.0,"timestamp":1607738872,"path_taken":["M","?","M","M","?","E","R","M","T","R","$","?","M","M","R","BOSS","M","M","$","?","?","M","M","E","T","M","R","M","?","M","R","BOSS","M","M","M","$","?","M","M","R","T","R","?","?","E","M","R","BOSS"],"items_purchased_type":["Relic","Card","Relic","Relic","Relic","Relic","Relic","Card","Potion"],"build_version":"2020-11-30","purchased_purges":3,"victory":true,"max_hp_per_floor":[80,80,80,80,80,87,87,87,87,87,87,87,87,87,87,87,87,87,87,87,87,87,87,87,87,87,87,87,87,87,87,87,87,87,87,87,87,87,87,87,87,87,87,87,87,87,87,87,87,87],"card_choices":[{"not_picked":["Anger","Carnage"],"picked":"Rampage","floor":1.0},{"not_picked":["Whirlwind","Rupture","Flex"],"picked":"SKIP","floor":3.0},{"not_picked":["Flex","Anger","Heavy Blade"],"picked":"SKIP","floor":4.0},{"not_picked":["Dropkick","Heavy Blade","Clothesline"],"picked":"SKIP","floor":6.0},{"not_picked":["Dark Embrace","Dual Wield"],"picked":"Shockwave","floor":7.0},{"not_picked":["Anger","Twin Strike","Armaments"],"picked":"SKIP","floor":8.0},{"not_picked":["Corruption","Body Slam","Armaments"],"picked":"SKIP","floor":13.0},{"not_picked":["Clothesline","Twin Strike","Hemokinesis"],"picked":"SKIP","floor":14.0},{"not_picked":["Dual Wield","Perfected Strike+1"],"picked":"Armaments+1","floor":18.0},{"not_picked":["Entrench","Wild Strike"],"picked":"Warcry+1","floor":19.0},{"not_picked":["Dropkick","Armaments"],"picked":"Disarm","floor":23.0},{"not_picked":["Anger","Cleave"],"picked":"Shrug It Off","floor":24.0},{"not_picked":["Pummel+1","Sever Soul","Dropkick+1"],"picked":"SKIP","floor":25.0},{"not_picked":["Metallicize","Armaments","Wild Strike+1"],"picked":"SKIP","floor":27.0},{"not_picked":["Rupture+1","Clothesline"],"picked":"Shrug It Off+1","floor":28.0},{"not_picked":["Sever Soul+1","Searing Blow","Cleave"],"picked":"SKIP","floor":29.0},{"not_picked":["Dark Embrace+1","Shrug It Off+1"],"picked":"Headbutt","floor":30.0},{"not_picked":["Perfected Strike","Power Through","Corruption"],"picked":"SKIP","floor":31.0},{"not_picked":["Perfected Strike+1","Uppercut","Flex"],"picked":"SKIP","floor":35.0},{"not_picked":["Shrug It Off","Sword Boomerang+1"],"picked":"Havoc+1","floor":36.0},{"not_picked":["Body Slam","Sever Soul","Infernal Blade+1"],"picked":"SKIP","floor":37.0},{"not_picked":["Iron Wave+1","Perfected Strike","Dropkick+1"],"picked":"SKIP","floor":40.0},{"not_picked":["Twin Strike","Warcry"],"picked":"True Grit","floor":41.0},{"not_picked":["Clothesline","Hemokinesis"],"picked":"Offering","floor":47},{"not_picked":["Seeing Red+1","Armaments"],"picked":"Burning Pact+1","floor":48}],"player_experience":922758,"relics_obtained":[{"floor":5.0,"key":"Dream Catcher"},{"floor":6.0,"key":"Strawberry"},{"floor":9.0,"key":"Oddly Smooth Stone"},{"floor":22.0,"key":"Bag of Preparation"},{"floor":25.0,"key":"Smiling Mask"},{"floor":26.0,"key":"Bag of Marbles"},{"floor":43.0,"key":"Whetstone"},{"floor":46,"key":"Regal Pillow"},{"floor":47,"key":"Orichalcum"}],"event_choices":[{"damage_healed":0.0,"max_hp_gain":0.0,"max_hp_loss":0.0,"gold_gain":0.0,"event_name":"Scrap Ooze","player_choice":"Success","floor":2.0,"gold_loss":0.0,"damage_taken":18.0,"relics_obtained":["Tiny Chest"]},{"damage_healed":0.0,"max_hp_gain":0.0,"max_hp_loss":0.0,"gold_gain":0.0,"event_name":"Lab","player_choice":"Got Potions","floor":12.0,"gold_loss":0.0,"damage_taken":0.0},{"damage_healed":0.0,"max_hp_gain":0.0,"max_hp_loss":0.0,"gold_gain":99.0,"event_name":"Nest","player_choice":"Stole From Cult","floor":21.0,"gold_loss":0.0,"damage_taken":0.0},{"cards_removed":["Shockwave"],"damage_healed":0.0,"max_hp_gain":0.0,"max_hp_loss":0.0,"gold_gain":0.0,"event_name":"Falling","player_choice":"Removed Skill","floor":39.0,"gold_loss":0.0,"damage_taken":0.0},{"damage_healed":0,"gold_gain":0,"player_choice":"2 cards matched","damage_taken":0,"max_hp_gain":0,"max_hp_loss":0,"event_name":"Match and Keep!","floor":45,"gold_loss":0,"cards_obtained":["Bandage Up","Pommel Strike"]}],"is_beta":false,"boss_relics":[{"not_picked":["SacredBark","Black Star"],"picked":"SlaversCollar"},{"not_picked":["Tiny House","Black Blood"],"picked":"Empty Cage"}],"items_purged_floors":[11,20,38],"is_endless":false,"potions_floor_spawned":[1,3,16,18,23,25,29,30,31,33,35,41,47],"ascension_level":0}}