{"host":"78hrz0ylpj9lzvi8","time":1607743324,"event":{"mods":["BaseMod","Bestiary","Minty Spire (QoL Compilation)","Quick Restart","Random Character Button","Relic Stats","StSLib"],"gold_per_floor":[369,382,352,362,376,29,29,60,60,60,88,104,104,122,122,198,198,211,261,43,57,72,72,72,100,100,50,50,50],"floor_reached":28,"playtime":1033,"items_purged":["Strike_G"],"score":546,"play_id":"7ac1327e-2694-4324-a103-4348c7384ae4","local_time":"20201212002204","is_ascension_mode":true,"campfire_choices":[{"floor":7.0,"key":"REST"},{"data":"Quick Slash","floor":10.0,"key":"SMITH"},{"floor":15.0,"key":"REST"},{"floor":23.0,"key":"REST"}],"circlet_count":0,"master_deck":["AscendersBane","Strike_G","Strike_G","Strike_G","Strike_G","Defend_G","Defend_G","Defend_G","Defend_G","Defend_G","Survivor","Neutralize","Quick Slash+1","Dagger Throw","Leg Sweep","Slice","Dagger Spray","Quick Slash","Underhanded Strike","Tactician","Blade Dance","After Image","Quick Slash+1","Reflex","Footwork","Dagger Throw","Backflip","Prepared"],"relics":["Ring of the Snake","Nunchaku","Letter Opener","Pear","Shuriken","SacredBark","Shovel","Blood Vial"],"acts_visited":["Exordium","TheCity"],"potions_floor_usage":[25,25],"damage_taken":[{"damage":6.0,"enemies":"Small Slimes","floor":1.0,"turns":5.0},{"damage":0.0,"enemies":"Cultist","floor":2.0,"turns":3.0},{"damage":0.0,"enemies":"Jaw Worm","floor":4.0,"turns":3.0},{"damage":2.0,"enemies":"Looter","floor":5.0,"turns":5.0},{"damage":21.0,"enemies":"Lagavulin","floor":8.0,"turns":6.0},{"damage":26.0,"enemies":"Gremlin Nob","floor":11.0,"turns":4.0},{"damage":0.0,"enemies":"Large Slime","floor":12.0,"turns":4.0},{"damage":4.0,"enemies":"Exordium Thugs","floor":14.0,"turns":3.0},{"damage":34.0,"enemies":"The Guardian","floor":16.0,"turns":10.0},{"damage":6.0,"enemies":"3 Byrds","floor":18.0,"turns":1.0},{"damage":2.0,"enemies":"Shell Parasite","floor":21.0,"turns":3.0},{"damage":32.0,"enemies":"Snake Plant","floor":22.0,"turns":6.0},{"damage":0,"enemies":"Slavers","floor":25,"turns":5},{"damage":45,"enemies":"Book of Stabbing","floor":28,"turns":6}],"seed_played":"8109366354629076943","potions_obtained":[{"floor":3.0,"key":"FearPotion"},{"floor":3.0,"key":"ColorlessPotion"},{"floor":8.0,"key":"LiquidBronze"},{"floor":11.0,"key":"Ancient Potion"},{"floor":14.0,"key":"CunningPotion"},{"floor":16.0,"key":"LiquidMemories"},{"floor":18.0,"key":"LiquidMemories"},{"floor":22.0,"key":"BlessingOfTheForge"}],"is_trial":false,"path_per_floor":["M","M","?","M","M","$","R","E","T","R","E","M","?","M","R","B",null,"M","?","$","M","M","R","$","E","T","?","E"],"character_chosen":"THE_SILENT","items_purchased":["Dagger Spray","Nunchaku","Quick Slash","Reflex","Footwork","Dagger Throw"],"campfire_rested":3,"item_purchase_floors":[6,6,6,20,20,20],"current_hp_per_floor":[38,38,38,38,36,36,55,34,44,44,18,18,18,14,36,2,58,52,52,52,50,18,40,40,40,40,40,0,0],"gold":50,"neow_bonus":"TWO_FIFTY_GOLD","is_daily":false,"chose_seed":false,"campfire_upgraded":1,"win_rate":0.0,"timestamp":1607743324,"path_taken":["M","M","?","M","?","$","R","E","T","R","E","M","?","M","R","BOSS","M","?","$","M","M","R","$","E","T","?","E"],"items_purchased_type":["Card","Relic","Card","Card","Card","Card"],"build_version":"2020-11-30","purchased_purges":1,"victory":false,"max_hp_per_floor":[66,66,66,66,66,66,66,66,76,76,76,76,76,76,76,76,76,76,76,76,76,76,76,76,76,76,76,76,76],"relic_stats":{"Blood Vial":2,"Nunchaku":[13],"Shovel":0,"counters":[14,64],"Shuriken":[24],"Letter Opener":[25],"obtain_stats":[{"Blood Vial":26,"Nunchaku":6,"Pear":9,"Shovel":25,"Shuriken":11,"SacredBark":17,"Letter Opener":8,"Ring of the Snake":0},{"Blood Vial":13,"Nunchaku":4,"Pear":5,"Shovel":13,"Shuriken":6,"SacredBark":9,"Letter Opener":5,"Ring of the Snake":0},{"Blood Vial":58,"Nunchaku":16,"Pear":22,"Shovel":58,"Shuriken":26,"SacredBark":43,"Letter Opener":22,"Ring of the Snake":0}],"Ring of the Snake":[28]},"card_choices":[{"not_picked":["Acrobatics","Flying Knee"],"picked":"Quick Slash","floor":1.0},{"not_picked":["Tactician","Leg Sweep"],"picked":"Dagger Throw","floor":2.0},{"not_picked":["Backflip","Tactician"],"picked":"Leg Sweep","floor":4.0},{"not_picked":["Blade Dance","Venomology"],"picked":"Slice","floor":5.0},{"not_picked":["Flechettes","Prepared"],"picked":"Underhanded Strike","floor":8.0},{"not_picked":["Concentrate","Sucker Punch"],"picked":"Tactician","floor":11.0},{"not_picked":["Flying Knee","Quick Slash","Dodge and Roll"],"picked":"SKIP","floor":12.0},{"not_picked":["Eviscerate","Prepared"],"picked":"Blade Dance","floor":14.0},{"not_picked":["Wraith Form v2","Grand Finale"],"picked":"After Image","floor":16.0},{"not_picked":["Dodge and Roll","Setup"],"picked":"Quick Slash+1","floor":18.0},{"not_picked":["Deflect","Underhanded Strike"],"picked":"Backflip","floor":21.0},{"not_picked":["All Out Attack","Doppelganger"],"picked":"Prepared","floor":22.0},{"not_picked":["Poisoned Stab","Concentrate","Sucker Punch"],"picked":"SKIP","floor":25}],"player_experience":923575,"relics_obtained":[{"floor":8.0,"key":"Letter Opener"},{"floor":9.0,"key":"Pear"},{"floor":11.0,"key":"Shuriken"},{"floor":25,"key":"Shovel"},{"floor":26,"key":"Blood Vial"}],"event_choices":[{"damage_healed":0.0,"max_hp_gain":0.0,"max_hp_loss":0.0,"gold_gain":0.0,"event_name":"The Woman in Blue","player_choice":"Bought 2 Potions","floor":3.0,"gold_loss":0.0,"damage_taken":0.0},{"damage_healed":0.0,"max_hp_gain":0.0,"max_hp_loss":0.0,"gold_gain":0.0,"event_name":"Liars Game","player_choice":"Ignored","floor":13.0,"gold_loss":0.0,"damage_taken":0.0},{"damage_healed":0.0,"max_hp_gain":0.0,"max_hp_loss":0.0,"gold_gain":50.0,"event_name":"Nest","player_choice":"Stole From Cult","floor":19.0,"gold_loss":0.0,"damage_taken":0.0},{"damage_healed":0,"gold_gain":0,"player_choice":"Bet on Murderer","damage_taken":0,"max_hp_gain":0,"max_hp_loss":0,"event_name":"The Joust","floor":27,"gold_loss":50}],"is_beta":false,"boss_relics":[{"not_picked":["Black Star","Ring of the Serpent"],"picked":"SacredBark"}],"items_purged_floors":[6],"is_endless":false,"potions_floor_spawned":[8,11,14,16,18,22],"killed_by":"Book of Stabbing","ascension_level":20}}