{"host":"efbmiwe3kdtynlc6","time":1607770420,"event":{"mods":["BaseMod","Colored Map","Minty Spire (QoL Compilation)","Permanent Neow","Quick Restart","Rare Cards Sparkle","StSLib","SuperFastMode","UnlockEverythingMod","everything is the same but u backflip on backflip"],"gold_per_floor":[112,112,132,3,13,13,30,58,82,104,134,146,146],"floor_reached":12,"playtime":626,"items_purged":["Strike_G"],"score":164,"play_id":"ba57b88b-d17a-4558-bc44-892c8ea18ba8","local_time":"20201212195340","is_ascension_mode":true,"campfire_choices":[{"data":"Noxious Fumes","floor":6,"key":"SMITH"}],"circlet_count":0,"master_deck":["AscendersBane","Strike_G","Strike_G","Strike_G","Strike_G","Defend_G","Defend_G","Defend_G","Defend_G","Survivor","Neutralize+1","Deadly Poison","Poisoned Stab","Noxious Fumes+1","Backflip","Crippling Poison"],"relics":["Ring of the Snake","Orichalcum","MawBank"],"acts_visited":["Exordium"],"potions_floor_usage":[8,10],"damage_taken":[{"damage":1,"enemies":"Jaw Worm","floor":1,"turns":5},{"damage":1,"enemies":"Cultist","floor":3,"turns":4},{"damage":4,"enemies":"Small Slimes","floor":5,"turns":3},{"damage":3,"enemies":"Exordium Wildlife","floor":7,"turns":3},{"damage":34,"enemies":"Gremlin Nob","floor":8,"turns":4},{"damage":13,"enemies":"Exordium Thugs","floor":10,"turns":5},{"damage":2,"enemies":"Looter","floor":11,"turns":4},{"damage":9,"enemies":"Lagavulin","floor":12,"turns":3}],"seed_played":"-5486372715949246090","potions_obtained":[{"floor":5,"key":"Block Potion"}],"is_trial":false,"path_per_floor":["M","?","M","$","M","R","M","E","T","M","M","E"],"character_chosen":"THE_SILENT","items_purchased":["Fire Potion"],"campfire_rested":0,"item_purchase_floors":[4],"current_hp_per_floor":[58,58,57,57,53,53,50,16,16,3,1,0,0],"gold":146,"neow_bonus":"UPGRADE_CARD","is_daily":false,"chose_seed":false,"campfire_upgraded":1,"win_rate":0.0,"timestamp":1607770420,"path_taken":["M","?","M","$","M","R","?","E","T","M","M","E"],"items_purchased_type":["Potion"],"build_version":"2020-11-30","purchased_purges":1,"victory":false,"max_hp_per_floor":[66,66,66,66,66,66,66,66,66,66,66,66,66],"card_choices":[{"not_picked":["Blur","Catalyst"],"picked":"Deadly Poison","floor":1},{"not_picked":["Footwork","Accuracy"],"picked":"Poisoned Stab","floor":3},{"not_picked":["Cloak And Dagger","Dodge and Roll"],"picked":"Noxious Fumes","floor":5},{"not_picked":["Acrobatics","Distraction"],"picked":"Backflip","floor":7},{"not_picked":["Distraction","Terror","Poisoned Stab"],"picked":"SKIP","floor":8},{"not_picked":["Flying Knee","Accuracy"],"picked":"Crippling Poison","floor":10},{"not_picked":["Tactician","Blade Dance","Infinite Blades"],"picked":"SKIP","floor":11}],"player_experience":315411,"relics_obtained":[{"floor":8,"key":"Orichalcum"},{"floor":9,"key":"MawBank"}],"event_choices":[{"cards_removed":["Defend_G"],"damage_healed":0,"gold_gain":0,"player_choice":"Offered Basic","damage_taken":0,"max_hp_gain":0,"max_hp_loss":0,"event_name":"Bonfire Elementals","floor":2,"gold_loss":0}],"is_beta":false,"boss_relics":[],"items_purged_floors":[4],"is_endless":false,"potions_floor_spawned":[5,7],"killed_by":"Lagavulin","ascension_level":20}}