{"host":"v98566chcnixoavo","time":1607772732,"event":{"mods":["BaseMod","Decade(王小明)","DeckTracker","FGO Abigail","Friendly Minions","Highlight Path","Kiyohime（清姬）","Luminous","Marisa（F雨　魔理沙）","Minty Spire (QoL Compilation)","Prisma Mod","Railgun Mod","Reimu（博丽灵梦）","StSLib","Td1madao Mod","The Alterego","UnlockEverythingMod","WarShipGirlsR/战舰少女R mod","Youmu（魂魄妖梦）","【东方二次创作】八云紫mod","【功能Mod】Neow奖励","【功能Mod】混沌之环修复补丁","【功能Mod】聪明的最终Boss"],"gold_per_floor":[130,130,142,142,30,30,51,66,145,185,84,84,104,128,128,247,247,267,38,58,83,73,113,113,113,113],"floor_reached":25,"playtime":1230,"items_purged":["AT_purpleEX"],"score":248,"play_id":"00685f94-ab04-48aa-b8a1-612665ecb8d3","local_time":"20201212193212","is_ascension_mode":false,"campfire_choices":[{"data":"Observe_purple_2","floor":6.0,"key":"SMITH"},{"data":"Charmbait_purple","floor":12.0,"key":"SMITH"},{"data":"Charmbait_purple","floor":15.0,"key":"SMITH"},{"data":"Human_Monster_Realm_purple","floor":24,"key":"SMITH"}],"circlet_count":0,"master_deck":["AT_purpleEX","Defend_purpleEX","Defend_purpleEX","Defend_purpleEX","Defend_purpleEX","Observe_purple_1+1","Observe_purple_2+1","Price_of_realm_purpleEX","WatchEyeChange_purple","DimensionStaggered_purple","Boundary_of_Extermination_purpleEX","Charmbait_purple+1","ButterflyHabitatTemple_purple","Charmbait_purple+1","Charmbait_purple","MeetDecomposer_purple","ExternalForce_HighSpeedFlying_purple","Shallow_ocean_purpleEX","Human_Monster_Realm_purple+1","StateErode_purple","Fantasy_PerpetualMotionMachine_purple","Fancifulhole_purple","OmniscientAndOmnipotent_Monster_purple","PurpleNeedle_purple+1","Shallow_ocean_purpleEX+1","Charmbait_purple","Computing_the_future_purpleEX","WangLiang_LineAndCurveDreams_purple"],"relics":["Boundary_crack","Memoryfragments_purpleEX","Golden Idol","Nunchaku","Empty Cage","Bag of Preparation"],"acts_visited":["Exordium","TheCity"],"potions_floor_usage":[23,23],"damage_taken":[{"damage":5.0,"enemies":"2 Louse","floor":1.0,"turns":4.0},{"damage":12.0,"enemies":"Cultist","floor":3.0,"turns":4.0},{"damage":6.0,"enemies":"Jaw Worm","floor":7.0,"turns":3.0},{"damage":0.0,"enemies":"Exordium Wildlife","floor":8.0,"turns":2.0},{"damage":24.0,"enemies":"Lagavulin","floor":10.0,"turns":7.0},{"damage":0.0,"enemies":"Blue Slaver","floor":13.0,"turns":3.0},{"damage":0.0,"enemies":"2 Fungi Beasts","floor":14.0,"turns":3.0},{"damage":32.0,"enemies":"Hexaghost","floor":16.0,"turns":7.0},{"damage":12.0,"enemies":"Shell Parasite","floor":18.0,"turns":4.0},{"damage":20.0,"enemies":"2 Thieves","floor":20.0,"turns":3.0},{"damage":0.0,"enemies":"Sentry and Sphere","floor":21.0,"turns":3.0},{"damage":29,"enemies":"Gremlin Leader","floor":23,"turns":6},{"damage":17,"enemies":"Slavers","floor":25,"turns":1}],"seed_played":"-8169765407456622876","potions_obtained":[{"floor":3.0,"key":"SteroidPotion"},{"floor":10.0,"key":"Explosive Potion"},{"floor":16.0,"key":"LiquidMemories"},{"floor":21.0,"key":"Fruit Juice"}],"is_trial":false,"path_per_floor":["M","?","M","?","$","R","M","M","T","E","$","R","M","M","R","B",null,"M","$","M","M","?","E","R","E"],"character_chosen":"Youkari","items_purchased":["Boundary_of_Extermination_purpleEX","Charmbait_purple","MeetDecomposer_purple","Fantasy_PerpetualMotionMachine_purple","Fancifulhole_purple","OmniscientAndOmnipotent_Monster_purple"],"campfire_rested":0,"item_purchase_floors":[5,11,11,19,19,19],"current_hp_per_floor":[67,67,56,56,56,56,54,54,54,33,33,33,36,36,36,5,65,57,57,39,39,39,15,15,0,0],"gold":113,"neow_bonus":"ONE_RANDOM_RARE_CARD","is_daily":false,"chose_seed":false,"campfire_upgraded":4,"win_rate":0.0,"timestamp":1607772732,"path_taken":["M","?","?","?","$","R","M","M","T","E","$","R","M","M","R","BOSS","M","$","M","M","?","E","R","E"],"items_purchased_type":["Card","Card","Card","Card","Card","Card"],"build_version":"2020-11-30","purchased_purges":1,"victory":false,"max_hp_per_floor":[70,70,70,65,65,65,65,65,65,65,65,65,65,65,65,65,65,65,65,65,65,65,70,70,70,70],"card_choices":[{"not_picked":["Umbrella_purple","DimensionStaggered_purple"],"picked":"WatchEyeChange_purple","floor":1.0},{"not_picked":["WingOfChimera_purple","StateDuplicate_purple"],"picked":"DimensionStaggered_purple","floor":3.0},{"not_picked":["Mirror_FormAndEmptin_purple","Worldmountain_purple"],"picked":"Charmbait_purple","floor":7.0},{"not_picked":["WingOfChimera_purple","Worldmountain_purple"],"picked":"ButterflyHabitatTemple_purple","floor":8.0},{"not_picked":["SharpContractionReality_purple","WingOfChimera_purple"],"picked":"Charmbait_purple","floor":10.0},{"not_picked":["Bait_Toxicbait_purple","CommonSense_AntiCommonSense_purple"],"picked":"ExternalForce_HighSpeedFlying_purple","floor":13.0},{"not_picked":["RuleDissolution_purple","ExistenceContinue_purple"],"picked":"Shallow_ocean_purpleEX","floor":14.0},{"not_picked":["Price_of_realm_purpleEX","MagicEyes_LaplaceDemon_purple"],"picked":"Human_Monster_Realm_purple","floor":16.0},{"not_picked":["CommonSense_AntiCommonSense_purple","Realm_recovery_purpleEX"],"picked":"StateErode_purple","floor":18.0},{"not_picked":["MonsterNeedle_purple+1","Umbrella_purple"],"picked":"PurpleNeedle_purple+1","floor":20.0},{"not_picked":["Realm_recovery_purpleEX","Line_surface_state_purple"],"picked":"Shallow_ocean_purpleEX+1","floor":21.0},{"not_picked":[],"picked":"Charmbait_purple","floor":22},{"not_picked":[],"picked":"Computing_the_future_purpleEX","floor":22},{"not_picked":["Bait_HighSpeedFlying_purple","Umbrella_purple"],"picked":"WangLiang_LineAndCurveDreams_purple","floor":23}],"player_experience":203389,"relics_obtained":[{"floor":10.0,"key":"Nunchaku"},{"floor":23,"key":"Bag of Preparation"}],"event_choices":[{"damage_healed":0.0,"max_hp_gain":0.0,"max_hp_loss":0.0,"gold_gain":0.0,"event_name":"Upgrade Shrine","player_choice":"Upgraded","floor":2.0,"gold_loss":0.0,"damage_taken":0.0,"cards_upgraded":["Observe_purple_1"]},{"damage_healed":0.0,"max_hp_gain":0.0,"max_hp_loss":5.0,"gold_gain":0.0,"event_name":"Golden Idol","player_choice":"Lose Max HP","floor":4.0,"gold_loss":0.0,"damage_taken":0.0,"relics_obtained":["Golden Idol"]}],"is_beta":false,"boss_relics":[{"not_picked":["Fusion Hammer","Runic Dome"],"picked":"Empty Cage"}],"items_purged_floors":[5],"is_endless":false,"potions_floor_spawned":[3,10,16,21],"killed_by":"Slavers","ascension_level":0}}