{"host":"kw4o7b3ro2ktmmbe","time":1607741649,"event":{"mods":["BaseMod","Minty Spire (QoL Compilation)","StSLib","The Death Knight","Treasure Hunter"],"gold_per_floor":[118,118,129,149,169,169,194,271,271,9,29,29,29],"floor_reached":12,"playtime":1227,"items_purged":[],"score":80,"play_id":"857878a6-6a47-4d83-90df-a727cea6a1e5","local_time":"20201212155409","is_ascension_mode":false,"campfire_choices":[{"data":"DeathKnight:Hysteria","floor":6,"key":"SMITH"}],"circlet_count":0,"master_deck":["DeathKnight:Strike_DeathKnight","DeathKnight:Strike_DeathKnight","DeathKnight:Strike_DeathKnight","DeathKnight:Strike_DeathKnight","DeathKnight:Strike_DeathKnight","DeathKnight:Defend_DeathKnight","DeathKnight:Defend_DeathKnight","DeathKnight:Defend_DeathKnight","DeathKnight:Defend_DeathKnight","DeathKnight:Defend_DeathKnight","DeathKnight:RuneTap","DeathKnight:RuneStrike","DeathKnight:Hysteria+1","DeathKnight:DeathRune","DeathKnight:BladedArmor","DeathKnight:Contagion","TH:TreasureMap","DeathKnight:Razorice","TH:DeckOfManyThings","TH:BikiniMail","DeathKnight:BladedArmor+1","DeathKnight:DancingRuneblade+1"],"relics":["DeathKnight:BrokenRuneblade","Turnip","Meat on the Bone","Bottled Tornado","Frozen Egg 2"],"acts_visited":["Exordium"],"potions_floor_usage":[7,12],"damage_taken":[{"damage":2.0,"enemies":"Jaw Worm","floor":1.0,"turns":5.0},{"damage":5,"enemies":"Cultist","floor":3,"turns":5},{"damage":1,"enemies":"2 Louse","floor":4,"turns":3},{"damage":16,"enemies":"Large Slime","floor":5,"turns":7},{"damage":23,"enemies":"Gremlin Nob","floor":7,"turns":4},{"damage":26,"enemies":"Lots of Slimes","floor":11,"turns":4},{"damage":22,"enemies":"3 Sentries","floor":12,"turns":2}],"seed_played":"-3602937672246227451","potions_obtained":[{"floor":3,"key":"DeathKnight:RimePotion"},{"floor":7,"key":"DeathKnight:PlagueVial"}],"is_trial":false,"path_per_floor":["M","?","M","M","M","R","E","T","T","$","M","E"],"character_chosen":"DEATH_KNIGHT","items_purchased":["Frozen Egg 2","DeathKnight:BladedArmor+1"],"campfire_rested":0,"item_purchase_floors":[10,10],"current_hp_per_floor":[80,80,75,74,58,58,35,35,35,35,21,0,0],"gold":29,"neow_bonus":"TEN_PERCENT_HP_BONUS","is_daily":false,"chose_seed":false,"campfire_upgraded":1,"win_rate":0.0,"timestamp":1607741649,"path_taken":["M","?","?","M","M","R","E","?","T","$","?","E"],"items_purchased_type":["Relic","Card"],"build_version":"2020-11-30","purchased_purges":0,"victory":false,"max_hp_per_floor":[82,82,82,82,82,82,82,82,82,82,82,82,82],"card_choices":[{"not_picked":["DeathKnight:BoneSpear","DeathKnight:Pestilence"],"picked":"DeathKnight:Hysteria","floor":1.0},{"not_picked":["DeathKnight:Parry","DeathKnight:ChainsOfIce"],"picked":"DeathKnight:DeathRune","floor":3},{"not_picked":["DeathKnight:FesteringStrike","DeathKnight:DeathsAdvance"],"picked":"DeathKnight:BladedArmor","floor":4},{"not_picked":["DeathKnight:FoulBulwark","DeathKnight:DreadStrike"],"picked":"DeathKnight:Contagion","floor":5},{"not_picked":["TH:CopperCoins"],"picked":"TH:TreasureMap","floor":7},{"not_picked":["DeathKnight:Hemostasis","DeathKnight:DancingRuneblade"],"picked":"DeathKnight:Razorice","floor":7},{"not_picked":["TH:EnergyPotion"],"picked":"TH:DeckOfManyThings","floor":8},{"not_picked":["TH:CursedSword"],"picked":"TH:BikiniMail","floor":9},{"not_picked":["DeathKnight:FrosPresence+1","DeathKnight:BoneShield"],"picked":"DeathKnight:DancingRuneblade+1","floor":11}],"player_experience":1723902,"relics_obtained":[{"floor":7,"key":"Turnip"},{"floor":8,"key":"Meat on the Bone"},{"floor":9,"key":"Bottled Tornado"}],"event_choices":[{"damage_healed":0,"gold_gain":0,"player_choice":"Ignored","damage_taken":0,"max_hp_gain":0,"max_hp_loss":0,"event_name":"Transmorgrifier","floor":2,"gold_loss":0}],"is_beta":false,"boss_relics":[],"items_purged_floors":[],"is_endless":false,"potions_floor_spawned":[3,7],"killed_by":"3 Sentries","ascension_level":0}}