{"host":"9mnb7pbo3pfmmmyl","time":1607767983,"event":{"mods":["Aspiration","BaseMod","Highlight Path","Lobotomy","Minty Spire (QoL Compilation)","MostiFishMod","Shop Mod","StSLib","TestMod","【遗物卡牌】REMEMod","篝火指南"],"gold_per_floor":[114,39,39,57,57,84,84,104,104,132,132,151,177,197,197,293,293,307,307,322,322,322,352,352,384,384,55,81,109,109,141,141,236,236,251,251,15,15,32,64,78,113,191,191,241,259,259,287,137,137,137],"floor_reached":50,"playtime":1498,"items_purged":["Defend_P","Venomology","Masterful Stab+1","Accuracy"],"score":1096,"play_id":"f148278f-ab45-4202-ba3d-bc3a21b7014b","local_time":"20201212181303","is_ascension_mode":true,"campfire_choices":[{"data":"ScreamingWedge","floor":7.0,"key":"SMITH"},{"data":"Blade Dance","floor":15.0,"key":"SMITH"},{"floor":32.0,"key":"RECALL"},{"floor":47.0,"key":"REST"}],"circlet_count":0,"master_deck":["Eruption+1","Vigilance","ScreamingWedge+1","Prostrate+1","Blade Dance+1","Predator+1","Heavy Blade+1","MostiFishMod:PathToVictory","MostiFishMod:GrandStart+1","MostiFishMod:LegendTransform","testmod-PainDetonator+1","testmod-LifeRuler+1"],"relics":["PureWater","testmod-TestBox","DaveBox","REME_ComplimentaryCards","ShadowXiaoBlade","testmod-Temperance","CogitoBucket","RabbitCall","Question Card","PrismaticShard","Molten Egg 2","aspiration:HatOfInfinitePower","ResearcherNote","ImportantClient","RhineSuit","MutagenicStrength","BackwardClock","Incense Burner","testmod-TurbochargingSystem","PreservedInsect","MerchantsRug","Juzu Bracelet","aspiration:StickyExplosives_weak","TakeMeEscape","SkinProphecy","testmod-FatalChain","Lizard Tail","TeardropLocket","REME_HourglassOfDeath","testmod-ConstraintPeriapt","Nunchaku"],"acts_visited":["Exordium","TheCity","TheBeyond"],"potions_floor_usage":[],"damage_taken":[{"damage":0.0,"enemies":"Cultist","floor":1.0,"turns":2.0},{"damage":0.0,"enemies":"2 Louse","floor":4.0,"turns":2.0},{"damage":2.0,"enemies":"3 Sentries","floor":6.0,"turns":6.0},{"damage":0.0,"enemies":"Small Slimes","floor":8.0,"turns":3.0},{"damage":0.0,"enemies":"Lagavulin","floor":10.0,"turns":4.0},{"damage":0.0,"enemies":"Gremlin Gang","floor":12.0,"turns":5.0},{"damage":0.0,"enemies":"3 Sentries","floor":13.0,"turns":3.0},{"damage":0.0,"enemies":"Blue Slaver","floor":14.0,"turns":1.0},{"damage":0.0,"enemies":"Slime Boss","floor":16.0,"turns":2.0},{"damage":0.0,"enemies":"Spheric Guardian","floor":18.0,"turns":1.0},{"damage":1.0,"enemies":"3 Byrds","floor":20.0,"turns":5.0},{"damage":0.0,"enemies":"REME_1_Revenger","floor":23.0,"turns":2.0},{"damage":0.0,"enemies":"Gremlin Leader","floor":25.0,"turns":2.0},{"damage":0.0,"enemies":"Book of Stabbing","floor":28.0,"turns":1.0},{"damage":0.0,"enemies":"Gremlin Leader","floor":31.0,"turns":1.0},{"damage":0.0,"enemies":"Champ","floor":33.0,"turns":3.0},{"damage":17.0,"enemies":"3 Darklings","floor":35.0,"turns":3.0},{"damage":2.0,"enemies":"3 Shapes","floor":39.0,"turns":1.0},{"damage":0.0,"enemies":"Nemesis","floor":40.0,"turns":1.0},{"damage":0.0,"enemies":"Maw","floor":41.0,"turns":3.0},{"damage":0.0,"enemies":"Giant Head","floor":42.0,"turns":2.0},{"damage":0.0,"enemies":"Mind Bloom Boss Battle","floor":45.0,"turns":3.0},{"damage":3.0,"enemies":"4 Shapes","floor":46.0,"turns":1.0},{"damage":0.0,"enemies":"Reptomancer","floor":48.0,"turns":1.0},{"damage":0,"enemies":"FixerMidnight","floor":50,"turns":2}],"seed_played":"1453632710476000022","potions_obtained":[{"floor":8.0,"key":"SkillPotion"},{"floor":10.0,"key":"FearPotion"},{"floor":14.0,"key":"SteroidPotion"},{"floor":33.0,"key":"Block Potion"},{"floor":35.0,"key":"LiquidBronze"},{"floor":41.0,"key":"Dexterity Potion"},{"floor":45.0,"key":"FearPotion"}],"is_trial":false,"path_per_floor":["M","$","?","M","?","E","R","M","T","E","?","M","E","M","R","B",null,"M","?","M","?","?","E","?","E","T","R","E","$","?","E","R","B",null,"M","?","$","?","M","E","M","E","T","?","?","M","R","E","R","B"],"character_chosen":"WATCHER","items_purchased":["MerchantsRug","MostiFishMod:LegendTransform","testmod-FatalChain"],"campfire_rested":1,"item_purchase_floors":[27,27,37],"current_hp_per_floor":[72,72,72,72,65,63,63,63,63,63,49,49,56,56,56,56,79,79,79,78,78,78,78,78,78,78,78,78,78,78,78,78,78,79,62,62,62,62,56,52,48,44,44,44,40,33,59,55,55,52,52],"gold":137,"neow_bonus":"","is_daily":false,"chose_seed":false,"campfire_upgraded":2,"win_rate":0.0,"timestamp":1607767983,"path_taken":["M","$","?","M","?","E","R","M","T","E","?","M","E","M","R","BOSS","M","?","M","?","?","E","?","E","T","R","E","$","?","E","R","BOSS","M","?","$","?","M","E","M","E","T","?","?","M","R","E","R","BOSS"],"items_purchased_type":["Relic","Card","Relic"],"build_version":"2020-11-30","purchased_purges":4,"victory":false,"max_hp_per_floor":[72,72,72,72,72,72,72,72,72,72,72,72,79,79,79,79,79,79,79,79,79,79,79,79,79,79,79,79,79,79,79,79,79,79,79,75,75,75,77,79,81,83,83,83,85,87,87,89,89,91,91],"card_choices":[{"not_picked":["ReachHeaven","Consecrate"],"picked":"Prostrate","floor":1.0},{"not_picked":["Cold Snap+1","Warcry","Evaluate"],"picked":"Blade Dance","floor":4.0},{"not_picked":["PathToVictory","Lockon+1","Dagger Spray+1","Self Repair"],"picked":"SKIP","floor":6.0},{"not_picked":["WaveOfTheHand","Auto Shields","Discord","Gash+1"],"picked":"SKIP","floor":8.0},{"not_picked":["Body Slam+1","True Grit","Harmony+1"],"picked":"Predator+1","floor":10.0},{"not_picked":["Coolheaded","WristCuter+1","Lantern+1"],"picked":"Heavy Blade+1","floor":12.0},{"not_picked":["Predator+1","Wild Strike+1","testmod-RabbitOfFibonacci+1","Sever Soul+1"],"picked":"SKIP","floor":13.0},{"not_picked":["Reprogram","Beak+1","Cloak And Dagger","MostiFishMod:Prepare"],"picked":"SKIP","floor":14.0},{"not_picked":["REME_AllRoundStrike+1","TheSmile","Burst"],"picked":"MostiFishMod:PathToVictory","floor":16.0},{"not_picked":["REME_Cut","Barrage+1","WristCuter+1","Steam+1"],"picked":"SKIP","floor":18.0},{"not_picked":["Body Slam+1","Headbutt+1","Doom and Gloom+1","MostiFishMod:ReadyAimFire"],"picked":"SKIP","floor":20.0},{"not_picked":["Pommel Strike+1","Dagger Throw+1","PathToVictory","Deflect"],"picked":"SKIP","floor":23.0},{"not_picked":["Force Field","Tactician+1","BattleHymn","FlyingSleeves+1"],"picked":"SKIP","floor":25.0},{"not_picked":["Headbutt+1","SashWhip+1","GreenStem","Lamp+1"],"picked":"SKIP","floor":28.0},{"not_picked":["Tough+1","Double Energy","testmod-Bloodthirsty+1","Poisoned Stab+1"],"picked":"SKIP","floor":31.0},{"not_picked":["Beam Cell+1","testmod-ComboMaster+1","Protect"],"picked":"Accuracy","floor":35.0},{"not_picked":["Mind Blast+1","Mayhem","testmod-TradeIn"],"picked":"testmod-PainDetonator+1","floor":38.0},{"not_picked":["FlyingSleeves+1","Second Wind","Dark Shackles","EmptyFist+1"],"picked":"SKIP","floor":39.0},{"not_picked":["CUTE","REME_SelfUpgrade","Penitence","True Grit"],"picked":"SKIP","floor":40.0},{"not_picked":["Iron Wave+1","Blur+1","Loneliness+1","Compile Driver+1"],"picked":"SKIP","floor":41.0},{"not_picked":["Dagger Throw+1","Combust","MostiFishMod:FluxCapactior"],"picked":"testmod-LifeRuler","floor":42.0},{"not_picked":["Rebound+1","Hologram+1","Barrage+1","Heel Hook+1"],"picked":"SKIP","floor":46.0},{"not_picked":["Anger+1","FeatherOfHonor+1","Outmaneuver+1","Accuracy"],"picked":"SKIP","floor":48.0}],"player_experience":476075,"relics_obtained":[{"floor":1.0,"key":"Question Card"},{"floor":1.0,"key":"PrismaticShard"},{"floor":6.0,"key":"Whetstone"},{"floor":9.0,"key":"StrikeDummy"},{"floor":10.0,"key":"aspiration:HatOfInfinitePower"},{"floor":13.0,"key":"Strawberry"},{"floor":16.0,"key":"ImportantClient"},{"floor":23.0,"key":"Incense Burner"},{"floor":25.0,"key":"testmod-TurbochargingSystem"},{"floor":26.0,"key":"PreservedInsect"},{"floor":28.0,"key":"Juzu Bracelet"},{"floor":31.0,"key":"aspiration:StickyExplosives_weak"},{"floor":40.0,"key":"Lizard Tail"},{"floor":42.0,"key":"TeardropLocket"},{"floor":43.0,"key":"REME_HourglassOfDeath"},{"floor":45.0,"key":"testmod-ConstraintPeriapt"},{"floor":48.0,"key":"Nunchaku"}],"event_choices":[{"cards_removed":["Defend_P"],"damage_healed":0.0,"max_hp_gain":0.0,"max_hp_loss":0.0,"gold_gain":0.0,"event_name":"Golden Wing","player_choice":"Card Removal","floor":5.0,"gold_loss":0.0,"damage_taken":7.0},{"damage_healed":0.0,"max_hp_gain":0.0,"max_hp_loss":0.0,"gold_gain":0.0,"event_name":"Shining Light","player_choice":"Entered Light","floor":11.0,"gold_loss":0.0,"damage_taken":14.0,"cards_upgraded":["Strike_P","Prostrate"]},{"damage_healed":0.0,"max_hp_gain":0.0,"max_hp_loss":0.0,"gold_gain":0.0,"event_name":"Drug Dealer","player_choice":"Inject Mutagens","floor":19.0,"gold_loss":0.0,"damage_taken":0.0,"relics_obtained":["MutagenicStrength"]},{"cards_removed":["Strike_P"],"damage_healed":0.0,"max_hp_gain":0.0,"max_hp_loss":0.0,"gold_gain":0.0,"event_name":"Back to Basics","player_choice":"Elegance","floor":21.0,"gold_loss":0.0,"damage_taken":0.0},{"damage_healed":0.0,"max_hp_gain":0.0,"max_hp_loss":0.0,"gold_gain":0.0,"event_name":"给自己的盒子","player_choice":"Ignored","floor":22.0,"gold_loss":0.0,"damage_taken":0.0},{"damage_healed":0.0,"max_hp_gain":0.0,"max_hp_loss":0.0,"gold_gain":0.0,"event_name":"The Woman in Blue","player_choice":"Bought 0 Potions","floor":30.0,"gold_loss":0.0,"damage_taken":0.0},{"damage_healed":0.0,"max_hp_gain":0.0,"max_hp_loss":4.0,"gold_gain":0.0,"event_name":"Winding Halls","player_choice":"Max HP","floor":36.0,"gold_loss":0.0,"damage_taken":0.0},{"damage_healed":0.0,"max_hp_gain":0.0,"max_hp_loss":0.0,"gold_gain":0.0,"event_name":"SensoryStone","player_choice":"Memory 1","floor":38.0,"gold_loss":0.0,"damage_taken":0.0},{"damage_healed":0.0,"max_hp_gain":0.0,"max_hp_loss":0.0,"gold_gain":0.0,"event_name":"Upgrade Shrine","player_choice":"Upgraded","floor":44.0,"gold_loss":0.0,"damage_taken":0.0,"cards_upgraded":["testmod-LifeRuler"]},{"damage_healed":0.0,"max_hp_gain":0.0,"max_hp_loss":0.0,"gold_gain":0.0,"event_name":"MindBloom","player_choice":"Fight","floor":45.0,"gold_loss":0.0,"damage_taken":0.0}],"is_beta":false,"boss_relics":[{"not_picked":["Tiny House","BirthdayGift-Tetrahedron"],"picked":"RhineSuit"},{"not_picked":["Velvet Choker","testmod-IncinerationGenerator"],"picked":"TakeMeEscape"}],"items_purged_floors":[2,27,29,49],"is_endless":false,"potions_floor_spawned":[8,10,14,16,20,33,35,41,45],"killed_by":"FixerMidnight","ascension_level":1}}