{"host":"7cfzm0fn42wwm7gf","time":1607785980,"event":{"mods":["Alarm Clock","BaseMod","Colored Powertips","Highlight Path","Minty Spire (QoL Compilation)","Quick Restart","Relic Stats","Waifu the Spire"],"gold_per_floor":[110,110,127,127,138,138,167,167,191,191,204,204,256,281,281,359,359,346,362,375,7,7,7,36,36,36,56,56,56,56,56,56,129,129,145,155,174,191,210,210,239,239,239,10,26,51,78,78,78,78],"floor_reached":51,"playtime":3607,"items_purged":["Strike_G"],"score":1177,"play_id":"7afd40d2-7dff-424b-80d9-4408fd44b711","local_time":"20201212231300","is_ascension_mode":true,"campfire_choices":[{"data":"Neutralize","floor":6.0,"key":"SMITH"},{"floor":8.0,"key":"REST"},{"data":"Well Laid Plans","floor":10.0,"key":"SMITH"},{"data":"After Image","floor":12.0,"key":"SMITH"},{"data":"Deadly Poison","floor":15.0,"key":"SMITH"},{"floor":23.0,"key":"REST"},{"data":"Tools of the Trade","floor":25.0,"key":"SMITH"},{"data":"Tactician","floor":28.0,"key":"SMITH"},{"data":"Tactician","floor":30.0,"key":"SMITH"},{"data":"Calculated Gamble","floor":32.0,"key":"SMITH"},{"data":"Distraction","floor":40.0,"key":"SMITH"},{"data":"Burst","floor":42.0,"key":"SMITH"},{"floor":49,"key":"REST"}],"circlet_count":0,"master_deck":["AscendersBane","Defend_G","Defend_G","Defend_G","Defend_G","Defend_G","Survivor","Neutralize+1","Tactician+1","Well Laid Plans+1","Underhanded Strike","After Image+1","Deadly Poison+1","Acrobatics","Tools of the Trade+1","Backflip+1","Acrobatics","Tactician+1","Escape Plan","Masterful Stab","Bite","Bite","Bite","Bite","Bite","Calculated Gamble+1","Venomology","Eviscerate","Distraction+1","PiercingWail","Burst+1","Choke","Dash+1","Bouncing Flask","Deadly Poison","Malaise","Dagger Throw+1"],"relics":["Ring of the Serpent","PreservedInsect","Boot","The Specimen","Regal Pillow","MutagenicStrength","Bag of Preparation","Kunai","Philosopher\u0027s Stone","Meat on the Bone","Lizard Tail","HandDrill","Peace Pipe","Pen Nib"],"acts_visited":["Exordium","TheCity","TheBeyond"],"potions_floor_usage":[46,47,50,50,50],"damage_taken":[{"damage":8.0,"enemies":"Jaw Worm","floor":1.0,"turns":6.0},{"damage":6.0,"enemies":"Small Slimes","floor":3.0,"turns":5.0},{"damage":1.0,"enemies":"Cultist","floor":5.0,"turns":6.0},{"damage":50.0,"enemies":"Gremlin Nob","floor":7.0,"turns":6.0},{"damage":2.0,"enemies":"Large Slime","floor":11.0,"turns":9.0},{"damage":11.0,"enemies":"Lagavulin","floor":14.0,"turns":6.0},{"damage":10.0,"enemies":"Hexaghost","floor":16.0,"turns":11.0},{"damage":11.0,"enemies":"2 Thieves","floor":18.0,"turns":4.0},{"damage":5.0,"enemies":"3 Byrds","floor":19.0,"turns":6.0},{"damage":16.0,"enemies":"Snake Plant","floor":20.0,"turns":6.0},{"damage":4.0,"enemies":"Book of Stabbing","floor":24.0,"turns":7.0},{"damage":7.0,"enemies":"3 Cultists","floor":27.0,"turns":6.0},{"damage":63.0,"enemies":"Automaton","floor":33.0,"turns":11.0},{"damage":0.0,"enemies":"Orb Walker","floor":35.0,"turns":3.0},{"damage":27.0,"enemies":"3 Darklings","floor":36.0,"turns":6.0},{"damage":8.0,"enemies":"Transient","floor":37.0,"turns":5.0},{"damage":20.0,"enemies":"Spire Growth","floor":38.0,"turns":5.0},{"damage":3.0,"enemies":"4 Shapes","floor":39.0,"turns":5.0},{"damage":26.0,"enemies":"Giant Head","floor":41.0,"turns":9.0},{"damage":12.0,"enemies":"Writhing Mass","floor":45.0,"turns":8.0},{"damage":0,"enemies":"Mind Bloom Boss Battle","floor":46,"turns":5},{"damage":18,"enemies":"Nemesis","floor":47,"turns":5},{"damage":83,"enemies":"Awakened One","floor":50,"turns":13}],"seed_played":"-5111600127017285617","potions_obtained":[{"floor":5.0,"key":"LiquidBronze"},{"floor":7.0,"key":"DistilledChaos"},{"floor":11.0,"key":"BlessingOfTheForge"},{"floor":19.0,"key":"EntropicBrew"},{"floor":36.0,"key":"SmokeBomb"},{"floor":38.0,"key":"PowerPotion"},{"floor":46,"key":"LiquidMemories"}],"is_trial":false,"path_per_floor":["M","?","M","?","M","R","E","R","T","R","M","R","T","E","R","B",null,"M","M","M","$","?","R","E","R","T","M","R","?","R","?","R","B",null,"M","M","M","M","M","R","E","R","T","$","M","?","E","?","R","B",null],"character_chosen":"THE_SILENT","items_purchased":["Escape Plan","Regal Pillow","CultistPotion","Bouncing Flask","HandDrill","Deadly Poison"],"campfire_rested":3,"item_purchase_floors":[21,21,21,44,44,44],"current_hp_per_floor":[62,67,61,61,60,60,10,34,34,34,34,34,34,25,25,17,66,57,54,40,40,40,79,77,77,77,72,72,72,72,72,72,33,70,78,71,82,76,77,77,58,58,58,58,58,66,52,52,78,21],"gold":78,"neow_bonus":"TEN_PERCENT_HP_BONUS","is_daily":false,"chose_seed":false,"campfire_upgraded":10,"win_rate":0.0,"timestamp":1607785980,"path_taken":["M","?","M","?","M","R","E","R","T","R","M","R","?","E","R","BOSS","M","M","M","$","?","R","E","R","T","M","R","?","R","?","R","BOSS","M","M","M","M","M","R","E","R","T","$","M","?","E","?","R","BOSS"],"items_purchased_type":["Card","Relic","Potion","Card","Relic","Card"],"build_version":"2020-11-30","purchased_purges":1,"victory":true,"max_hp_per_floor":[77,82,82,82,82,82,82,82,82,82,82,82,82,82,82,82,82,82,82,82,82,82,82,82,82,82,82,82,82,82,82,82,82,82,82,82,82,82,82,82,82,82,82,82,82,82,82,78,78,78],"relic_stats":{"Peace Pipe":0,"Regal Pillow":18,"Lizard Tail":0,"counters":[23,153],"PreservedInsect":252,"Pen Nib":[3],"Bag of Preparation":[24],"HandDrill":[20],"Kunai":[40],"Boot":[73],"obtain_stats":[{"Regal Pillow":21,"The Specimen":14,"PreservedInsect":9,"Pen Nib":47,"Bag of Preparation":24,"Boot":13,"Blood Vial":7,"Peace Pipe":46,"Lizard Tail":43,"MutagenicStrength":22,"Philosopher\u0027s Stone":34,"HandDrill":44,"Kunai":26,"Ring of the Serpent":17,"Ring of the Snake":0,"Meat on the Bone":41},{"Regal Pillow":10,"The Specimen":6,"PreservedInsect":4,"Pen Nib":22,"Bag of Preparation":11,"Boot":5,"Blood Vial":4,"Peace Pipe":21,"Lizard Tail":19,"MutagenicStrength":10,"Philosopher\u0027s Stone":13,"HandDrill":19,"Kunai":11,"Ring of the Serpent":7,"Ring of the Snake":0,"Meat on the Bone":19},{"Regal Pillow":65,"The Specimen":38,"PreservedInsect":23,"Pen Nib":140,"Bag of Preparation":72,"Boot":32,"Blood Vial":23,"Peace Pipe":135,"Lizard Tail":122,"MutagenicStrength":65,"Philosopher\u0027s Stone":89,"HandDrill":122,"Kunai":72,"Ring of the Serpent":49,"Ring of the Snake":0,"Meat on the Bone":122}],"Meat on the Bone":12},"card_choices":[{"not_picked":["Acrobatics","Expertise"],"picked":"Tactician","floor":1.0},{"not_picked":["Noxious Fumes","Prepared"],"picked":"Well Laid Plans","floor":3.0},{"not_picked":["Dodge and Roll","Blade Dance"],"picked":"Underhanded Strike","floor":5.0},{"not_picked":["Outmaneuver","Backflip"],"picked":"After Image","floor":7.0},{"not_picked":["Slice","Well Laid Plans"],"picked":"Deadly Poison","floor":11.0},{"not_picked":["Skewer","Grand Finale"],"picked":"Acrobatics","floor":14.0},{"not_picked":["After Image","Grand Finale"],"picked":"Tools of the Trade","floor":16.0},{"not_picked":["Endless Agony+1","Dagger Spray"],"picked":"Backflip+1","floor":18.0},{"not_picked":["Backflip","Heel Hook"],"picked":"Acrobatics","floor":19.0},{"not_picked":["Heel Hook","Sucker Punch"],"picked":"Tactician","floor":20.0},{"not_picked":["Flying Knee","Escape Plan"],"picked":"Masterful Stab","floor":24.0},{"not_picked":["Predator","Poisoned Stab","Dagger Throw"],"picked":"SKIP","floor":27.0},{"not_picked":["Storm of Steel","Wraith Form v2"],"picked":"Venomology","floor":33.0},{"not_picked":["Bane","Deadly Poison"],"picked":"Eviscerate","floor":35.0},{"not_picked":["Outmaneuver+1","Backstab"],"picked":"Distraction","floor":36.0},{"not_picked":["Flechettes","Slice"],"picked":"PiercingWail","floor":37.0},{"not_picked":["Slice","Poisoned Stab"],"picked":"Burst","floor":38.0},{"not_picked":["Dagger Throw","Expertise"],"picked":"Choke","floor":39.0},{"not_picked":["Expertise+1","Dagger Throw"],"picked":"Dash+1","floor":41.0},{"not_picked":["Skewer","Prepared"],"picked":"Malaise","floor":45.0},{"not_picked":["Prepared","Dagger Spray"],"picked":"Dagger Throw+1","floor":47}],"player_experience":97050,"relics_obtained":[{"floor":7.0,"key":"Blood Vial"},{"floor":9.0,"key":"PreservedInsect"},{"floor":13.0,"key":"Boot"},{"floor":14.0,"key":"The Specimen"},{"floor":24.0,"key":"Bag of Preparation"},{"floor":26.0,"key":"Kunai"},{"floor":41.0,"key":"Meat on the Bone"},{"floor":43.0,"key":"Lizard Tail"},{"floor":46,"key":"Peace Pipe"},{"floor":47,"key":"Pen Nib"}],"event_choices":[{"damage_healed":0.0,"max_hp_gain":5.0,"max_hp_loss":0.0,"gold_gain":0.0,"event_name":"Big Fish","player_choice":"Donut","floor":2.0,"gold_loss":0.0,"damage_taken":0.0},{"cards_removed":["Strike_G"],"damage_healed":0.0,"max_hp_gain":0.0,"max_hp_loss":0.0,"gold_gain":0.0,"event_name":"Living Wall","player_choice":"Forget","floor":4.0,"gold_loss":0.0,"damage_taken":0.0},{"damage_healed":0.0,"max_hp_gain":0.0,"max_hp_loss":0.0,"gold_gain":0.0,"event_name":"Drug Dealer","player_choice":"Inject Mutagens","floor":22.0,"gold_loss":0.0,"damage_taken":0.0,"relics_obtained":["MutagenicStrength"]},{"damage_healed":0.0,"max_hp_gain":0.0,"max_hp_loss":0.0,"gold_gain":0.0,"event_name":"Vampires","player_choice":"Became a vampire (Vial)","floor":29.0,"relics_lost":["Blood Vial"],"gold_loss":0.0,"damage_taken":0.0,"cards_obtained":["Bite","Bite","Bite","Bite","Bite"]},{"damage_healed":0.0,"max_hp_gain":0.0,"max_hp_loss":0.0,"gold_gain":0.0,"event_name":"The Library","player_choice":"Read","floor":31.0,"gold_loss":0.0,"damage_taken":0.0,"cards_obtained":["Calculated Gamble"]},{"damage_healed":0,"gold_gain":0,"player_choice":"Fight","damage_taken":0,"max_hp_gain":0,"max_hp_loss":0,"event_name":"MindBloom","floor":46,"gold_loss":0},{"damage_healed":0,"gold_gain":0,"player_choice":"Max HP","damage_taken":0,"max_hp_gain":0,"max_hp_loss":4,"event_name":"Winding Halls","floor":48,"gold_loss":0}],"is_beta":false,"boss_relics":[{"not_picked":["Busted Crown","Sozu"],"picked":"Ring of the Serpent"},{"not_picked":["Velvet Choker","SlaversCollar"],"picked":"Philosopher\u0027s Stone"}],"items_purged_floors":[21],"is_endless":false,"potions_floor_spawned":[5,7,11,19,24,36,38,46,47],"ascension_level":13}}