{"host":"ow9msrs9p2ctkx99","time":1607788990,"event":{"mods":["AchievementEnabler","BaseMod","Colored Map","Colored Powertips","Minty Spire (QoL Compilation)","Permanent Neow","Quick Restart","SuperFastMode"],"gold_per_floor":[14,27,27,44,59,59,70,98,143,159,159,159,170,190,190,264,264,274,199,199,124,142,142,159,184,184,184,209,209,209,242,242,242,242],"floor_reached":33,"playtime":705,"items_purged":["Strike_R"],"score":578,"play_id":"121cecb8-8c12-44a3-a197-ce0b7c662ced","local_time":"20201212170310","is_ascension_mode":true,"campfire_choices":[{"data":"Blood for Blood","floor":6.0,"key":"SMITH"},{"data":"Bash","floor":12.0,"key":"SMITH"},{"data":"Uppercut","floor":15.0,"key":"SMITH"},{"data":"Reaper","floor":23.0,"key":"SMITH"},{"data":"Dual Wield","floor":30,"key":"SMITH"},{"floor":32,"key":"REST"}],"circlet_count":0,"master_deck":["AscendersBane","Strike_R","Strike_R","Defend_R","Defend_R","Defend_R","Defend_R","Bash+1","Blood for Blood+1","Twin Strike","Bloodletting","Cleave","Hemokinesis","Uppercut+1","Shockwave","Offering","Reaper+1","Iron Wave","Dual Wield+1","Flame Barrier+1","Whirlwind+1"],"relics":["Burning Blood","Torii","White Beast Statue","Omamori","Singing Bowl","Black Star","Molten Egg 2","Bag of Marbles","Matryoshka","HornCleat","Strawberry","InkBottle","Self Forming Clay","Pear"],"acts_visited":["Exordium","TheCity"],"potions_floor_usage":[25,25,28,31],"damage_taken":[{"damage":1.0,"enemies":"2 Louse","floor":1.0,"turns":3.0},{"damage":1.0,"enemies":"Cultist","floor":2.0,"turns":3.0},{"damage":24.0,"enemies":"Small Slimes","floor":4.0,"turns":4.0},{"damage":10.0,"enemies":"Looter","floor":5.0,"turns":3.0},{"damage":0.0,"enemies":"Gremlin Gang","floor":7.0,"turns":2.0},{"damage":32.0,"enemies":"3 Sentries","floor":8.0,"turns":8.0},{"damage":1.0,"enemies":"3 Louse","floor":10.0,"turns":3.0},{"damage":5.0,"enemies":"Exordium Wildlife","floor":13.0,"turns":4.0},{"damage":8.0,"enemies":"Blue Slaver","floor":14.0,"turns":3.0},{"damage":33.0,"enemies":"Slime Boss","floor":16.0,"turns":8.0},{"damage":28.0,"enemies":"2 Thieves","floor":18.0,"turns":4.0},{"damage":15.0,"enemies":"3 Byrds","floor":22.0,"turns":4.0},{"damage":31.0,"enemies":"Centurion and Healer","floor":24.0,"turns":5.0},{"damage":30,"enemies":"Slavers","floor":25,"turns":6},{"damage":18,"enemies":"Book of Stabbing","floor":28,"turns":4},{"damage":19,"enemies":"Gremlin Leader","floor":31,"turns":5},{"damage":47,"enemies":"Champ","floor":33,"turns":9}],"seed_played":"-3579261882202393533","potions_obtained":[{"floor":4.0,"key":"AttackPotion"},{"floor":8.0,"key":"EssenceOfSteel"},{"floor":10.0,"key":"Strength Potion"},{"floor":16.0,"key":"Strength Potion"},{"floor":18.0,"key":"DistilledChaos"},{"floor":22.0,"key":"EssenceOfSteel"},{"floor":24.0,"key":"Weak Potion"},{"floor":25,"key":"DistilledChaos"},{"floor":28,"key":"Swift Potion"},{"floor":31,"key":"LiquidMemories"}],"is_trial":false,"path_per_floor":["M","M","?","M","M","R","M","E","T","M","T","R","M","M","R","B",null,"M","?","?","$","M","R","M","E","T","?","E","T","R","E","R","B"],"character_chosen":"IRONCLAD","items_purchased":[],"campfire_rested":1,"item_purchase_floors":[],"current_hp_per_floor":[73,75,75,57,53,53,59,33,33,38,38,38,39,37,37,10,59,37,37,37,37,36,36,24,30,30,30,34,34,34,33,62,22,22],"gold":242,"neow_bonus":"ONE_RARE_RELIC","is_daily":false,"chose_seed":false,"campfire_upgraded":5,"win_rate":0.0,"timestamp":1607788990,"path_taken":["M","M","?","M","M","R","?","E","T","M","?","R","M","M","R","BOSS","M","?","?","$","M","R","M","E","T","?","E","?","R","E","R","BOSS"],"items_purchased_type":[],"build_version":"2020-11-30","purchased_purges":1,"victory":false,"max_hp_per_floor":[75,75,75,75,75,75,75,75,75,75,75,75,75,75,75,75,75,75,75,75,75,77,77,77,77,77,77,86,86,86,98,98,98,98],"card_choices":[{"not_picked":["Sword Boomerang","Rampage"],"picked":"Blood for Blood","floor":1.0},{"not_picked":["Carnage","Flex"],"picked":"Twin Strike","floor":2.0},{"not_picked":["Iron Wave","Heavy Blade"],"picked":"Bloodletting","floor":4.0},{"not_picked":["Searing Blow","Sword Boomerang"],"picked":"Cleave","floor":5.0},{"not_picked":["Second Wind","Carnage"],"picked":"Hemokinesis","floor":7.0},{"not_picked":["Hemokinesis","Juggernaut"],"picked":"Uppercut","floor":8.0},{"not_picked":["Pommel Strike","Carnage","Sentinel"],"picked":"SKIP","floor":10.0},{"not_picked":["Heavy Blade","Bloodletting"],"picked":"Shockwave","floor":13.0},{"not_picked":["Flex","Whirlwind"],"picked":"Offering","floor":14.0},{"not_picked":["Corruption","Feed"],"picked":"Reaper","floor":16.0},{"not_picked":["Cleave","Clash"],"picked":"Iron Wave","floor":18.0},{"not_picked":["Intimidate","Burning Pact","Warcry"],"picked":"Singing Bowl","floor":22.0},{"not_picked":["Inflame","Battle Trance"],"picked":"Flame Barrier+1","floor":24.0},{"not_picked":["Thunderclap+1","Iron Wave+1"],"picked":"Whirlwind+1","floor":25},{"not_picked":["Perfected Strike+1","Twin Strike+1","Combust"],"picked":"Singing Bowl","floor":28},{"not_picked":["Armaments","Feel No Pain","Pummel+1"],"picked":"Singing Bowl","floor":31}],"player_experience":948440,"relics_obtained":[{"floor":8.0,"key":"White Beast Statue"},{"floor":9.0,"key":"Omamori"},{"floor":11.0,"key":"Singing Bowl"},{"floor":25,"key":"Molten Egg 2"},{"floor":25,"key":"Bag of Marbles"},{"floor":26,"key":"Matryoshka"},{"floor":28,"key":"HornCleat"},{"floor":28,"key":"Strawberry"},{"floor":29,"key":"InkBottle"},{"floor":31,"key":"Self Forming Clay"},{"floor":31,"key":"Pear"}],"event_choices":[{"cards_removed":["Strike_R"],"damage_healed":0.0,"max_hp_gain":0.0,"max_hp_loss":0.0,"gold_gain":0.0,"event_name":"Bonfire Elementals","player_choice":"Offered Basic","floor":3.0,"gold_loss":0.0,"damage_taken":0.0},{"cards_removed":["Strike_R"],"damage_healed":0.0,"max_hp_gain":0.0,"max_hp_loss":0.0,"gold_gain":0.0,"event_name":"Beggar","player_choice":"Gave Gold","floor":19.0,"gold_loss":75.0,"damage_taken":0.0},{"damage_healed":0.0,"max_hp_gain":0.0,"max_hp_loss":0.0,"gold_gain":0.0,"event_name":"The Library","player_choice":"Read","floor":20.0,"gold_loss":0.0,"damage_taken":0.0,"cards_obtained":["Dual Wield"]},{"damage_healed":0,"gold_gain":0,"player_choice":"Smashed Altar","damage_taken":0,"max_hp_gain":0,"max_hp_loss":0,"event_name":"Forgotten Altar","floor":27,"gold_loss":0,"cards_obtained":["Decay"]}],"is_beta":false,"boss_relics":[{"not_picked":["Runic Pyramid","Runic Dome"],"picked":"Black Star"}],"items_purged_floors":[21],"is_endless":false,"potions_floor_spawned":[4,8,10,13,14,16,18,22,24,25,28,31],"killed_by":"Champ","ascension_level":16}}