{"host":"z9x5nldzhmx4jdfi","time":1607737752,"event":{"mods":["2.2 Compatiblity","BaseMod","Better Altar","Better Match","Better Note","Better Sensory Stone","Better Third Choice","BetterRewards","Block Reminder","Card Filter","Colored Powertips","Infinite Spire","Jorbs\u0027s Wanderer Trilogy","Minty Spire (QoL Compilation)","Relic Filter","StSLib","Td1madao Mod","The Animator","The Servant 0.9.4","Wandering Minibosses"],"gold_per_floor":[128,160,177,177,4,38,38,86,86,86,105,105,129,149,149,226,226,236,236,249,264,278,336,336,336,336,336,336],"floor_reached":27,"playtime":2354,"items_purged":[],"score":790,"play_id":"1edb0c94-4b19-46dc-a00f-4df7553dcb20","local_time":"20201211194912","is_ascension_mode":true,"campfire_choices":[{"data":"animator:Albedo","floor":7.0,"key":"SMITH"},{"data":"animator:DolaSchwi","floor":12,"key":"SMITH"},{"data":"animator:RinTohsaka","floor":15,"key":"SMITH"}],"circlet_count":0,"master_deck":["AscendersBane","animator:Strike_AccelWorld","animator:Defend_AccelWorld","animator:Strike","animator:Strike","animator:Defend","animator:Defend","animator:Defend","animator:Kuroyukihime+1","animator:LimeBell","animator:RinTohsaka+1","animator:Jibril","animator:Albedo+1","animator:Hans","animator:DolaSchwi+1","animator:DolaCouronne","animator:DolaSchwi","animator:PinaCoLada","animator:LeleiLaLalena","animator:Witch+1","animator:DolaRiku","animator:DolaStephanie"],"relics":["animator:LivingPicture","animator:TheMissingPiece","Anchor","Blood Vial","OrangePellets","infinitespire:Satchel","Potion Belt","Philosopher\u0027s Stone","Akabeko","Nloth\u0027s Gift","infinitespire:FocusingShard"],"acts_visited":["Exordium","TheCity"],"potions_floor_usage":[8,8,23,23,27,27,27,27],"damage_taken":[{"damage":0.0,"enemies":"Small Slimes","floor":1.0,"turns":5.0},{"damage":0.0,"enemies":"Jaw Worm","floor":2.0,"turns":7.0},{"damage":0.0,"enemies":"2 Louse","floor":3.0,"turns":2.0},{"damage":23.0,"enemies":"Lagavulin","floor":6.0,"turns":9.0},{"damage":15,"enemies":"Gremlin Nob","floor":8,"turns":6},{"damage":0,"enemies":"Looter","floor":11,"turns":4},{"damage":0,"enemies":"3 Louse","floor":13,"turns":3},{"damage":0,"enemies":"2 Fungi Beasts","floor":14,"turns":3},{"damage":0,"enemies":"Hexaghost","floor":16,"turns":9},{"damage":25,"enemies":"Shell Parasite","floor":18,"turns":6},{"damage":22,"enemies":"Spheric Guardian","floor":20,"turns":6},{"damage":5,"enemies":"Cultist and Chosen","floor":21,"turns":6},{"damage":12,"enemies":"Centurion and Healer","floor":22,"turns":8},{"damage":17,"enemies":"Gremlin Leader","floor":23,"turns":8},{"damage":36,"enemies":"Slavers","floor":27,"turns":4}],"seed_played":"2568506723641929992","potions_obtained":[{"floor":3.0,"key":"BlessingOfTheForge"},{"floor":11,"key":"animator:FalseLifePotion"},{"floor":13,"key":"Dexterity Potion"},{"floor":16,"key":"Fruit Juice"},{"floor":22,"key":"GamblersBrew"},{"floor":23,"key":"DuplicationPotion"}],"is_trial":false,"path_per_floor":["M","M","M","?","$","E","R","E","T","?","M","R","M","M","R","B",null,"M","?","M","M","M","E","?","?","T","E"],"character_chosen":"THE_ANIMATOR","items_purchased":["Anchor","Blood Vial","PowerPotion","OrangePellets"],"campfire_rested":0,"item_purchase_floors":[0,0,0,5],"current_hp_per_floor":[45,47,49,42,42,21,21,8,8,8,11,11,13,15,15,17,50,27,61,39,37,27,17,17,17,17,0,0],"gold":336,"neow_bonus":"","is_daily":false,"chose_seed":false,"campfire_upgraded":3,"win_rate":0.0,"timestamp":1607737752,"path_taken":["M","M","M","?","$","E","R","E","T","?","M","R","M","M","R","BOSS","M","?","M","M","M","E","?","?","T","E"],"items_purchased_type":["Relic","Relic","Potion","Relic"],"build_version":"2020-11-30","purchased_purges":0,"victory":false,"max_hp_per_floor":[60,60,60,60,60,60,60,60,60,60,61,61,61,61,61,61,61,61,61,61,62,62,67,67,67,67,67,67],"card_choices":[{"not_picked":["animator:Illya","animator:YaoHaDucy"],"picked":"animator:RinTohsaka","floor":1.0},{"not_picked":["animator:ShinjiMatou","animator:Spearman"],"picked":"animator:Jibril","floor":2.0},{"not_picked":["animator:Cocytus","animator:ShinjiMatou"],"picked":"animator:Albedo","floor":3.0},{"not_picked":["animator:FielNirvalen","animator:Assassin"],"picked":"animator:Hans","floor":8},{"not_picked":["animator:ShinjiMatou","animator:CowGirl"],"picked":"animator:DolaSchwi","floor":11},{"not_picked":["animator:ShinjiMatou","animator:Spearman"],"picked":"animator:DolaCouronne","floor":13},{"not_picked":["animator:DolaRiku","animator:DolaStephanie"],"picked":"animator:DolaSchwi","floor":14},{"not_picked":["animator:ChaikaTrabant","animator:Ainz"],"picked":"animator:PinaCoLada","floor":16},{"not_picked":["animator:Darkness","animator:DolaSchwi"],"picked":"animator:LeleiLaLalena","floor":18},{"not_picked":["animator:Gillette","animator:Bozes"],"picked":"animator:Witch+1","floor":20},{"not_picked":["animator:Gillette+1","animator:Rider"],"picked":"animator:DolaRiku","floor":21},{"not_picked":["animator:DolaRiku","animator:Sebas"],"picked":"animator:DolaStephanie","floor":23}],"player_experience":1472866,"relics_obtained":[{"floor":6.0,"key":"infinitespire:Satchel"},{"floor":8,"key":"Potion Belt"},{"floor":9,"key":"Mercury Hourglass"},{"floor":23,"key":"Akabeko"},{"floor":26,"key":"infinitespire:FocusingShard"}],"event_choices":[{"cards_removed":["animator:Strike"],"damage_healed":0.0,"max_hp_gain":0.0,"max_hp_loss":0.0,"gold_gain":0.0,"event_name":"Golden Wing","player_choice":"Card Removal","floor":4.0,"gold_loss":0.0,"damage_taken":7.0},{"damage_healed":34,"gold_gain":0,"player_choice":"Full Heal","damage_taken":0,"max_hp_gain":0,"max_hp_loss":0,"event_name":"Wheel of Change","floor":19,"gold_loss":0},{"damage_healed":0,"gold_gain":0,"player_choice":"Traded Relic","damage_taken":0,"relics_obtained":["Nloth\u0027s Gift"],"max_hp_gain":0,"max_hp_loss":0,"event_name":"N\u0027loth","floor":24,"relics_lost":["Mercury Hourglass"],"gold_loss":0},{"damage_healed":0,"gold_gain":0,"player_choice":"Upgraded","damage_taken":0,"max_hp_gain":0,"max_hp_loss":0,"event_name":"Upgrade Shrine","floor":25,"gold_loss":0,"cards_upgraded":["animator:Kuroyukihime"]}],"is_beta":false,"boss_relics":[{"not_picked":["Empty Cage","animator:CursedBlade"],"picked":"Philosopher\u0027s Stone"}],"items_purged_floors":[],"is_endless":false,"potions_floor_spawned":[3,11,13,16,22,23],"killed_by":"Slavers","ascension_level":20}}