{"host":"l2dnabsh5e0fsksb","time":1607742929,"event":{"mods":["2.2 Compatiblity","BaseMod","Downfall","Minty Spire (QoL Compilation)","Quick Restart","StSLib","TheBandit"],"gold_per_floor":[115,115,40,115,134,134,164,174,201,476,476,506,523,523,523,618,618,635,648,573,573,588,588,588],"floor_reached":23,"playtime":775,"items_purged":["Regret"],"score":249,"play_id":"d174bcb9-0a74-48f4-9f4f-079f3df2af7a","local_time":"20201212134529","is_ascension_mode":false,"campfire_choices":[{"data":"Eruption","floor":6.0,"key":"SMITH"},{"floor":11.0,"key":"REST"},{"floor":15.0,"key":"REST"}],"circlet_count":0,"master_deck":["Strike_P","Strike_P","Strike_P","Strike_P","Defend_P","Defend_P","Defend_P+1","Defend_P","Eruption+1","Vigilance+1","BowlingBash","FlyingSleeves","EmptyFist","ThirdEye","ClearTheMind","Vault","DevaForm","ClearTheMind+1","FlyingSleeves","RitualDagger","Wallop"],"relics":["PureWater","Calipers","Vajra","Juzu Bracelet","War Paint","Blue Candle","VioletLotus"],"acts_visited":["Exordium","TheCity"],"potions_floor_usage":[19,23,23],"damage_taken":[{"damage":0.0,"enemies":"2 Louse","floor":1.0,"turns":3.0},{"damage":1.0,"enemies":"Cultist","floor":5.0,"turns":5.0},{"damage":18.0,"enemies":"3 Sentries","floor":7.0,"turns":4.0},{"damage":3.0,"enemies":"Jaw Worm","floor":8.0,"turns":2.0},{"damage":18.0,"enemies":"Lagavulin","floor":12.0,"turns":6.0},{"damage":3.0,"enemies":"3 Louse","floor":13.0,"turns":3.0},{"damage":1.0,"enemies":"Slime Boss","floor":16.0,"turns":8.0},{"damage":1.0,"enemies":"3 Byrds","floor":18.0,"turns":6.0},{"damage":30,"enemies":"2 Thieves","floor":19,"turns":5},{"damage":16,"enemies":"Chosen and Byrds","floor":22,"turns":6},{"damage":19,"enemies":"Book of Stabbing","floor":23,"turns":6}],"seed_played":"2589798459955725041","potions_obtained":[{"floor":1.0,"key":"Dexterity Potion"},{"floor":5.0,"key":"BlessingOfTheForge"},{"floor":12.0,"key":"Guardian:BlockOnCardUsePotion"},{"floor":13.0,"key":"BottledMiracle"},{"floor":22,"key":"FearPotion"}],"is_trial":false,"path_per_floor":["M","?","$","?","M","R","E","M","T","?","R","E","M","?","R","B",null,"M","M","?","?","M","E"],"character_chosen":"WATCHER","items_purchased":[],"campfire_rested":2,"item_purchase_floors":[],"current_hp_per_floor":[51,51,51,40,39,39,21,18,18,18,39,21,18,15,36,35,72,71,41,41,35,19,0,0],"gold":588,"neow_bonus":"ONE_RARE_RELIC","is_daily":false,"chose_seed":false,"campfire_upgraded":1,"win_rate":0.0,"timestamp":1607742929,"path_taken":["M","?","$","?","M","R","E","M","T","?","R","E","M","?","R","BOSS","M","M","?","?","M","E"],"items_purchased_type":[],"build_version":"2020-11-30","purchased_purges":1,"victory":false,"max_hp_per_floor":[72,72,72,72,72,72,72,72,72,72,72,72,72,72,72,72,72,72,72,72,72,72,72,72],"card_choices":[{"not_picked":["CrushJoints","Protect"],"picked":"BowlingBash","floor":1.0},{"not_picked":["FollowUp","ThirdEye"],"picked":"FlyingSleeves","floor":5.0},{"not_picked":["FlyingSleeves","Evaluate"],"picked":"EmptyFist","floor":7.0},{"not_picked":["Fasting2","Indignation"],"picked":"ThirdEye","floor":8.0},{"not_picked":["EmptyMind","Protect"],"picked":"ClearTheMind","floor":12.0},{"not_picked":["EmptyMind","SashWhip"],"picked":"Vault","floor":13.0},{"not_picked":["Scrawl","Ragnarok"],"picked":"DevaForm","floor":16.0},{"not_picked":["ThirdEye","PathToVictory"],"picked":"ClearTheMind+1","floor":18.0},{"not_picked":["ThirdEye","ClearTheMind"],"picked":"FlyingSleeves","floor":19},{"not_picked":["CutThroughFate","FollowUp"],"picked":"Wallop","floor":22}],"player_experience":1735268,"relics_obtained":[{"floor":7.0,"key":"Juzu Bracelet"},{"floor":12.0,"key":"War Paint"}],"event_choices":[{"damage_healed":0.0,"max_hp_gain":0.0,"max_hp_loss":0.0,"gold_gain":0.0,"event_name":"Big Fish","player_choice":"Box","floor":2.0,"gold_loss":0.0,"damage_taken":0.0,"relics_obtained":["Vajra"],"cards_obtained":["Regret"]},{"damage_healed":0.0,"max_hp_gain":0.0,"max_hp_loss":0.0,"gold_gain":75.0,"event_name":"World of Goop","player_choice":"Gather Gold","floor":4.0,"gold_loss":0.0,"damage_taken":11.0},{"damage_healed":0.0,"max_hp_gain":0.0,"max_hp_loss":0.0,"gold_gain":275.0,"event_name":"Golden Shrine","player_choice":"Desecrate","floor":10.0,"gold_loss":0.0,"damage_taken":0.0,"cards_obtained":["Regret"]},{"damage_healed":0.0,"max_hp_gain":0.0,"max_hp_loss":0.0,"gold_gain":0.0,"event_name":"Scrap Ooze","player_choice":"Success","floor":14.0,"gold_loss":0.0,"damage_taken":3.0,"relics_obtained":["Blue Candle"]},{"cards_removed":["Regret"],"damage_healed":0,"gold_gain":0,"player_choice":"Gave Gold","damage_taken":0,"max_hp_gain":0,"max_hp_loss":0,"event_name":"Beggar","floor":20,"gold_loss":75},{"damage_healed":0,"gold_gain":0,"player_choice":"Joined the Cult","damage_taken":6,"max_hp_gain":0,"max_hp_loss":0,"event_name":"Nest","floor":21,"gold_loss":0,"cards_obtained":["RitualDagger"]}],"is_beta":false,"boss_relics":[{"not_picked":["Pandora\u0027s Box","Astrolabe"],"picked":"VioletLotus"}],"items_purged_floors":[3],"is_endless":false,"potions_floor_spawned":[1,5,12,13,22],"killed_by":"Book of Stabbing","ascension_level":0}}