{"host":"81h68oe4mr04pk3r","time":1607766821,"event":{"mods":["Act Like it!","Aspiration","BaseMod","BetterRewards","Colored Map","Colored Powertips","Conspire","Downfall","Hermit","Hubris","Infinite Spire","Jorbs\u0027s Wanderer Trilogy","Koishi","Lobotomy","LobotomyExtend","Marisa????????","Minty Spire (QoL Compilation)","Quick Restart","Reimu??????","Remilia??????","Replay The Spire","StSLib","The Bug Knight","The Construct","The Cursed","The Disciple","The Servant 0.9.4"],"gold_per_floor":[115,115,129,7,7,7,18,29,82,95,95,110,110,110,110,206,206,216,216,411,411,411,411,424,168,192,18,18,30,30,49,49,144,144,164,214,224,224,224],"floor_reached":38,"playtime":1643,"items_purged":["MachineGunSpark"],"score":364,"play_id":"10a62eae-71a5-43ff-a9e2-3ff2ba99b79c","local_time":"20201212015341","is_ascension_mode":false,"campfire_choices":[{"data":"MachineGunSpark","floor":6,"key":"SMITH"},{"floor":13,"key":"REST"},{"floor":15,"key":"REST"},{"data":"MaximisePower","floor":23,"key":"SMITH"},{"floor":32,"key":"REST"}],"circlet_count":0,"master_deck":["Strike_MRS+1","Strike_MRS+1","Strike_MRS+1","Strike_MRS+1","Defend_MRS","Defend_MRS","Defend_MRS+1","Defend_MRS","MasterSpark+1","UpSweep+1","ChargeUpSpray+1","PowerUp","SuperPerseids","PowerUp","Acceleration","MaximisePower+1","SporeBomb+1","Acceleration","MilkyWay+1","infinitespire:DeathsTouch","UltimateShortwave","ChargeUpSpray","SporeBomb","PowerUp","FairyDestructionRay","6A+1","Escape Plan","EventHorizon","Singularity"],"relics":["MiniHakkero","LetterFromLob","Letter Opener","RedLine:ReiMu","hubris:RunicObelisk","Oddly Smooth Stone","PrismaticShard","Empty Cage","aspiration:AnachronicSnailShell"],"acts_visited":["Exordium","TheCity","TheBeyond"],"potions_floor_usage":[16,33,33,38],"damage_taken":[{"damage":5,"enemies":"Small Slimes","floor":1,"turns":3},{"damage":5,"enemies":"Cultist","floor":3,"turns":4},{"damage":4,"enemies":"2 Louse","floor":7,"turns":2},{"damage":12,"enemies":"Blue Slaver","floor":8,"turns":2},{"damage":5,"enemies":"Looter","floor":10,"turns":2},{"damage":10,"enemies":"Exordium Wildlife","floor":12,"turns":2},{"damage":31,"enemies":"Slime Boss","floor":16,"turns":10},{"damage":2,"enemies":"3 Byrds","floor":18,"turns":3},{"damage":10,"enemies":"Shell Parasite","floor":24,"turns":2},{"damage":28,"enemies":"Centurion and Healer","floor":29,"turns":4},{"damage":0,"enemies":"Snake Plant","floor":31,"turns":2},{"damage":34,"enemies":"Collector","floor":33,"turns":5},{"damage":16,"enemies":"3 Darklings","floor":35,"turns":4},{"damage":7,"enemies":"Mind Bloom Boss Battle","floor":36,"turns":4},{"damage":32,"enemies":"3 Shapes","floor":37,"turns":3},{"damage":21,"enemies":"Sphere and 2 Shapes","floor":38,"turns":4}],"seed_played":"-8080267452350806655","potions_obtained":[{"floor":7,"key":"Strength Potion"},{"floor":12,"key":"Strength Potion"},{"floor":31,"key":"Energy Potion"},{"floor":37,"key":"PowerPotion"}],"is_trial":false,"path_per_floor":["M","?","M","$","?","R","M","M","T","M","?","M","R","M","R","B",null,"M","?","?","?","AVR","R","M","$","T","$","?","M","?","M","R","B",null,"M","?","M","M"],"character_chosen":"MARISA","items_purchased":["PowerUp","MachineGunSpark","ChargeUpSpray","MachineGunSpark","SporeBomb","PowerUp","FairyDestructionRay","WitchLeyline"],"campfire_rested":3,"item_purchase_floors":[4,4,25,25,25,27,27,27],"current_hp_per_floor":[70,70,65,65,50,50,46,34,34,29,29,19,41,41,63,32,75,73,73,73,73,73,73,63,63,63,63,55,27,27,27,49,15,75,59,52,20,0,0],"gold":224,"neow_bonus":"RANDOM_EVENT","is_daily":false,"chose_seed":false,"campfire_upgraded":2,"win_rate":0.0,"timestamp":1607766821,"path_taken":["M","?","?","$","?","R","M","M","T","M","?","M","R","M","R","BOSS","M","?","?","?","AVR","R","M","$","T","$","?","M","?","M","R","BOSS","M","?","M","M"],"items_purchased_type":["Card","Card","Card","Card","Card","Card","Card","Card"],"build_version":"2020-11-30","purchased_purges":1,"victory":false,"max_hp_per_floor":[75,75,75,75,75,75,75,75,75,75,75,75,75,75,75,75,75,75,75,75,75,75,75,75,75,75,75,75,75,75,75,75,75,75,75,75,75,75,75],"card_choices":[{"not_picked":["DC","BlazeAway"],"picked":"PowerUp","floor":1},{"not_picked":["IllusionStar","UnstableBomb"],"picked":"ChargeUpSpray","floor":3},{"not_picked":["6A","Singularity"],"picked":"SuperPerseids","floor":7},{"not_picked":["EscapeVelocity","PropBag"],"picked":"PowerUp","floor":8},{"not_picked":["GalacticHalo","MysteriousBeam"],"picked":"Acceleration","floor":10},{"not_picked":["UnstableBomb","WitchOfGreed","MysteriousBeam"],"picked":"SKIP","floor":12},{"not_picked":["StarDustReverie","FinalSpark"],"picked":"MaximisePower","floor":16},{"not_picked":["IllusionStar+1","6A"],"picked":"SporeBomb+1","floor":18},{"not_picked":["GalacticHalo","IllusionStar"],"picked":"MilkyWay+1","floor":20},{"not_picked":["IllusionStar+1","SuperPerseids+1"],"picked":"UltimateShortwave","floor":24},{"not_picked":["UnstableBomb","Robbery"],"picked":"6A+1","floor":28},{"not_picked":["PrimeTime","construct:ModeShift"],"picked":"Escape Plan","floor":29},{"not_picked":["Slimebound:SlimeSpikes","sneckomod:WideSting","hermit:Misfire"],"picked":"SKIP","floor":31},{"not_picked":["construct:MetalShell+1","Guardian:Reroute+1","HollowMod:ChannelNail+1"],"picked":"SKIP","floor":35},{"not_picked":["sneckomod:Nope","sneckomod:RainOfDice"],"picked":"EventHorizon","floor":36},{"not_picked":["Ricochet","TheCursedMod:CursedMace"],"picked":"Singularity","floor":37}],"player_experience":94964,"relics_obtained":[{"floor":1,"key":"LetterFromLob"},{"floor":9,"key":"Orichalcum"},{"floor":26,"key":"Oddly Smooth Stone"},{"floor":28,"key":"PrismaticShard"},{"floor":36,"key":"aspiration:AnachronicSnailShell"}],"event_choices":[{"cards_removed":["PowerUp"],"damage_healed":0,"gold_gain":0,"player_choice":"Gave Card","damage_taken":0,"relics_obtained":["Letter Opener"],"max_hp_gain":0,"max_hp_loss":0,"event_name":"WeMeetAgain","floor":2,"gold_loss":0},{"damage_healed":0,"gold_gain":0,"player_choice":"Entered Light","damage_taken":15,"max_hp_gain":0,"max_hp_loss":0,"event_name":"Shining Light","floor":5,"gold_loss":0,"cards_upgraded":["UpSweep","Defend_MRS"]},{"damage_healed":0,"gold_gain":0,"player_choice":"Read","damage_taken":0,"max_hp_gain":0,"max_hp_loss":0,"event_name":"The Library","floor":19,"gold_loss":0,"cards_obtained":["Acceleration"]},{"damage_healed":0,"gold_gain":0,"player_choice":"Ignored","damage_taken":0,"max_hp_gain":0,"max_hp_loss":0,"event_name":"Ghosts","floor":21,"gold_loss":0},{"cards_removed":["WitchLeyline"],"damage_healed":0,"gold_gain":0,"player_choice":"Elegance","damage_taken":0,"max_hp_gain":0,"max_hp_loss":0,"event_name":"Back to Basics","floor":30,"gold_loss":0},{"damage_healed":0,"gold_gain":0,"player_choice":"Fight","damage_taken":0,"max_hp_gain":0,"max_hp_loss":0,"event_name":"MindBloom","floor":36,"gold_loss":0}],"is_beta":false,"boss_relics":[{"not_picked":["Replay:Wanted Poster","ChewingGum"],"picked":"RedLine:ReiMu"},{"not_picked":["RampagingMagicTools","hubris:BlackHole"],"picked":"Empty Cage"}],"items_purged_floors":[25],"is_endless":false,"potions_floor_spawned":[7,12,31,37],"killed_by":"Sphere and 2 Shapes","ascension_level":0}}