{"host":"n529wyrjhujcvty3","time":1607765487,"event":{"mods":["Act Like it!","BaseMod","Better Third Choice","Marisa¡]Ãú«B¡@Å]²z¨F¡^","Minty Spire (QoL Compilation)","Shop Mod","StSLib","The Animator"],"gold_per_floor":[119,119,138,138,88,88,118,118,171,183,183,201,201,201,201],"floor_reached":14,"playtime":1123,"items_purged":[],"score":88,"play_id":"ec305a32-8478-4880-b951-82e17f223578","local_time":"20201212173127","is_ascension_mode":false,"campfire_choices":[{"data":"Night Terror","floor":6.0,"key":"SMITH"},{"data":"EarthLightRay","floor":8.0,"key":"SMITH"},{"data":"Machine Learning","floor":11.0,"key":"SMITH"}],"circlet_count":0,"master_deck":["Strike_MRS","Strike_MRS","Strike_MRS","Defend_MRS","Defend_MRS","Defend_MRS","Defend_MRS","MasterSpark","UpSweep","Metamorphosis+1","MeteoricShower","SprinkleStarSeal","Night Terror+1","Machine Learning+1","EarthLightRay+1","MachineGunSpark"],"relics":["MiniHakkero","Toy Ornithopter","Frozen Egg 2","Gremlin Horn","Blood Vial","CultistMask"],"acts_visited":["Exordium"],"potions_floor_usage":[],"damage_taken":[{"damage":0.0,"enemies":"Cultist","floor":1.0,"turns":2.0},{"damage":7.0,"enemies":"Small Slimes","floor":3.0,"turns":3.0},{"damage":25.0,"enemies":"Lagavulin","floor":7.0,"turns":5.0},{"damage":0.0,"enemies":"2 Louse","floor":10.0,"turns":3.0},{"damage":10.0,"enemies":"Large Slime","floor":12.0,"turns":5.0},{"damage":26,"enemies":"3 Sentries","floor":14,"turns":3}],"seed_played":"-3902998129563678075","potions_obtained":[{"floor":10.0,"key":"SteroidPotion"}],"is_trial":false,"path_per_floor":["M","?","M","?","?","R","E","R","T","M","R","M","?","E"],"character_chosen":"MARISA","items_purchased":[],"campfire_rested":0,"item_purchase_floors":[],"current_hp_per_floor":[68,68,61,37,37,37,12,12,12,20,20,18,18,0,0],"gold":201,"neow_bonus":"RANDOM_COLORLESS_2","is_daily":false,"chose_seed":false,"campfire_upgraded":3,"win_rate":0.0,"timestamp":1607765487,"path_taken":["M","?","M","?","?","R","E","R","T","M","R","M","?","E"],"items_purchased_type":[],"build_version":"2020-11-30","purchased_purges":0,"victory":false,"max_hp_per_floor":[68,68,68,68,68,68,68,68,68,68,68,68,68,68,68],"card_choices":[{"not_picked":["Chrysalis","HandOfGreed"],"picked":"Metamorphosis","floor":0.0},{"not_picked":["LuminesStrike","DeepEcoloBomb"],"picked":"MeteoricShower","floor":1.0},{"not_picked":["Acceleration","EnergyRecoil"],"picked":"SprinkleStarSeal","floor":3.0},{"not_picked":["GrandCross","OortCloud+1"],"picked":"EarthLightRay","floor":7.0},{"not_picked":["GalacticHalo","MysteriousBeam","Acceleration"],"picked":"SKIP","floor":10.0},{"not_picked":["ChargingUp","ShootingEcho"],"picked":"MachineGunSpark","floor":12.0}],"player_experience":306393,"relics_obtained":[{"floor":7.0,"key":"Gremlin Horn"},{"floor":9.0,"key":"Blood Vial"}],"event_choices":[{"damage_healed":0.0,"max_hp_gain":0.0,"max_hp_loss":0.0,"gold_gain":0.0,"event_name":"Living Wall","player_choice":"Grow","floor":2.0,"gold_loss":0.0,"damage_taken":0.0,"cards_upgraded":["Metamorphosis"]},{"cards_removed":["Strike_MRS"],"damage_healed":0.0,"max_hp_gain":0.0,"max_hp_loss":0.0,"gold_gain":0.0,"event_name":"The Cleric","player_choice":"Card Removal","floor":5.0,"gold_loss":50.0,"damage_taken":0.0},{"damage_healed":0,"gold_gain":0,"player_choice":"Trade","damage_taken":0,"relics_obtained":["CultistMask"],"max_hp_gain":0,"max_hp_loss":0,"event_name":"FaceTrader","floor":13,"gold_loss":0}],"is_beta":false,"boss_relics":[],"items_purged_floors":[],"is_endless":false,"potions_floor_spawned":[10],"killed_by":"3 Sentries","ascension_level":0}}