{"host":"j4g6ia6asvpyu2b0","time":1607784228,"event":{"mods":["BaseMod","Colored Map","Minty Spire (QoL Compilation)","Permanent Neow","Quick Restart","Relic Stats","StSLib","Unceasing Turn Reminder"],"gold_per_floor":[137,212,243,275,166,199,249,303,303,331,331,341,341,353,353,454,454,472,472,504,684,719,768,792,792,817,394,394,420,437,71,71,170,170,180,219,269,287,307,307,322,357,357,388,388,415,426,452,452,452,452,452,102,129,129],"floor_reached":56,"playtime":2939,"items_purged":["Decay","Strike_R","Strike_R"],"score":2003,"play_id":"64eeeda4-aa6d-4a8a-b259-107606a43540","local_time":"20201212074348","is_ascension_mode":true,"campfire_choices":[{"data":"Dark Embrace","floor":11,"key":"SMITH"},{"data":"Armaments","floor":15,"key":"SMITH"},{"data":"Corruption","floor":25,"key":"SMITH"},{"data":"Whirlwind","floor":28,"key":"SMITH"},{"data":"Feel No Pain","floor":32,"key":"SMITH"},{"data":"Shockwave","floor":40,"key":"SMITH"},{"floor":49,"key":"RECALL"},{"data":"Offering","floor":52,"key":"SMITH"}],"circlet_count":0,"master_deck":["Strike_R","Strike_R","Strike_R","Defend_R","Defend_R","Defend_R","Defend_R","Bash","HandOfGreed","Bloodletting","Infernal Blade","Infernal Blade","Dark Embrace+1","Impervious","Anger","Flex","Armaments+1","Whirlwind+1","Uppercut","Offering+1","Headbutt","Shockwave+1","Uppercut","Corruption+1","Shrug It Off","Pommel Strike","Feel No Pain+1","Limit Break","Disarm+1","Feel No Pain+1","Second Wind+1","Havoc+1","Exhume","Flame Barrier","Double Tap","Battle Trance+1","Body Slam+1","Shockwave","Inflame+1"],"relics":["Black Blood","Omamori","Nunchaku","Potion Belt","Bottled Tornado","Boot","Calling Bell","Toy Ornithopter","Meat on the Bone","Dead Branch","Bronze Scales","Vajra","Lantern","HandDrill","Red Skull","Anchor","FossilizedHelix","Magic Flower","MealTicket","Darkstone Periapt","Regal Pillow","Mummified Hand","Strawberry","Cauldron","Akabeko"],"acts_visited":["Exordium","TheCity","TheBeyond","TheEnding"],"potions_floor_usage":[10,18,23,23,55,55],"damage_taken":[{"damage":11,"enemies":"Jaw Worm","floor":1,"turns":4},{"damage":3,"enemies":"Small Slimes","floor":3,"turns":2},{"damage":3,"enemies":"Cultist","floor":4,"turns":3},{"damage":23,"enemies":"Lagavulin","floor":6,"turns":5},{"damage":20,"enemies":"Exordium Thugs","floor":7,"turns":6},{"damage":16,"enemies":"Gremlin Nob","floor":8,"turns":3},{"damage":33,"enemies":"Lagavulin","floor":10,"turns":5},{"damage":22,"enemies":"Exordium Wildlife","floor":12,"turns":3},{"damage":0,"enemies":"Lots of Slimes","floor":14,"turns":1},{"damage":3,"enemies":"Slime Boss","floor":16,"turns":7},{"damage":10,"enemies":"Chosen","floor":18,"turns":4},{"damage":3,"enemies":"Spheric Guardian","floor":20,"turns":3},{"damage":12,"enemies":"Chosen and Byrds","floor":22,"turns":4},{"damage":14,"enemies":"Gremlin Leader","floor":23,"turns":5},{"damage":23,"enemies":"Slavers","floor":29,"turns":3},{"damage":6,"enemies":"Snake Plant","floor":30,"turns":2},{"damage":2,"enemies":"Automaton","floor":33,"turns":5},{"damage":20,"enemies":"3 Darklings","floor":35,"turns":2},{"damage":14,"enemies":"Orb Walker","floor":36,"turns":3},{"damage":0,"enemies":"Mind Bloom Boss Battle","floor":37,"turns":4},{"damage":0,"enemies":"Sphere and 2 Shapes","floor":38,"turns":4},{"damage":0,"enemies":"Writhing Mass","floor":39,"turns":2},{"damage":0,"enemies":"Maw","floor":41,"turns":4},{"damage":30,"enemies":"Giant Head","floor":42,"turns":7},{"damage":6,"enemies":"Reptomancer","floor":44,"turns":6},{"damage":6,"enemies":"Nemesis","floor":46,"turns":3},{"damage":9,"enemies":"3 Darklings","floor":47,"turns":5},{"damage":0,"enemies":"Reptomancer","floor":48,"turns":3},{"damage":27,"enemies":"Awakened One","floor":50,"turns":5},{"damage":20,"enemies":"Shield and Spear","floor":54,"turns":3},{"damage":0,"enemies":"The Heart","floor":55,"turns":4}],"seed_played":"5872841813269320598","potions_obtained":[{"floor":3,"key":"FairyPotion"},{"floor":4,"key":"BloodPotion"},{"floor":8,"key":"FearPotion"},{"floor":12,"key":"Energy Potion"},{"floor":14,"key":"SpeedPotion"},{"floor":16,"key":"AttackPotion"},{"floor":20,"key":"Strength Potion"},{"floor":23,"key":"BlessingOfTheForge"},{"floor":29,"key":"Weak Potion"},{"floor":37,"key":"SkillPotion"},{"floor":53,"key":"Strength Potion"},{"floor":53,"key":"EntropicBrew"}],"is_trial":false,"path_per_floor":["M","?","M","M","$","E","M","E","T","E","R","M","?","M","R","B",null,"M","?","M","?","M","E","T","R","T","$","R","E","M","$","R","B",null,"M","M","?","M","M","R","M","E","T","E","?","E","M","E","R","B",null,"R","$","E","B",null],"character_chosen":"IRONCLAD","items_purchased":["Dark Embrace","Shrug It Off","HandDrill","Red Skull","Feel No Pain","FossilizedHelix","Shockwave","Cauldron"],"campfire_rested":0,"item_purchase_floors":[5,27,27,27,31,31,53,53],"current_hp_per_floor":[75,64,67,70,70,53,39,29,29,30,30,14,7,13,13,16,64,65,65,68,49,55,57,57,57,57,57,57,52,52,52,52,56,74,66,64,76,80,80,80,80,68,68,80,80,80,80,87,87,78,85,85,87,85,87],"gold":129,"neow_bonus":"RANDOM_COLORLESS_2","is_daily":false,"chose_seed":false,"campfire_upgraded":7,"win_rate":0.0,"timestamp":1607784228,"path_taken":["M","?","M","M","$","E","M","E","T","E","R","M","?","M","R","BOSS","M","?","M","?","?","E","?","R","T","?","R","E","?","$","R","BOSS","M","M","?","M","M","R","M","E","T","E","?","E","M","E","R","BOSS","R","$","E","BOSS"],"items_purchased_type":["Card","Card","Relic","Relic","Card","Relic","Card","Relic"],"build_version":"2020-11-30","purchased_purges":3,"victory":true,"max_hp_per_floor":[80,80,80,80,80,80,80,80,80,80,80,80,80,80,80,80,80,80,80,80,80,80,80,80,80,80,80,80,80,80,80,80,80,80,80,80,80,80,80,80,80,80,80,80,80,80,80,87,87,87,87,87,87,87,87],"relic_stats":{"Darkstone Periapt":0,"Regal Pillow":0,"counters":[31,120],"Dead Branch":[361],"Black Blood":229,"Magic Flower":[24],"Boot":[65],"Nunchaku":[25],"Mummified Hand":[43],"Bronze Scales":[218],"MealTicket":2,"HandDrill":[30],"obtain_stats":[{"Darkstone Periapt":43,"Lantern":24,"Regal Pillow":44,"Vajra":23,"Black Blood":34,"Magic Flower":37,"Bottled Tornado":10,"Boot":13,"Burning Blood":0,"Nunchaku":8,"Mummified Hand":46,"Strawberry":48,"MealTicket":42,"HandDrill":27,"Red Skull":27,"Potion Belt":9,"Dead Branch":17,"Omamori":6,"Akabeko":54,"Calling Bell":17,"Cauldron":53,"Anchor":29,"Bronze Scales":19,"Toy Ornithopter":17,"FossilizedHelix":31,"Meat on the Bone":17},{"Darkstone Periapt":24,"Lantern":14,"Regal Pillow":25,"Vajra":14,"Black Blood":17,"Magic Flower":20,"Bottled Tornado":7,"Boot":8,"Burning Blood":0,"Nunchaku":6,"Mummified Hand":26,"Strawberry":28,"MealTicket":24,"HandDrill":14,"Red Skull":14,"Potion Belt":6,"Dead Branch":10,"Omamori":4,"Akabeko":30,"Calling Bell":10,"Cauldron":29,"Anchor":15,"Bronze Scales":11,"Toy Ornithopter":10,"FossilizedHelix":16,"Meat on the Bone":10},{"Darkstone Periapt":91,"Lantern":55,"Regal Pillow":97,"Vajra":55,"Black Blood":65,"Magic Flower":74,"Bottled Tornado":28,"Boot":31,"Burning Blood":0,"Nunchaku":23,"Mummified Hand":100,"Strawberry":108,"MealTicket":91,"HandDrill":55,"Red Skull":55,"Potion Belt":23,"Dead Branch":39,"Omamori":14,"Akabeko":116,"Calling Bell":39,"Cauldron":113,"Anchor":58,"Bronze Scales":43,"Toy Ornithopter":39,"FossilizedHelix":60,"Meat on the Bone":39}],"Toy Ornithopter":17,"Meat on the Bone":24},"card_choices":[{"not_picked":["Mayhem","Transmutation"],"picked":"HandOfGreed","floor":0},{"not_picked":["Havoc","Body Slam"],"picked":"Bloodletting","floor":1},{"not_picked":["Blood for Blood","Clash"],"picked":"Infernal Blade","floor":3},{"not_picked":["Warcry","Sword Boomerang"],"picked":"Infernal Blade","floor":4},{"not_picked":["Ghostly Armor","Twin Strike"],"picked":"Impervious","floor":6},{"not_picked":["Thunderclap","Heavy Blade"],"picked":"Anger","floor":7},{"not_picked":["Dark Embrace","Body Slam"],"picked":"Flex","floor":8},{"not_picked":["Wild Strike","Warcry"],"picked":"Armaments","floor":10},{"not_picked":["Dark Embrace","Sword Boomerang"],"picked":"Whirlwind","floor":12},{"not_picked":["Intimidate","Perfected Strike"],"picked":"Uppercut","floor":14},{"not_picked":["Juggernaut","Fiend Fire"],"picked":"Offering","floor":16},{"not_picked":["Twin Strike","Heavy Blade"],"picked":"Headbutt","floor":18},{"not_picked":["Thunderclap","Metallicize"],"picked":"Shockwave","floor":20},{"not_picked":["Sentinel","Body Slam"],"picked":"Uppercut","floor":22},{"not_picked":["Battle Trance","Flex"],"picked":"Corruption","floor":23},{"not_picked":["Rupture+1","Bloodletting"],"picked":"Pommel Strike","floor":29},{"not_picked":["Clash","Anger","Armaments+1"],"picked":"SKIP","floor":30},{"not_picked":["Double Tap","Fiend Fire"],"picked":"Limit Break","floor":33},{"not_picked":["Bloodletting","Fire Breathing+1","Anger+1"],"picked":"SKIP","floor":35},{"not_picked":["Wild Strike+1","Anger+1"],"picked":"Disarm+1","floor":36},{"not_picked":["Shrug It Off","Warcry+1"],"picked":"Feel No Pain+1","floor":37},{"not_picked":["Intimidate","Iron Wave+1"],"picked":"Second Wind+1","floor":38},{"not_picked":["Intimidate","Rage+1"],"picked":"Whirlwind+1","floor":39},{"not_picked":["Evolve","Iron Wave+1"],"picked":"Havoc+1","floor":41},{"not_picked":["Wild Strike+1","Sword Boomerang+1"],"picked":"Exhume","floor":42},{"not_picked":["Headbutt+1","Clash+1"],"picked":"Flame Barrier","floor":44},{"not_picked":["Evolve","True Grit"],"picked":"Double Tap","floor":46},{"not_picked":["Warcry","Dropkick+1"],"picked":"Battle Trance+1","floor":47},{"not_picked":["Perfected Strike","Feed"],"picked":"Body Slam+1","floor":48},{"not_picked":["Carnage+1","Burning Pact"],"picked":"Inflame+1","floor":54}],"player_experience":615058,"relics_obtained":[{"floor":6,"key":"Omamori"},{"floor":8,"key":"Nunchaku"},{"floor":9,"key":"Potion Belt"},{"floor":10,"key":"Bottled Tornado"},{"floor":17,"key":"Toy Ornithopter"},{"floor":17,"key":"Meat on the Bone"},{"floor":17,"key":"Dead Branch"},{"floor":23,"key":"Vajra"},{"floor":24,"key":"Lantern"},{"floor":29,"key":"Anchor"},{"floor":37,"key":"Magic Flower"},{"floor":42,"key":"MealTicket"},{"floor":43,"key":"Darkstone Periapt"},{"floor":44,"key":"Regal Pillow"},{"floor":46,"key":"Mummified Hand"},{"floor":48,"key":"Strawberry"},{"floor":54,"key":"Akabeko"}],"event_choices":[{"damage_healed":0,"gold_gain":75,"player_choice":"Gather Gold","damage_taken":11,"max_hp_gain":0,"max_hp_loss":0,"event_name":"World of Goop","floor":2,"gold_loss":0},{"damage_healed":0,"gold_gain":0,"player_choice":"Success","damage_taken":7,"relics_obtained":["Boot"],"max_hp_gain":0,"max_hp_loss":0,"event_name":"Scrap Ooze","floor":13,"gold_loss":0},{"damage_healed":0,"gold_gain":0,"player_choice":"Opened","damage_taken":0,"relics_obtained":["Bronze Scales"],"max_hp_gain":0,"max_hp_loss":0,"event_name":"The Mausoleum","floor":19,"gold_loss":0,"cards_obtained":["Writhe"]},{"damage_healed":0,"gold_gain":180,"player_choice":"GOLD GOLD ","damage_taken":19,"max_hp_gain":0,"max_hp_loss":0,"event_name":"Knowing Skull","floor":21,"potions_obtained":[],"gold_loss":0,"cards_obtained":[]},{"damage_healed":0,"gold_gain":0,"player_choice":"Fight","damage_taken":0,"max_hp_gain":0,"max_hp_loss":0,"event_name":"MindBloom","floor":37,"gold_loss":0},{"cards_removed":["Whirlwind"],"damage_healed":0,"gold_gain":0,"player_choice":"Removed Attack","damage_taken":0,"max_hp_gain":0,"max_hp_loss":0,"event_name":"Falling","floor":45,"gold_loss":0}],"is_beta":false,"boss_relics":[{"not_picked":["Philosopher\u0027s Stone","Runic Cube"],"picked":"Calling Bell"},{"not_picked":["Tiny House","Runic Pyramid"],"picked":"Black Blood"}],"items_purged_floors":[5,27,53],"is_endless":false,"potions_floor_spawned":[3,4,8,12,14,16,20,23,29,37,38,41,42,48,54],"ascension_level":5}}