{"host":"ve9aztkoyqeblvav","time":1607774423,"event":{"mods":["Act Like it!","BaseMod","Colored Map","Colored Powertips","Highlight Path","Minty Spire (QoL Compilation)","Quick Restart","StSLib","The Hierophant","Waifu the Spire"],"gold_per_floor":[109,34,45,60,30,59,59,59,59],"floor_reached":8,"playtime":259,"items_purged":[],"score":112,"play_id":"f813a2aa-88b6-4a0c-b698-c856537ab644","local_time":"20201212200023","is_ascension_mode":true,"campfire_choices":[{"data":"Eruption","floor":7.0,"key":"SMITH"}],"circlet_count":0,"master_deck":["AscendersBane","Strike_P","Strike_P","Strike_P","Strike_P","Defend_P","Defend_P","Defend_P","Eruption+1","Vigilance","ClearTheMind","Establishment","FollowUp","Indignation"],"relics":["Sozu","Ginger"],"acts_visited":["Exordium"],"potions_floor_usage":[],"damage_taken":[{"damage":4.0,"enemies":"2 Louse","floor":1.0,"turns":4.0},{"damage":0.0,"enemies":"Small Slimes","floor":3.0,"turns":3.0},{"damage":0.0,"enemies":"Jaw Worm","floor":4.0,"turns":3.0},{"damage":19.0,"enemies":"Lagavulin","floor":6.0,"turns":7.0},{"damage":34,"enemies":"3 Sentries","floor":8,"turns":7}],"seed_played":"-3981739860498791370","potions_obtained":[],"is_trial":false,"path_per_floor":["M","?","M","M","$","E","R","E"],"character_chosen":"WATCHER","items_purchased":["FollowUp"],"campfire_rested":0,"item_purchase_floors":[5],"current_hp_per_floor":[57,57,57,57,57,38,38,4,4],"gold":59,"neow_bonus":"BOSS_RELIC","is_daily":false,"chose_seed":false,"campfire_upgraded":1,"win_rate":0.0,"timestamp":1607774423,"path_taken":["M","?","M","M","$","E","R","E"],"items_purchased_type":["Card"],"build_version":"2020-11-30","purchased_purges":0,"victory":false,"max_hp_per_floor":[68,68,68,68,68,68,68,68,68],"card_choices":[{"not_picked":["JustLucky","Nirvana","ClearTheMind"],"picked":"SKIP","floor":1.0},{"not_picked":["JustLucky","Nirvana"],"picked":"ClearTheMind","floor":1.0},{"not_picked":["DeceiveReality","WreathOfFlame","FollowUp"],"picked":"SKIP","floor":3.0},{"not_picked":["CutThroughFate","Study"],"picked":"Establishment","floor":4.0},{"not_picked":["JustLucky","PathToVictory"],"picked":"Indignation","floor":6.0}],"player_experience":1621166,"relics_obtained":[{"floor":6.0,"key":"Ginger"}],"event_choices":[{"cards_removed":["Defend_P"],"damage_healed":0.0,"max_hp_gain":0.0,"max_hp_loss":0.0,"gold_gain":0.0,"event_name":"The Cleric","player_choice":"Card Removal","floor":2.0,"gold_loss":75.0,"damage_taken":0.0}],"is_beta":false,"boss_relics":[],"items_purged_floors":[],"is_endless":false,"potions_floor_spawned":[4,6],"killed_by":"3 Sentries","ascension_level":20}}