{"host":"2461dio7vetlq1z3","time":1607807342,"event":{"mods":["AchievementEnabler","Aspiration","BaseMod","Hermit","Lobotomy","Minty Spire (QoL Compilation)","Relic Stats","Spicy Shops","StSLib","Waifu the Spire"],"gold_per_floor":[111,111,111,125,145,171,171,204,277,294,294,331,331,366,366,464,464,510,435,480,211,225,225,225,225],"floor_reached":24,"playtime":1049,"items_purged":["Strike_R"],"score":324,"play_id":"df5575c1-1252-4041-a596-1fbfc943fc5b","local_time":"20201212220902","daily_mods":["Diverse"],"is_ascension_mode":true,"campfire_choices":[{"data":"All Out Attack","floor":7,"key":"SMITH"},{"floor":11,"key":"REST"},{"data":"Wish","floor":13,"key":"SMITH"},{"data":"Bash","floor":15,"key":"SMITH"},{"floor":23,"key":"REST"}],"circlet_count":0,"master_deck":["AscendersBane","Strike_R","Strike_R","Strike_R","Defend_R","Defend_R","Defend_R","Defend_R","Bash+1","hermit:HoleUp","All Out Attack+1","Riddle With Holes","Wish+1","BowlingBash+1","Rip and Tear+1","Feed+1","hermit:Gestalt","Acrobatics+1"],"relics":["Burning Blood","Potion Belt","aspiration:AnachronicSnailShell","Molten Egg 2","Bag of Marbles","Black Star","Regal Pillow"],"acts_visited":["Exordium","TheCity"],"potions_floor_usage":[6,8,16,20,22,22,22],"damage_taken":[{"damage":10,"enemies":"2 Louse","floor":1,"turns":4},{"damage":18,"enemies":"Jaw Worm","floor":4,"turns":6},{"damage":0,"enemies":"Small Slimes","floor":5,"turns":4},{"damage":39,"enemies":"Gremlin Nob","floor":6,"turns":6},{"damage":25,"enemies":"3 Sentries","floor":8,"turns":6},{"damage":2,"enemies":"Exordium Wildlife","floor":10,"turns":3},{"damage":14,"enemies":"Blue Slaver","floor":12,"turns":6},{"damage":23,"enemies":"Gremlin Nob","floor":14,"turns":5},{"damage":11,"enemies":"Hexaghost","floor":16,"turns":9},{"damage":19,"enemies":"Chosen","floor":18,"turns":7},{"damage":45,"enemies":"Shell Parasite","floor":20,"turns":9},{"damage":17,"enemies":"Snake Plant","floor":22,"turns":5},{"damage":65,"enemies":"Book of Stabbing","floor":24,"turns":5}],"seed_played":"-4123626946827499230","potions_obtained":[{"floor":1,"key":"Weak Potion"},{"floor":5,"key":"Fruit Juice"},{"floor":6,"key":"SkillPotion"},{"floor":14,"key":"DistilledChaos"},{"floor":16,"key":"Block Potion"},{"floor":18,"key":"DistilledChaos"}],"is_trial":true,"path_per_floor":["M","?","?","M","M","E","R","E","T","M","R","M","R","E","R","B",null,"M","?","M","$","M","R","E"],"character_chosen":"IRONCLAD","items_purchased":["Regal Pillow","Block Potion"],"campfire_rested":2,"item_purchase_floors":[21,21],"current_hp_per_floor":[68,76,76,64,70,37,37,18,18,22,46,38,38,21,21,16,64,55,55,20,20,14,56,0,0],"gold":225,"neow_bonus":"","is_daily":false,"chose_seed":false,"campfire_upgraded":3,"win_rate":0.0,"timestamp":1607807342,"path_taken":["M","?","?","M","M","E","R","E","T","M","R","M","R","E","R","BOSS","M","?","M","$","M","R","E"],"items_purchased_type":["Relic","Potion"],"build_version":"2020-11-30","purchased_purges":1,"victory":false,"max_hp_per_floor":[80,80,80,80,80,80,80,80,80,80,80,80,80,80,80,80,80,84,84,88,88,93,93,93,93],"relic_stats":{"Regal Pillow":15,"counters":[13,75],"Black Star":0,"obtain_stats":[{"Potion Belt":6,"Regal Pillow":21,"aspiration:AnachronicSnailShell":8,"Molten Egg 2":9,"Bag of Marbles":14,"Black Star":17,"Burning Blood":0},{"Potion Belt":4,"Regal Pillow":11,"aspiration:AnachronicSnailShell":5,"Molten Egg 2":5,"Bag of Marbles":8,"Black Star":9,"Burning Blood":0},{"Potion Belt":20,"Regal Pillow":65,"aspiration:AnachronicSnailShell":26,"Molten Egg 2":26,"Bag of Marbles":40,"Black Star":49,"Burning Blood":0}],"Burning Blood":72},"card_choices":[{"not_picked":["Bane","Adaptation"],"picked":"hermit:HoleUp","floor":1},{"not_picked":["Anger","Deadly Poison"],"picked":"All Out Attack","floor":4},{"not_picked":["EmptyFist","hermit:Coalescence"],"picked":"Riddle With Holes","floor":5},{"not_picked":["hermit:Combo","FlyingSleeves","Barrage"],"picked":"SKIP","floor":6},{"not_picked":["hermit:HoleUp","Defragment"],"picked":"Wish","floor":8},{"not_picked":["Infernal Blade","Seeing Red"],"picked":"BowlingBash+1","floor":10},{"not_picked":["Backflip","Flex"],"picked":"Rip and Tear+1","floor":12},{"not_picked":["Masterful Stab+1","Clash+1","FlurryOfBlows+1"],"picked":"SKIP","floor":14},{"not_picked":["LessonLearned+1","hermit:Magnum+1"],"picked":"Feed+1","floor":16},{"not_picked":["Gash+1","Rampage+1"],"picked":"hermit:Gestalt","floor":18},{"not_picked":["Concentrate","Quick Slash+1"],"picked":"Acrobatics+1","floor":20},{"not_picked":["Clothesline+1","hermit:TrackingShot+1","Leap"],"picked":"SKIP","floor":22}],"player_experience":658845,"relics_obtained":[{"floor":6,"key":"Potion Belt"},{"floor":8,"key":"aspiration:AnachronicSnailShell"},{"floor":9,"key":"Molten Egg 2"},{"floor":14,"key":"Bag of Marbles"}],"event_choices":[{"damage_healed":0,"gold_gain":0,"player_choice":"Ignored","damage_taken":0,"max_hp_gain":0,"max_hp_loss":0,"event_name":"Liars Game","floor":3,"gold_loss":0},{"cards_removed":["Strike_R"],"damage_healed":0,"gold_gain":0,"player_choice":"Gave Gold","damage_taken":0,"max_hp_gain":0,"max_hp_loss":0,"event_name":"Beggar","floor":19,"gold_loss":75}],"is_beta":false,"boss_relics":[{"not_picked":["Tiny House","Runic Cube"],"picked":"Black Star"}],"items_purged_floors":[21],"is_endless":false,"potions_floor_spawned":[1,5,6,14,16,18],"killed_by":"Book of Stabbing","ascension_level":10}}