{"host":"27hat5v0dffgaxzm","time":1607770790,"event":{"mods":["BaseMod","Colored Map","Colored Powertips","Highlight Path","Minty Spire (QoL Compilation)","Permanent Neow","Quick Restart"],"gold_per_floor":[119,119,5,23,41,41,41,41,41,41,55,81,98,123,123,197,197,209,225,238,11,23,23,23,23,50,50,85,67,98,110,110],"floor_reached":31,"playtime":1449,"items_purged":["Strike_G","Defend_G"],"score":530,"play_id":"2031caf0-0440-407a-b0e3-589b0ab19fe4","local_time":"20201212195950","is_ascension_mode":true,"campfire_choices":[{"data":"Outmaneuver","floor":6.0,"key":"SMITH"},{"data":"Tools of the Trade","floor":8.0,"key":"SMITH"},{"data":"Neutralize","floor":10.0,"key":"SMITH"},{"data":"Bullet Time","floor":15.0,"key":"SMITH"},{"floor":23.0,"key":"REST"},{"floor":27.0,"key":"REST"}],"circlet_count":0,"master_deck":["AscendersBane","Strike_G","Strike_G","Strike_G","Strike_G","Defend_G","Defend_G","Defend_G","Survivor","Neutralize+1","Outmaneuver+1","Neutralize","Heel Hook","Terror","Tools of the Trade+1","Dodge and Roll","Underhanded Strike","Dagger Throw","Bullet Time+1","Unload+1","Predator+1","Dodge and Roll+1","Acrobatics","Reflex","Eviscerate+1","Backflip","RitualDagger+1","Decay","Escape Plan","Riddle With Holes+1"],"relics":["Runic Pyramid","Letter Opener","Orichalcum","Molten Egg 2","Sozu","Bag of Marbles","MawBank"],"acts_visited":["Exordium","TheCity"],"potions_floor_usage":[],"damage_taken":[{"damage":0.0,"enemies":"2 Louse","floor":1.0,"turns":3.0},{"damage":0.0,"enemies":"Cultist","floor":4.0,"turns":4.0},{"damage":4.0,"enemies":"Jaw Worm","floor":5.0,"turns":4.0},{"damage":3.0,"enemies":"Looter","floor":11.0,"turns":4.0},{"damage":19.0,"enemies":"3 Sentries","floor":12.0,"turns":10.0},{"damage":2.0,"enemies":"Gremlin Gang","floor":13.0,"turns":5.0},{"damage":3.0,"enemies":"Lagavulin","floor":14.0,"turns":5.0},{"damage":9.0,"enemies":"Hexaghost","floor":16.0,"turns":11.0},{"damage":11.0,"enemies":"Shell Parasite","floor":18.0,"turns":4.0},{"damage":11.0,"enemies":"3 Byrds","floor":19.0,"turns":6.0},{"damage":11.0,"enemies":"Snecko","floor":20.0,"turns":5.0},{"damage":18.0,"enemies":"Snake Plant","floor":22.0,"turns":4.0},{"damage":28.0,"enemies":"Book of Stabbing","floor":28.0,"turns":4.0},{"damage":1,"enemies":"Cultist and Chosen","floor":30,"turns":5},{"damage":27,"enemies":"Shelled Parasite and Fungi","floor":31,"turns":1}],"seed_played":"-1578948687108288108","potions_obtained":[{"floor":5.0,"key":"Explosive Potion"},{"floor":11.0,"key":"Weak Potion"},{"floor":12.0,"key":"Strength Potion"},{"floor":14.0,"key":"CunningPotion"}],"is_trial":false,"path_per_floor":["M","?","$","M","M","R","?","R","T","R","M","E","M","E","R","B",null,"M","M","M","$","M","R","?","?","T","R","E","?","M","M"],"character_chosen":"THE_SILENT","items_purchased":["Heel Hook","Reflex","Eviscerate+1"],"campfire_rested":2,"item_purchase_floors":[3,21,21],"current_hp_per_floor":[59,59,59,59,55,55,55,55,55,55,52,33,31,28,28,19,54,43,32,21,21,3,22,16,16,16,35,7,7,6,0,0],"gold":110,"neow_bonus":"BOSS_RELIC","is_daily":false,"chose_seed":false,"campfire_upgraded":4,"win_rate":0.0,"timestamp":1607770790,"path_taken":["M","?","?","M","?","R","?","R","T","R","M","E","M","E","R","BOSS","M","M","M","$","?","R","?","?","T","R","E","?","?","M"],"items_purchased_type":["Card","Card","Card"],"build_version":"2020-11-30","purchased_purges":2,"victory":false,"max_hp_per_floor":[66,66,66,66,66,66,66,66,66,66,66,66,66,66,66,66,66,66,66,66,66,66,66,66,66,66,66,66,66,66,66,66],"card_choices":[{"not_picked":["Slice","Deflect","Blade Dance"],"picked":"SKIP","floor":1.0},{"not_picked":["Deadly Poison","Noxious Fumes"],"picked":"Terror","floor":4.0},{"not_picked":["Deadly Poison","Riddle With Holes"],"picked":"Tools of the Trade","floor":5.0},{"not_picked":["Bane","Endless Agony"],"picked":"Dodge and Roll","floor":11.0},{"not_picked":["Caltrops","Leg Sweep"],"picked":"Underhanded Strike","floor":12.0},{"not_picked":["Expertise","Dodge and Roll"],"picked":"Dagger Throw","floor":13.0},{"not_picked":["Malaise","Flying Knee+1"],"picked":"Bullet Time","floor":14.0},{"not_picked":["Wraith Form v2","Malaise"],"picked":"Unload+1","floor":16.0},{"not_picked":["Dodge and Roll","Bane+1"],"picked":"Predator+1","floor":18.0},{"not_picked":["Dash+1","Choke+1"],"picked":"Dodge and Roll+1","floor":19.0},{"not_picked":["Cloak And Dagger","Slice+1"],"picked":"Acrobatics","floor":20.0},{"not_picked":["Deadly Poison","Well Laid Plans"],"picked":"Backflip","floor":22.0},{"not_picked":["Malaise","Crippling Poison"],"picked":"Escape Plan","floor":28.0},{"not_picked":["Blade Dance","Deflect"],"picked":"Riddle With Holes+1","floor":30}],"player_experience":303916,"relics_obtained":[{"floor":9.0,"key":"Letter Opener"},{"floor":12.0,"key":"Orichalcum"},{"floor":14.0,"key":"Molten Egg 2"},{"floor":26.0,"key":"Bag of Marbles"},{"floor":28.0,"key":"MawBank"}],"event_choices":[{"damage_healed":0.0,"max_hp_gain":0.0,"max_hp_loss":0.0,"gold_gain":0.0,"event_name":"Match and Keep!","player_choice":"2 cards matched","floor":2.0,"gold_loss":0.0,"damage_taken":0.0,"cards_obtained":["Outmaneuver","Neutralize"]},{"cards_removed":["Defend_G"],"damage_healed":0.0,"max_hp_gain":0.0,"max_hp_loss":0.0,"gold_gain":0.0,"event_name":"Bonfire Elementals","player_choice":"Offered Basic","floor":7.0,"gold_loss":0.0,"damage_taken":0.0},{"damage_healed":0.0,"max_hp_gain":0.0,"max_hp_loss":0.0,"gold_gain":0.0,"event_name":"Nest","player_choice":"Joined the Cult","floor":24.0,"gold_loss":0.0,"damage_taken":6.0,"cards_obtained":["RitualDagger"]},{"damage_healed":0.0,"max_hp_gain":0.0,"max_hp_loss":0.0,"gold_gain":0.0,"event_name":"Forgotten Altar","player_choice":"Smashed Altar","floor":25.0,"gold_loss":0.0,"damage_taken":0.0,"cards_obtained":["Decay"]},{"damage_healed":0.0,"max_hp_gain":0.0,"max_hp_loss":0.0,"gold_gain":0.0,"event_name":"The Woman in Blue","player_choice":"Bought 2 Potions","floor":29.0,"gold_loss":0.0,"damage_taken":0.0}],"is_beta":false,"boss_relics":[{"not_picked":["WristBlade","Fusion Hammer"],"picked":"Sozu"}],"items_purged_floors":[3,21],"is_endless":false,"potions_floor_spawned":[5,11,12,14,18,22,30],"killed_by":"Shelled Parasite and Fungi","ascension_level":20}}