{"host":"ilxricga2547gmyy","time":1607801254,"event":{"mods":["AchievementEnabler","BaseMod","Minty Spire (QoL Compilation)","Quick Restart","StSLib"],"gold_per_floor":[109,125,95,112,33,66,66,26,97,129,144,144,109,141,141,141,141],"floor_reached":16,"playtime":496,"items_purged":[],"score":153,"play_id":"3fec94bf-f92a-43f9-aa22-f0d712061064","local_time":"20201212202734","is_ascension_mode":true,"campfire_choices":[{"floor":7,"key":"REST"},{"floor":12,"key":"REST"},{"data":"Uppercut","floor":15,"key":"SMITH"}],"circlet_count":0,"master_deck":["Strike_R","Strike_R","Strike_R","Strike_R","Strike_R","Defend_R","Defend_R","Defend_R","Defend_R","Bash","Cleave","Shockwave","Rupture","Rupture","Uppercut+1","Seeing Red","Pommel Strike"],"relics":["Burning Blood","Blood Vial","Ancient Tea Set","Shuriken","Unceasing Top","Kunai"],"acts_visited":["Exordium"],"potions_floor_usage":[6,10,10,14,16],"damage_taken":[{"damage":7,"enemies":"Jaw Worm","floor":1,"turns":3},{"damage":6,"enemies":"Cultist","floor":2,"turns":3},{"damage":0,"enemies":"Small Slimes","floor":4,"turns":3},{"damage":57,"enemies":"Lagavulin","floor":6,"turns":9},{"damage":35,"enemies":"3 Sentries","floor":10,"turns":6},{"damage":11,"enemies":"Looter","floor":11,"turns":3},{"damage":23,"enemies":"Gremlin Nob","floor":14,"turns":4},{"damage":68,"enemies":"Hexaghost","floor":16,"turns":11}],"seed_played":"2872959585703345655","potions_obtained":[{"floor":2,"key":"AttackPotion"},{"floor":3,"key":"DistilledChaos"},{"floor":3,"key":"LiquidMemories"},{"floor":6,"key":"BloodPotion"},{"floor":14,"key":"Energy Potion"}],"is_trial":false,"path_per_floor":["M","M","?","M","$","E","R","$","T","E","M","R","?","E","R","B"],"character_chosen":"IRONCLAD","items_purchased":["Rupture","Rupture"],"campfire_rested":2,"item_purchase_floors":[5,8],"current_hp_per_floor":[73,75,75,80,80,29,53,53,53,42,39,63,80,63,63,0,0],"gold":141,"neow_bonus":"RANDOM_COMMON_RELIC","is_daily":false,"chose_seed":false,"campfire_upgraded":1,"win_rate":0.0,"timestamp":1607801254,"path_taken":["M","M","?","M","$","E","R","?","T","E","M","R","?","E","R","BOSS"],"items_purchased_type":["Card","Card"],"build_version":"2020-11-30","purchased_purges":0,"victory":false,"max_hp_per_floor":[80,80,80,80,80,80,80,80,80,80,80,80,80,80,80,80,80],"card_choices":[{"not_picked":["Sever Soul","Sword Boomerang"],"picked":"Cleave","floor":1},{"not_picked":["Sever Soul","Anger","Iron Wave"],"picked":"SKIP","floor":2},{"not_picked":["Rage","Havoc"],"picked":"Shockwave","floor":4},{"not_picked":["Evolve","Sever Soul","Heavy Blade"],"picked":"SKIP","floor":6},{"not_picked":["Bloodletting","Ghostly Armor"],"picked":"Uppercut","floor":10},{"not_picked":["Wild Strike","Perfected Strike"],"picked":"Seeing Red","floor":11},{"not_picked":["Body Slam","Heavy Blade"],"picked":"Pommel Strike","floor":14}],"player_experience":200640,"relics_obtained":[{"floor":6,"key":"Ancient Tea Set"},{"floor":9,"key":"Shuriken"},{"floor":10,"key":"Unceasing Top"},{"floor":14,"key":"Kunai"}],"event_choices":[{"damage_healed":0,"gold_gain":0,"player_choice":"Bought 2 Potions","damage_taken":0,"max_hp_gain":0,"max_hp_loss":0,"event_name":"The Woman in Blue","floor":3,"gold_loss":0},{"damage_healed":20,"gold_gain":0,"player_choice":"Healed","damage_taken":0,"max_hp_gain":0,"max_hp_loss":0,"event_name":"The Cleric","floor":13,"gold_loss":35}],"is_beta":false,"boss_relics":[],"items_purged_floors":[],"is_endless":false,"potions_floor_spawned":[2,6,14],"killed_by":"Hexaghost","ascension_level":6}}