{"host":"m42e09ut1tdo017h","time":1607736083,"event":{"mods":["AchievementEnabler","BaseMod","Block Reminder","Colored Powertips","Displayed Cursed Tome","Highlight Path","Minty Spire (QoL Compilation)","Relic Stats"],"gold_per_floor":[114,114,114,133,133,164,164,197,197,217,292,315,0,24,24,150,150,164,164,164,185,185,223,247,247,247],"floor_reached":25,"playtime":785,"items_purged":[],"score":294,"play_id":"75d4b341-98d6-43ed-a634-3c8bbd64b737","local_time":"20201211202123","is_ascension_mode":true,"campfire_choices":[{"data":"Bludgeon","floor":7.0,"key":"SMITH"},{"floor":15.0,"key":"REST"}],"circlet_count":0,"master_deck":["Strike_R","Strike_R","Strike_R","Strike_R","Strike_R","Defend_R","Defend_R","Defend_R","Defend_R","Bash","Headbutt","Sword Boomerang","Bludgeon+1","Infernal Blade","Inflame","Twin Strike","Heavy Blade","Demon Form","Heavy Blade","Twin Strike","Hemokinesis+1","Inflame+1","Infernal Blade"],"relics":["Burning Blood","NeowsBlessing","Pear","Golden Idol","HornCleat","Tiny Chest","The Courier","Bottled Flame","MealTicket","Philosopher\u0027s Stone","MutagenicStrength","Dream Catcher","White Beast Statue"],"acts_visited":["Exordium","TheCity"],"potions_floor_usage":[24,25,25],"damage_taken":[{"damage":0.0,"enemies":"Small Slimes","floor":1.0,"turns":1.0},{"damage":0.0,"enemies":"2 Louse","floor":4.0,"turns":1.0},{"damage":0.0,"enemies":"Lagavulin","floor":6.0,"turns":1.0},{"damage":40.0,"enemies":"3 Sentries","floor":8.0,"turns":8.0},{"damage":12.0,"enemies":"Jaw Worm","floor":10.0,"turns":2.0},{"damage":6.0,"enemies":"Exordium Wildlife","floor":12.0,"turns":3.0},{"damage":13.0,"enemies":"Blue Slaver","floor":14.0,"turns":2.0},{"damage":35.0,"enemies":"Hexaghost","floor":16.0,"turns":7.0},{"damage":44.0,"enemies":"2 Thieves","floor":18.0,"turns":4.0},{"damage":19.0,"enemies":"Shell Parasite","floor":21.0,"turns":3.0},{"damage":19,"enemies":"Gremlin Leader","floor":23,"turns":6},{"damage":2,"enemies":"Snecko","floor":24,"turns":3},{"damage":53,"enemies":"Book of Stabbing","floor":25,"turns":3}],"seed_played":"4484994791748917698","potions_obtained":[{"floor":1.0,"key":"FearPotion"},{"floor":8.0,"key":"Fire Potion"},{"floor":10.0,"key":"Explosive Potion"},{"floor":12.0,"key":"Fire Potion"},{"floor":18.0,"key":"CultistPotion"},{"floor":24,"key":"BlessingOfTheForge"}],"is_trial":false,"path_per_floor":["M","?","?","M","?","E","R","E","T","M","?","M","$","M","R","B",null,"M","?","?","M","T","E","M","E"],"character_chosen":"IRONCLAD","items_purchased":["Bottled Flame","MealTicket"],"campfire_rested":1,"item_purchase_floors":[13,13],"current_hp_per_floor":[80,65,43,49,79,85,85,51,51,45,34,34,34,27,54,25,90,52,52,52,39,39,26,30,0,0],"gold":247,"neow_bonus":"THREE_ENEMY_KILL","is_daily":false,"chose_seed":false,"campfire_upgraded":1,"win_rate":0.0,"timestamp":1607736083,"path_taken":["M","?","?","M","?","E","R","E","T","M","?","M","$","M","R","BOSS","M","?","?","M","?","E","M","E"],"items_purchased_type":["Relic","Relic"],"build_version":"2020-11-30","purchased_purges":0,"victory":false,"max_hp_per_floor":[80,90,90,90,90,90,90,90,90,90,90,90,90,90,90,90,90,90,90,90,90,90,90,90,90,90],"relic_stats":{"Dream Catcher":0,"counters":[13,44],"Golden Idol":76,"Tiny Chest":1,"MealTicket":0,"obtain_stats":[{"Pear":2,"NeowsBlessing":0,"Golden Idol":3,"The Courier":9,"Burning Blood":0,"White Beast Statue":23,"Bottled Flame":13,"Dream Catcher":22,"HornCleat":6,"MutagenicStrength":19,"Tiny Chest":8,"MealTicket":13,"Philosopher\u0027s Stone":17},{"Pear":1,"NeowsBlessing":0,"Golden Idol":1,"The Courier":4,"Burning Blood":0,"White Beast Statue":11,"Bottled Flame":6,"Dream Catcher":10,"HornCleat":3,"MutagenicStrength":9,"Tiny Chest":4,"MealTicket":6,"Philosopher\u0027s Stone":8},{"Pear":1,"NeowsBlessing":0,"Golden Idol":1,"The Courier":11,"Burning Blood":0,"White Beast Statue":38,"Bottled Flame":16,"Dream Catcher":32,"HornCleat":3,"MutagenicStrength":29,"Tiny Chest":11,"MealTicket":16,"Philosopher\u0027s Stone":25}],"Burning Blood":66},"card_choices":[{"not_picked":["Blood for Blood","Rampage"],"picked":"Headbutt","floor":1.0},{"not_picked":["True Grit","Second Wind"],"picked":"Sword Boomerang","floor":4.0},{"not_picked":["Dropkick","Clash"],"picked":"Bludgeon","floor":6.0},{"not_picked":["Clash","Barricade"],"picked":"Infernal Blade","floor":8.0},{"not_picked":["Thunderclap","Clothesline"],"picked":"Inflame","floor":10.0},{"not_picked":["Perfected Strike","Searing Blow"],"picked":"Twin Strike","floor":12.0},{"not_picked":["Pommel Strike","Blood for Blood"],"picked":"Heavy Blade","floor":14.0},{"not_picked":["Corruption","Bludgeon"],"picked":"Demon Form","floor":16.0},{"not_picked":["True Grit","Warcry+1"],"picked":"Heavy Blade","floor":18.0},{"not_picked":["Second Wind","Headbutt"],"picked":"Hemokinesis+1","floor":21.0},{"not_picked":["Body Slam+1","Warcry"],"picked":"Inflame+1","floor":23},{"not_picked":["Thunderclap","Feel No Pain"],"picked":"Infernal Blade","floor":24}],"player_experience":124952,"relics_obtained":[{"floor":6.0,"key":"HornCleat"},{"floor":8.0,"key":"Tiny Chest"},{"floor":9.0,"key":"The Courier"},{"floor":22.0,"key":"Dream Catcher"},{"floor":23,"key":"White Beast Statue"}],"event_choices":[{"damage_healed":0.0,"max_hp_gain":0.0,"max_hp_loss":0.0,"gold_gain":0.0,"event_name":"Scrap Ooze","player_choice":"Success","floor":2.0,"gold_loss":0.0,"damage_taken":25.0,"relics_obtained":["Pear"]},{"damage_healed":0.0,"max_hp_gain":0.0,"max_hp_loss":0.0,"gold_gain":0.0,"event_name":"Golden Idol","player_choice":"Take Damage","floor":3.0,"gold_loss":0.0,"damage_taken":22.0,"relics_obtained":["Golden Idol"]},{"damage_healed":30.0,"max_hp_gain":0.0,"max_hp_loss":0.0,"gold_gain":0.0,"event_name":"Big Fish","player_choice":"Banana","floor":5.0,"gold_loss":0.0,"damage_taken":0.0},{"damage_healed":0.0,"max_hp_gain":0.0,"max_hp_loss":0.0,"gold_gain":75.0,"event_name":"World of Goop","player_choice":"Gather Gold","floor":11.0,"gold_loss":0.0,"damage_taken":11.0},{"damage_healed":0.0,"max_hp_gain":0.0,"max_hp_loss":0.0,"gold_gain":0.0,"event_name":"Drug Dealer","player_choice":"Inject Mutagens","floor":19.0,"gold_loss":0.0,"damage_taken":0.0,"relics_obtained":["MutagenicStrength"]},{"damage_healed":0.0,"max_hp_gain":0.0,"max_hp_loss":0.0,"gold_gain":0.0,"event_name":"The Library","player_choice":"Read","floor":20.0,"gold_loss":0.0,"damage_taken":0.0,"cards_obtained":["Twin Strike"]}],"is_beta":false,"boss_relics":[{"not_picked":["Velvet Choker","Coffee Dripper"],"picked":"Philosopher\u0027s Stone"}],"items_purged_floors":[],"is_endless":false,"potions_floor_spawned":[1,8,10,12,18,24],"killed_by":"Book of Stabbing","ascension_level":3}}