{"host":"3c27c697js19kaoo","time":1607767720,"event":{"mods":["BaseMod","Dota2Spire","Minty Spire (QoL Compilation)","Quick Restart","Remilia£®¿Ÿ√◊¿Ú—«£©","StSLib","The Cursed","The Servant 0.9.4","°æ“≈ŒÔø®≈∆°øREMEMod"],"gold_per_floor":[110,71,246,321,321,321,45,45,97,97,109,109,144,160,160,264,264,282,282,28,41,55,82,82,113,113,125,150,167,192,204,204,302,302,314,314,166,210,210,235,235,295,295,306,340,380,380,428,428,458],"floor_reached":51,"playtime":2375,"items_purged":[],"score":1182,"play_id":"219abf50-4095-4b30-a1e7-4e39371e0af8","local_time":"20201212180840","is_ascension_mode":true,"campfire_choices":[{"floor":6,"key":"REST"},{"data":"REME_Flogging","floor":12,"key":"SMITH"},{"floor":15,"key":"REST"},{"floor":24,"key":"REST"},{"data":"BestPractice","floor":32,"key":"SMITH"},{"floor":47,"key":"REST"},{"floor":49,"key":"REST"}],"circlet_count":0,"master_deck":["Strike_S+1","Strike_S","Strike_S","Strike_S","Defend_S+1","Defend_S","Defend_S","Defend_S","Exchange","ScarletCoffin+1","Luminosity","BestPractice+1","REME_Flogging+1","Advance+1","Revamp+1","Embodiment+1","Starlight+1","Deny+1","BottledTime+1","Moonlight+1","Duplication+1","Master of Strategy+1","BottledTime+1","RealityMarble+1","Moondial+1"],"relics":["Uniform","REME_ComplimentaryCards","NeowsBlessing","Dota2Spire:BladeMail","Bronze Scales","HornCleat","Toy Ornithopter","Dota2Spire:MantaStyle","Dota2Spire:EtherealBlade","Dota2Spire:Bloodstone","Toxic Egg 2","Dota2Spire:ArcaneBoots","Unceasing Top","Anchor","Meat on the Bone","White Beast Statue","Orichalcum","Dota2Spire:OrchidMalevolence","Vajra","Letter Opener","Fusion Hammer","Dota2Spire:HandOfMidas","Ornamental Fan","Dota2Spire:OctarineCore","RomanBracelet","Bottled Tornado","Molten Egg 2","Gambling Chip"],"acts_visited":["Exordium","TheCity","TheBeyond"],"potions_floor_usage":[30,35,44,50],"damage_taken":[{"damage":7,"enemies":"Small Slimes","floor":1,"turns":5},{"damage":8,"enemies":"2 Louse","floor":11,"turns":1},{"damage":0,"enemies":"Gremlin Nob","floor":13,"turns":2},{"damage":9,"enemies":"Jaw Worm","floor":14,"turns":3},{"damage":30,"enemies":"The Guardian","floor":16,"turns":11},{"damage":1,"enemies":"3 Byrds","floor":18,"turns":2},{"damage":6,"enemies":"Spheric Guardian","floor":21,"turns":5},{"damage":3,"enemies":"Cultist and Chosen","floor":22,"turns":6},{"damage":21,"enemies":"REME_1_Revenger","floor":23,"turns":4},{"damage":13,"enemies":"Slavers","floor":25,"turns":3},{"damage":0,"enemies":"Sentry and Sphere","floor":27,"turns":3},{"damage":0,"enemies":"Gremlin Leader","floor":28,"turns":3},{"damage":0,"enemies":"Snake Plant","floor":29,"turns":3},{"damage":0,"enemies":"Book of Stabbing","floor":30,"turns":4},{"damage":9,"enemies":"Centurion and Healer","floor":31,"turns":11},{"damage":17,"enemies":"Automaton","floor":33,"turns":7},{"damage":0,"enemies":"Orb Walker","floor":35,"turns":2},{"damage":0,"enemies":"3 Shapes","floor":38,"turns":2},{"damage":0,"enemies":"Reptomancer","floor":40,"turns":3},{"damage":27,"enemies":"Nemesis","floor":42,"turns":4},{"damage":0,"enemies":"Writhing Mass","floor":44,"turns":2},{"damage":0,"enemies":"Giant Head","floor":45,"turns":2},{"damage":0,"enemies":"3 Darklings","floor":46,"turns":2},{"damage":0,"enemies":"2 Orb Walkers","floor":48,"turns":1},{"damage":0,"enemies":"Donu and Deca","floor":50,"turns":3}],"seed_played":"-2305079472056383697","potions_obtained":[{"floor":16,"key":"SteroidPotion"},{"floor":18,"key":"FearPotion"},{"floor":25,"key":"EssenceOfSteel"},{"floor":25,"key":"Regen Potion"},{"floor":30,"key":"Strength Potion"},{"floor":35,"key":"EntropicBrew"},{"floor":44,"key":"Dota2Spire:HealingSalve"}],"is_trial":false,"path_per_floor":["M","$","?","?","?","R","$","?","T","?","M","R","E","M","R","B",null,"M","?","$","M","M","E","R","E","T","M","E","M","E","M","R","B",null,"M","?","$","M","?","E","?","E","T","M","E","M","R","?","R","B",null],"character_chosen":"THE_SERVANT","items_purchased":["BestPractice","REME_Flogging","Advance","Toxic Egg 2","Dota2Spire:HandOfMidas"],"campfire_rested":5,"item_purchase_floors":[2,7,7,20,37],"current_hp_per_floor":[58,58,58,47,35,54,54,59,59,52,44,44,44,35,56,26,70,69,69,69,63,60,39,60,47,47,47,68,68,70,70,70,53,70,70,70,70,70,70,70,70,43,43,48,48,70,70,70,70,70],"gold":458,"neow_bonus":"THREE_ENEMY_KILL","is_daily":false,"chose_seed":false,"campfire_upgraded":2,"win_rate":0.0,"timestamp":1607767720,"path_taken":["M","$","?","?","?","R","$","?","T","?","M","R","E","M","R","BOSS","M","?","$","?","M","E","R","E","T","M","E","M","E","M","R","BOSS","M","?","$","M","?","E","?","E","T","?","E","M","R","?","R","BOSS"],"items_purchased_type":["Card","Card","Card","Relic","Relic"],"build_version":"2020-11-30","purchased_purges":0,"victory":true,"max_hp_per_floor":[65,65,65,65,65,65,65,70,70,70,70,70,70,70,70,70,70,70,70,70,70,70,70,70,70,70,70,70,70,70,70,70,70,70,70,70,70,70,70,70,70,70,70,70,70,70,70,70,70,70],"card_choices":[{"not_picked":["Reset","StarChef"],"picked":"Luminosity","floor":1},{"not_picked":["ReturningBlade","Replace","DoubleEdge"],"picked":"SKIP","floor":11},{"not_picked":["Dilation","Barrier"],"picked":"Revamp","floor":13},{"not_picked":["FastForward","Alleviate","Deadline"],"picked":"SKIP","floor":14},{"not_picked":["Solidify","Dilation"],"picked":"Embodiment","floor":16},{"not_picked":["FanOfKnives","Defy+1","Ricochet+1"],"picked":"SKIP","floor":18},{"not_picked":["Shuttle+1","Replace+1","Revamp+1"],"picked":"SKIP","floor":21},{"not_picked":["Alleviate+1","Ricochet","Snipe"],"picked":"SKIP","floor":22},{"not_picked":["Manipulate+1","Collapse"],"picked":"Starlight+1","floor":23},{"not_picked":["TimeWarp","Potential","Unruled"],"picked":"SKIP","floor":25},{"not_picked":["Rewind+1","Collapse","SpecialFormula+1"],"picked":"SKIP","floor":27},{"not_picked":["TimeWarp+1","Collapse","Sunlight"],"picked":"SKIP","floor":28},{"not_picked":["Rearm+1","Replace+1","ShatteredReality"],"picked":"SKIP","floor":29},{"not_picked":["Rewind+1","Alleviate+1","Ricochet"],"picked":"SKIP","floor":30},{"not_picked":["Ricochet+1","SpecialFormula+1","Comet"],"picked":"SKIP","floor":31},{"not_picked":["ForgedInTime+1","PendulumOfEternity"],"picked":"Deny+1","floor":33},{"not_picked":["FanOfKnives","Contraction+1"],"picked":"BottledTime+1","floor":35},{"not_picked":["Starlight+1","Ricochet+1"],"picked":"Moonlight+1","floor":38},{"not_picked":["SurpressingFire+1","Contraction+1"],"picked":"Duplication+1","floor":40},{"not_picked":["Violence+1","HandOfGreed"],"picked":"Master of Strategy+1","floor":41},{"not_picked":["DualDimension+1","Defy+1","Revamp+1"],"picked":"SKIP","floor":42},{"not_picked":["Unruled+1","GearUp+1"],"picked":"BottledTime+1","floor":44},{"not_picked":["Advance+1","Rearm+1"],"picked":"RealityMarble+1","floor":45},{"not_picked":["Alleviate+1","Barrier+1"],"picked":"Moondial+1","floor":46}],"player_experience":100875,"relics_obtained":[{"floor":1,"key":"Dota2Spire:BladeMail"},{"floor":1,"key":"Bronze Scales"},{"floor":9,"key":"Toy Ornithopter"},{"floor":13,"key":"Dota2Spire:MantaStyle"},{"floor":13,"key":"Dota2Spire:EtherealBlade"},{"floor":21,"key":"Dota2Spire:ArcaneBoots"},{"floor":23,"key":"Unceasing Top"},{"floor":25,"key":"Anchor"},{"floor":26,"key":"Meat on the Bone"},{"floor":28,"key":"White Beast Statue"},{"floor":30,"key":"Orichalcum"},{"floor":30,"key":"Dota2Spire:OrchidMalevolence"},{"floor":31,"key":"Vajra"},{"floor":33,"key":"Letter Opener"},{"floor":38,"key":"Ornamental Fan"},{"floor":40,"key":"Dota2Spire:OctarineCore"},{"floor":42,"key":"RomanBracelet"},{"floor":43,"key":"Bottled Tornado"},{"floor":45,"key":"Molten Egg 2"},{"floor":48,"key":"Gambling Chip"}],"event_choices":[{"damage_healed":0,"gold_gain":175,"player_choice":"AGREE","damage_taken":0,"max_hp_gain":0,"max_hp_loss":0,"event_name":"Liars Game","floor":3,"gold_loss":0,"cards_obtained":["Doubt"]},{"damage_healed":0,"gold_gain":75,"player_choice":"Gather Gold","damage_taken":11,"max_hp_gain":0,"max_hp_loss":0,"event_name":"World of Goop","floor":4,"gold_loss":0},{"damage_healed":0,"gold_gain":0,"player_choice":"Success","damage_taken":12,"relics_obtained":["HornCleat"],"max_hp_gain":0,"max_hp_loss":0,"event_name":"Scrap Ooze","floor":5,"gold_loss":0},{"damage_healed":0,"gold_gain":0,"player_choice":"Donut","damage_taken":0,"max_hp_gain":5,"max_hp_loss":0,"event_name":"Big Fish","floor":8,"gold_loss":0},{"cards_removed":["Doubt"],"damage_healed":0,"gold_gain":0,"player_choice":"Card Removal","damage_taken":7,"max_hp_gain":0,"max_hp_loss":0,"event_name":"Golden Wing","floor":10,"gold_loss":0},{"damage_healed":0,"gold_gain":0,"player_choice":"Upgraded","damage_taken":0,"max_hp_gain":0,"max_hp_loss":0,"event_name":"Upgrade Shrine","floor":19,"gold_loss":0,"cards_upgraded":["Embodiment"]},{"damage_healed":0,"gold_gain":0,"player_choice":"Ignored","damage_taken":0,"max_hp_gain":0,"max_hp_loss":0,"event_name":"Tomb of Lord Red Mask","floor":36,"gold_loss":0},{"cards_removed":["KidneyShot"],"damage_healed":0,"gold_gain":0,"player_choice":"Removed Attack","damage_taken":0,"max_hp_gain":0,"max_hp_loss":0,"event_name":"Falling","floor":39,"gold_loss":0},{"damage_healed":0,"gold_gain":0,"player_choice":"Memory 1","damage_taken":0,"max_hp_gain":0,"max_hp_loss":0,"event_name":"SensoryStone","floor":41,"gold_loss":0},{"damage_healed":0,"gold_gain":0,"player_choice":"Fight","damage_taken":0,"max_hp_gain":0,"max_hp_loss":0,"event_name":"Mysterious Sphere","floor":48,"gold_loss":0}],"is_beta":false,"boss_relics":[{"not_picked":["Velvet Choker","Cursed Key"],"picked":"Dota2Spire:Bloodstone"},{"not_picked":["Snecko Eye","Philosopher\u0027s Stone"],"picked":"Fusion Hammer"}],"items_purged_floors":[],"is_endless":false,"potions_floor_spawned":[16,18,25,28,29,30,31,33,35,38,40,42,44,45,46,48],"ascension_level":2}}