{"host":"6gnjg44wf0nz538o","time":1607773041,"event":{"mods":["AchievementEnabler","BaseMod","BetterRewards","Colored Map","Minty Spire (QoL Compilation)","Replay The Spire","Spicy Shops","StSLib"],"gold_per_floor":[112,122,199,199,199,199,211,230,230,230,330,341,341,374,374,470,470,488,488,514,540,151,151,178,32,32,46,74,74,93,109,109,109,109],"floor_reached":33,"playtime":922,"items_purged":[],"score":616,"play_id":"ba351353-c808-40cd-81b7-2753b9645327","local_time":"20201212063721","is_ascension_mode":true,"campfire_choices":[{"floor":6.0,"key":"REST"},{"data":"Whirlwind","floor":10.0,"key":"SMITH"},{"data":"Searing Blow+1","floor":13.0,"key":"SMITH"},{"floor":15.0,"key":"REST"},{"floor":23.0,"key":"REST"},{"floor":32.0,"key":"REST"}],"circlet_count":0,"master_deck":["AscendersBane","Strike_R","Strike_R","Strike_R","Strike_R","Strike_R","Defend_R","Defend_R","Defend_R","Defend_R","Bash","Searing Blow+2","Thunderclap","Whirlwind+1","Bludgeon"],"relics":["Burning Blood","Red Skull","PreservedInsect","Champion Belt","Kunai","Nunchaku","Black Star","MutagenicStrength","MawBank","Membership Card","Tiny Chest","Replay:Ringing Soul","Cauldron","Centennial Puzzle","Pen Nib","Bag of Marbles","Regal Pillow","White Beast Statue","Happy Flower","Pet Ghost"],"acts_visited":["Exordium","TheCity"],"potions_floor_usage":[],"damage_taken":[{"damage":15.0,"enemies":"Small Slimes","floor":1.0,"turns":3.0},{"damage":4.0,"enemies":"2 Louse","floor":2.0,"turns":3.0},{"damage":17.0,"enemies":"Jaw Worm","floor":7.0,"turns":3.0},{"damage":18.0,"enemies":"Large Slime","floor":8.0,"turns":7.0},{"damage":0.0,"enemies":"Gremlin Gang","floor":12.0,"turns":1.0},{"damage":35.0,"enemies":"Lagavulin","floor":14.0,"turns":4.0},{"damage":40.0,"enemies":"Fading Forest","floor":16.0,"turns":11.0},{"damage":33.0,"enemies":"2 Thieves","floor":18.0,"turns":3.0},{"damage":11.0,"enemies":"Spheric Guardian","floor":21.0,"turns":3.0},{"damage":22.0,"enemies":"Gremlin Leader","floor":24.0,"turns":4.0},{"damage":7.0,"enemies":"Snecko","floor":27.0,"turns":3.0},{"damage":29.0,"enemies":"Slavers","floor":28.0,"turns":3.0},{"damage":0.0,"enemies":"Shelled Parasite and Fungi","floor":30.0,"turns":1.0},{"damage":18.0,"enemies":"Snake Plant","floor":31.0,"turns":2.0},{"damage":83,"enemies":"Collector","floor":33,"turns":6}],"seed_played":"6429556476758265469","potions_obtained":[{"floor":12.0,"key":"Cursed Concoction"},{"floor":18.0,"key":"Fire Potion"},{"floor":22.0,"key":"AttackPotion"},{"floor":24.0,"key":"Block Potion"},{"floor":27.0,"key":"Explosive Potion"},{"floor":28.0,"key":"SpeedPotion"},{"floor":31.0,"key":"Elixir"}],"is_trial":false,"path_per_floor":["M","M","?","?","?","R","M","M","T","R","?","M","R","E","R","B",null,"M","?","T","M","$","R","E","$","T","M","E","$","M","M","R","B"],"character_chosen":"IRONCLAD","items_purchased":["Searing Blow+1","Red Skull","PreservedInsect","Champion Belt","Membership Card","Tiny Chest","Replay:Ringing Soul","Cauldron","Bag of Marbles","Regal Pillow"],"campfire_rested":4,"item_purchase_floors":[0,0,0,0,22,22,22,22,25,25],"current_hp_per_floor":[39,41,41,23,49,73,62,50,50,50,50,56,56,27,51,25,66,39,39,39,34,34,58,42,42,42,41,18,18,24,12,51,0,0],"gold":109,"neow_bonus":"","is_daily":false,"chose_seed":false,"campfire_upgraded":2,"win_rate":0.0,"timestamp":1607773041,"path_taken":["M","M","?","?","?","R","M","?","T","R","?","?","R","E","R","BOSS","M","?","?","M","$","R","E","?","T","M","E","$","M","M","R","BOSS"],"items_purchased_type":["Card","Relic","Relic","Relic","Relic","Relic","Relic","Relic","Relic","Relic"],"build_version":"2020-11-30","purchased_purges":0,"victory":false,"max_hp_per_floor":[80,80,80,80,80,80,80,80,80,80,80,80,80,80,80,80,80,80,80,80,80,80,80,80,80,80,80,80,80,80,80,80,80,80],"card_choices":[{"not_picked":["Perfected Strike","Feel No Pain","Havoc"],"picked":"SKIP","floor":1.0},{"not_picked":["Iron Wave","Havoc"],"picked":"Thunderclap","floor":2.0},{"not_picked":["Cleave","ReplayTheSpireMod:Strike From Hell"],"picked":"Whirlwind","floor":7.0},{"not_picked":["Iron Wave","Warcry","Power Through"],"picked":"SKIP","floor":8.0},{"not_picked":["Perfected Strike","Clothesline","Battle Trance"],"picked":"SKIP","floor":12.0},{"not_picked":["Heavy Blade","Carnage","Seeing Red"],"picked":"SKIP","floor":14.0},{"not_picked":["Brutality","Corruption"],"picked":"Bludgeon","floor":16.0},{"not_picked":["Shrug It Off","Iron Wave","Wild Strike"],"picked":"SKIP","floor":18.0},{"not_picked":["ReplayTheSpireMod:Corrosion Curse","Uppercut","Bloodletting"],"picked":"SKIP","floor":21.0},{"not_picked":["Blood for Blood","Perfected Strike","ReplayTheSpireMod:Limb From Limb"],"picked":"SKIP","floor":24.0},{"not_picked":["Dual Wield","Clothesline","Intimidate"],"picked":"SKIP","floor":27.0},{"not_picked":["Replay:Undeath\u0027s Touch","Flex","Iron Wave+1"],"picked":"SKIP","floor":28.0},{"not_picked":["Defy Death","ReplayTheSpireMod:Corrosion Curse+1","Sentinel"],"picked":"SKIP","floor":30.0},{"not_picked":["Rupture","Perfected Strike+1","Sentinel"],"picked":"SKIP","floor":31.0}],"player_experience":495181,"relics_obtained":[{"floor":14.0,"key":"Nunchaku"},{"floor":20.0,"key":"MawBank"},{"floor":24.0,"key":"Centennial Puzzle"},{"floor":24.0,"key":"Pen Nib"},{"floor":26.0,"key":"White Beast Statue"},{"floor":28.0,"key":"Happy Flower"},{"floor":28.0,"key":"Pet Ghost"}],"event_choices":[{"damage_healed":0.0,"max_hp_gain":0.0,"max_hp_loss":0.0,"gold_gain":77.0,"event_name":"Golden Wing","player_choice":"Gained Gold","floor":3.0,"gold_loss":0.0,"damage_taken":0.0},{"damage_healed":0.0,"max_hp_gain":0.0,"max_hp_loss":0.0,"gold_gain":0.0,"event_name":"Scrap Ooze","player_choice":"Success","floor":4.0,"gold_loss":0.0,"damage_taken":18.0,"relics_obtained":["Kunai"]},{"damage_healed":26.0,"max_hp_gain":0.0,"max_hp_loss":0.0,"gold_gain":0.0,"event_name":"Big Fish","player_choice":"Banana","floor":5.0,"gold_loss":0.0,"damage_taken":0.0},{"damage_healed":0.0,"max_hp_gain":0.0,"max_hp_loss":0.0,"gold_gain":100.0,"event_name":"Golden Shrine","player_choice":"Pray","floor":11.0,"gold_loss":0.0,"damage_taken":0.0},{"damage_healed":0.0,"max_hp_gain":0.0,"max_hp_loss":0.0,"gold_gain":0.0,"event_name":"Drug Dealer","player_choice":"Inject Mutagens","floor":19.0,"gold_loss":0.0,"damage_taken":0.0,"relics_obtained":["MutagenicStrength"]}],"is_beta":false,"boss_relics":[{"not_picked":["Black Blood","Runic Pyramid"],"picked":"Black Star"}],"items_purged_floors":[],"is_endless":false,"potions_floor_spawned":[12,18,24,27,28,30,31],"killed_by":"Collector","ascension_level":12}}