{"host":"9mnb7pbo3pfmmmyl","time":1607799952,"event":{"mods":["Aspiration","BaseMod","Highlight Path","Lobotomy","Minty Spire (QoL Compilation)","MostiFishMod","Shop Mod","StSLib","TestMod","【遗物卡牌】REMEMod","篝火指南"],"gold_per_floor":[113,22,34,46,61,94,94,129,129,143,158,158,178,191,191,262,262,280,295,305,305,505,535,535,560,560,594,595,595],"floor_reached":28,"playtime":774,"items_purged":[],"score":759,"play_id":"b79e2ca9-0a90-46a4-aef2-a51f58ca5e33","local_time":"20201213030552","is_ascension_mode":true,"campfire_choices":[{"data":"testmod-PerfectCombo","floor":7.0,"key":"SMITH"},{"floor":12.0,"key":"REST"},{"data":"InTheNameOfLoveAndHate","floor":15.0,"key":"SMITH"},{"floor":24,"key":"REST"}],"circlet_count":0,"master_deck":["AscendersBane","Strike_B","Strike_B","Strike_B","Strike_B","Defend_B","Defend_B","Defend_B","Defend_B","Zap","Dualcast","InTheNameOfLoveAndHate+1","testmod-PerfectCombo+1","REME_FirmDetermination","REME_Cut","MostiFishMod:OrdinaryWorld"],"relics":["Cracked Core","testmod-TestBox","DaveBox","REME_ComplimentaryCards","ExusiaiGun","testmod-EqualTreatment","CogitoBucket","RabbitCall","Question Card","PrismaticShard","testmod-Fortitude","Smiling Mask","Regal Pillow","AspirationHeart","ImportantClient","BirthdayGift-Tetrahedron","SkinProphecy","Pantograph","testmod-Acrobat","Oddly Smooth Stone","PreservedInsect"],"acts_visited":["Exordium","TheCity"],"potions_floor_usage":[],"damage_taken":[{"damage":12.0,"enemies":"Jaw Worm","floor":1.0,"turns":2.0},{"damage":0.0,"enemies":"2 Louse","floor":3.0,"turns":1.0},{"damage":0.0,"enemies":"Cultist","floor":4.0,"turns":2.0},{"damage":0.0,"enemies":"3 Louse","floor":5.0,"turns":1.0},{"damage":0.0,"enemies":"Gremlin Nob","floor":6.0,"turns":2.0},{"damage":0.0,"enemies":"3 Sentries","floor":8.0,"turns":2.0},{"damage":33.0,"enemies":"Red Slaver","floor":10.0,"turns":4.0},{"damage":0.0,"enemies":"2 Fungi Beasts","floor":11.0,"turns":1.0},{"damage":0.0,"enemies":"Looter","floor":13.0,"turns":1.0},{"damage":0.0,"enemies":"Large Slime","floor":14.0,"turns":2.0},{"damage":18,"enemies":"The Guardian","floor":16,"turns":5},{"damage":19,"enemies":"Spheric Guardian","floor":18,"turns":3},{"damage":13,"enemies":"2 Thieves","floor":19,"turns":2},{"damage":2,"enemies":"Centurion and Healer","floor":20,"turns":2},{"damage":23,"enemies":"Slavers","floor":23,"turns":3},{"damage":14,"enemies":"Book of Stabbing","floor":25,"turns":2},{"damage":2,"enemies":"Gremlin Leader","floor":27,"turns":2},{"damage":0,"enemies":"Chosen and Byrds","floor":28,"turns":1}],"seed_played":"-8463033001578926402","potions_obtained":[{"floor":3.0,"key":"EntropicBrew"}],"is_trial":false,"path_per_floor":["M","$","M","M","M","E","R","E","T","M","M","R","M","M","R","B",null,"M","M","M","?","?","E","R","E","T","E","M"],"character_chosen":"DEFECT","items_purchased":["testmod-PerfectCombo"],"campfire_rested":2,"item_purchase_floors":[2],"current_hp_per_floor":[52,52,52,52,52,52,52,52,52,29,29,68,68,68,68,50,73,54,37,31,31,31,4,45,27,27,21,13,13],"gold":595,"neow_bonus":"","is_daily":false,"chose_seed":false,"campfire_upgraded":2,"win_rate":0.0,"timestamp":1607799952,"path_taken":["M","$","M","M","M","E","R","E","T","M","M","R","M","M","R","BOSS","M","M","M","?","?","E","R","E","T","E","?"],"items_purchased_type":["Card"],"build_version":"2020-11-30","purchased_purges":0,"victory":false,"max_hp_per_floor":[71,71,71,71,71,71,71,71,71,81,81,81,81,81,81,81,81,81,83,85,85,85,87,87,89,89,91,95,95],"card_choices":[{"not_picked":["Loop","Barrage","REME_Whirling"],"picked":"SKIP","floor":1.0},{"not_picked":["Dagger Throw","Dramatic Entrance","Twin Strike"],"picked":"REME_FirmDetermination","floor":3.0},{"not_picked":["MostiFishMod:BrandingRite","Whirlwind","FollowUp","Flame Barrier"],"picked":"SKIP","floor":4.0},{"not_picked":["InnerPeace","ThirdEye","MostiFishMod:MemoryFragments","Shrug It Off"],"picked":"SKIP","floor":5.0},{"not_picked":["Twin Strike","Blade Dance","Tough","MostiFishMod:Awakening"],"picked":"SKIP","floor":6.0},{"not_picked":["Rebound","Heavy Blade","Good Instincts","CUTE"],"picked":"SKIP","floor":8.0},{"not_picked":["Backflip","Undo","Redo","Havoc"],"picked":"SKIP","floor":10.0},{"not_picked":["Anger","Tempest","Dash"],"picked":"REME_Cut","floor":11.0},{"not_picked":["Sucker Punch","CUTE","SomewhereSpear","SashWhip"],"picked":"SKIP","floor":13.0},{"not_picked":["Body Slam","Sentinel","Prostrate"],"picked":"MostiFishMod:OrdinaryWorld","floor":14.0},{"not_picked":["Hello World","RapturousDream","Warcry","Tough"],"picked":"SKIP","floor":18},{"not_picked":["Havoc+1","testmod-Automaton","Dagger Throw","ShedSkin+1"],"picked":"SKIP","floor":19},{"not_picked":["Eviscerate","Quick Slash","MostiFishMod:Distribution","Fasting2+1"],"picked":"SKIP","floor":20},{"not_picked":["ShedSkin","Cleave","Cloak And Dagger","ForeignInfluence"],"picked":"SKIP","floor":23},{"not_picked":["Underhanded Strike","SomewhereSpear+1","Dark Embrace","Amita"],"picked":"SKIP","floor":25},{"not_picked":["JustLucky","Impervious","Spore","BootSequence"],"picked":"SKIP","floor":27}],"player_experience":480402,"relics_obtained":[{"floor":1.0,"key":"Question Card"},{"floor":1.0,"key":"PrismaticShard"},{"floor":6.0,"key":"testmod-Fortitude"},{"floor":8.0,"key":"Smiling Mask"},{"floor":9.0,"key":"Regal Pillow"},{"floor":16,"key":"ImportantClient"},{"floor":23,"key":"Pantograph"},{"floor":25,"key":"testmod-Acrobat"},{"floor":26,"key":"Oddly Smooth Stone"},{"floor":27,"key":"PreservedInsect"}],"event_choices":[{"damage_healed":0,"gold_gain":0,"player_choice":"Ignored","damage_taken":0,"max_hp_gain":0,"max_hp_loss":0,"event_name":"给自己的盒子","floor":21,"gold_loss":0},{"damage_healed":0,"gold_gain":250,"player_choice":"Bet on Owner","damage_taken":0,"max_hp_gain":0,"max_hp_loss":0,"event_name":"The Joust","floor":22,"gold_loss":50}],"is_beta":false,"boss_relics":[{"not_picked":["Fusion Hammer","aspiration:IroncladSkillbook"],"picked":"BirthdayGift-Tetrahedron"}],"items_purged_floors":[],"is_endless":false,"potions_floor_spawned":[3,10,11,13,16,18,19],"killed_by":"Chosen and Byrds","ascension_level":20}}