{"host":"uu8qcv8llpcbwyus","time":1607755517,"event":{"mods":["BaseMod","CapriCore","Conspire","Downfall","Hubris","MarisaÅiñ∂âJÅ@ñÇóùçπÅj","Minty Spire (QoL Compilation)","ReimuÅiîé??öÎÅj","RemiliaÅiÂQïƒ‰ª?Åj","Replay The Spire","StSLib","The Administrix","The Animator","The Gatherer","The Immortal","The Servant 0.9.4","TheSwordswoman","WarShipGirlsR/??è≠èóR mod","Åy?ï˚ìÒéü?çÏÅzî™â]éámod"],"gold_per_floor":[113,73,23,98,111,111,111,122,122,69,69,83,83,101,101,198,198,209,209,209,209,229,229,240,240,240,240,220,1,14,14,114,114,134,34,76,26,26,39,39,87,87,112,112,128,128,128,128],"floor_reached":51,"playtime":1906,"items_purged":["MokouMod:Defend","MokouMod:Defend"],"score":838,"play_id":"c51638ae-fe18-4272-9d68-f3be151bbab0","local_time":"20201211224517","is_ascension_mode":true,"campfire_choices":[{"data":"MokouMod:IndiscriminateIgnition","floor":6.0,"key":"SMITH"},{"data":"MokouMod:Sear","floor":11.0,"key":"SMITH"},{"data":"MokouMod:FlareStarter","floor":13.0,"key":"SMITH"},{"data":"MokouMod:DanceofFlames","floor":15.0,"key":"SMITH"},{"data":"MokouMod:HeatSpark","floor":23.0,"key":"SMITH"},{"data":"MokouMod:IgneousBlow","floor":25.0,"key":"SMITH"},{"data":"MokouMod:Defend","floor":27.0,"key":"SMITH"},{"data":"MokouMod:Stoke","floor":32.0,"key":"SMITH"},{"data":"MokouMod:InfernalWave","floor":40,"key":"SMITH"},{"data":"MokouMod:Extinguish","floor":42,"key":"SMITH"},{"data":"MokouMod:ShiftIgnition","floor":44,"key":"SMITH"},{"data":"MokouMod:Stoke","floor":46,"key":"SMITH"},{"data":"MokouMod:PhoenixFeathers","floor":49,"key":"SMITH"}],"circlet_count":0,"master_deck":["MokouMod:Strike","MokouMod:Strike","MokouMod:Strike","MokouMod:Defend+1","MokouMod:HeatSpark+1","MokouMod:IndiscriminateIgnition+1","MokouMod:FlareStarter+1","MokouMod:Sear+1","MokouMod:DanceofFlames+1","MokouMod:Extinguish+1","MokouMod:HeatCyclone+1","MokouMod:Overheat+1","MokouMod:IgneousBlow+1","MokouMod:Stoke+1","MokouMod:InfernalWave+1","MokouMod:ShiftIgnition+1","MokouMod:Stoke+1","MokouMod:ControlledCombustion+1","MokouMod:PhoenixFeathers+1"],"relics":["MokouMod:PhoenixFeather","PaintedHorse:ReiMu","Bag of Marbles","Coffee Dripper","Replay:Bottled Steam","Ornamental Fan","hubris:Teleporter","Blood Vial","RedLine:ReiMu","Tea:ReiMu","RuthlessExorcism:ReiMu","Lantern"],"acts_visited":["Exordium","TheCity","TheBeyond"],"potions_floor_usage":[47,50],"damage_taken":[{"damage":12.0,"enemies":"Jaw Worm","floor":1.0,"turns":3.0},{"damage":5.0,"enemies":"2 Louse","floor":5.0,"turns":3.0},{"damage":0.0,"enemies":"conspire:RoseBush","floor":8.0,"turns":4.0},{"damage":12.0,"enemies":"Lots of Slimes","floor":12.0,"turns":3.0},{"damage":0.0,"enemies":"2 Fungi Beasts","floor":14.0,"turns":2.0},{"damage":31.0,"enemies":"Hexaghost","floor":16.0,"turns":11.0},{"damage":13.0,"enemies":"Spheric Guardian","floor":18.0,"turns":4.0},{"damage":0.0,"enemies":"3 Byrds","floor":19.0,"turns":1.0},{"damage":13.0,"enemies":"Snecko","floor":22.0,"turns":8.0},{"damage":0.0,"enemies":"Snake Plant","floor":24.0,"turns":4.0},{"damage":0.0,"enemies":"conspire:HollyBat","floor":31.0,"turns":4.0},{"damage":22.0,"enemies":"Collector","floor":33.0,"turns":5.0},{"damage":0.0,"enemies":"3 Darklings","floor":35.0,"turns":5.0},{"damage":0,"enemies":"Orb Walker","floor":41,"turns":3},{"damage":1,"enemies":"4 Shapes","floor":47,"turns":4},{"damage":76,"enemies":"Donu and Deca","floor":50,"turns":8}],"seed_played":"2315433043289316491","potions_obtained":[{"floor":7.0,"key":"FearPotion"},{"floor":7.0,"key":"Fruit Juice"},{"floor":7.0,"key":"Swift Potion"},{"floor":8.0,"key":"conspire:TimeTravelPotion"},{"floor":12.0,"key":"Energy Potion"},{"floor":16.0,"key":"SmokeBomb"},{"floor":28.0,"key":"SkillPotion"},{"floor":33.0,"key":"Swift Potion"},{"floor":35.0,"key":"Swift Potion"}],"is_trial":false,"path_per_floor":["M","?","?","?","M","R","?","M","T","$","R","M","R","M","R","B",null,"M","M","T","T","M","R","M","R","T","R","?","$","M","R","B",null,"M","$","?","$","R","M","R","T","R","T","R","M","?","R","B",null],"character_chosen":"MKU","items_purchased":["MokouMod:Sear","Blood Vial","MokouMod:Stoke"],"campfire_rested":0,"item_purchase_floors":[10,29,38],"current_hp_per_floor":[38,38,38,31,26,26,31,31,31,31,31,19,19,19,19,10,63,50,50,50,50,37,37,37,37,37,37,37,37,39,39,19,65,67,67,47,47,71,73,80,80,80,80,80,79,79,79,4],"gold":128,"neow_bonus":"REMOVE_TWO","is_daily":false,"chose_seed":false,"campfire_upgraded":13,"win_rate":0.0,"timestamp":1607755517,"path_taken":["M","?","?","?","?","R","?","M","T","$","R","?","R","M","R","BOSS","M","M","?","?","M","R","M","R","T","R","?","$","?","R","BOSS","M","$","?","$","R","M","R","T","R","?","R","M","?","R","BOSS"],"items_purchased_type":["Card","Relic","Card"],"build_version":"2020-11-30","purchased_purges":2,"victory":true,"max_hp_per_floor":[75,75,75,75,75,75,80,80,80,80,80,80,80,80,80,80,80,80,80,80,80,80,80,80,80,80,80,80,80,80,80,80,80,80,80,80,80,80,80,80,80,80,80,80,80,80,80,80],"card_choices":[{"not_picked":["MokouMod:EternalBurstReactor","MokouMod:ResoluteFlare"],"picked":"MokouMod:IndiscriminateIgnition","floor":1.0},{"not_picked":["MokouMod:BlazingComet","MokouMod:Singe"],"picked":"MokouMod:FlareStarter","floor":5.0},{"not_picked":["MokouMod:IgneousBlow","MokouMod:ScorchingColumn","MokouMod:SearingShot"],"picked":"SKIP","floor":8.0},{"not_picked":["MokouMod:RoaringFlare","MokouMod:Overheat","MokouMod:Combust"],"picked":"SKIP","floor":12.0},{"not_picked":["MokouMod:Ember","MokouMod:Geothermal"],"picked":"MokouMod:DanceofFlames","floor":14.0},{"not_picked":["MokouMod:ExplosiveFlame","MokouMod:RadiantBlade"],"picked":"MokouMod:Extinguish","floor":16.0},{"not_picked":["MokouMod:RisingSunBarrier","MokouMod:Refresh"],"picked":"MokouMod:HeatCyclone+1","floor":18.0},{"not_picked":["MokouMod:UncontrollableSolarReaction+1","MokouMod:FlickeringFlame"],"picked":"MokouMod:Overheat+1","floor":22.0},{"not_picked":["MokouMod:ImperishableFlame","MokouMod:Wildfire"],"picked":"MokouMod:IgneousBlow","floor":24.0},{"not_picked":["MokouMod:Ember","MokouMod:BlazingComet"],"picked":"MokouMod:Stoke","floor":31.0},{"not_picked":["MokouMod:Fireball+1","MokouMod:RoaringFlare+1","MokouMod:DanceofFlames+1"],"picked":"SKIP","floor":35.0},{"not_picked":["MokouMod:Overheat","MokouMod:BlazingComet+1"],"picked":"MokouMod:InfernalWave","floor":37},{"not_picked":["MokouMod:Refresh+1","MokouMod:Singe+1"],"picked":"MokouMod:ShiftIgnition","floor":37},{"not_picked":["MokouMod:Ember+1","MokouMod:EnchantingBambooForest"],"picked":"MokouMod:ControlledCombustion+1","floor":41},{"not_picked":["MokouMod:BlazingComet+1","MokouMod:Firecracker+1","MokouMod:CrimsonFlare+1"],"picked":"SKIP","floor":47}],"player_experience":1105458,"relics_obtained":[{"floor":9.0,"key":"Bag of Marbles"},{"floor":20.0,"key":"Replay:Bottled Steam"},{"floor":21.0,"key":"Ornamental Fan"},{"floor":26.0,"key":"hubris:Teleporter"},{"floor":37,"key":"Tea:ReiMu"},{"floor":43,"key":"RuthlessExorcism:ReiMu"},{"floor":45,"key":"Lantern"}],"event_choices":[{"damage_healed":0.0,"max_hp_gain":0.0,"max_hp_loss":0.0,"gold_gain":0.0,"event_name":"yidonshenshe","player_choice":"Donate","floor":2.0,"gold_loss":40.0,"damage_taken":0.0,"relics_obtained":["PaintedHorse:ReiMu"]},{"cards_removed":["MokouMod:Strike"],"damage_healed":0.0,"max_hp_gain":0.0,"max_hp_loss":0.0,"gold_gain":0.0,"event_name":"The Cleric","player_choice":"Card Removal","floor":3.0,"gold_loss":50.0,"damage_taken":0.0},{"damage_healed":0.0,"max_hp_gain":0.0,"max_hp_loss":0.0,"gold_gain":75.0,"event_name":"FaceTrader","player_choice":"Touch","floor":4.0,"gold_loss":0.0,"damage_taken":7.0},{"damage_healed":0.0,"max_hp_gain":0.0,"max_hp_loss":0.0,"gold_gain":0.0,"event_name":"Lab","player_choice":"Got Potions","floor":7.0,"gold_loss":0.0,"damage_taken":0.0},{"damage_healed":0.0,"max_hp_gain":0.0,"max_hp_loss":0.0,"gold_gain":0.0,"event_name":"The Woman in Blue","player_choice":"Bought 1 Potion","floor":28.0,"gold_loss":0.0,"damage_taken":0.0}],"is_beta":false,"boss_relics":[{"not_picked":["Tiny House","Replay:Drink Me"],"picked":"Coffee Dripper"},{"not_picked":["Replay:Bronze Core","hubris:BlackHole"],"picked":"RedLine:ReiMu"}],"items_purged_floors":[29,36],"is_endless":false,"potions_floor_spawned":[8,12,14,16,31,33,35],"ascension_level":6}}