{"host":"sabve5zmqufxyc5o","time":1607752871,"event":{"mods":["2.2 Compatiblity","AchievementEnabler","Act Like it!","BaseMod","Block Reminder","Colored Map","Colored Powertips","DeckTracker","KOR Keyword Fix","Keyboard Shortcuts","Minty Spire (QoL Compilation)","Quick Restart","Rare Cards Sparkle","Relic Stats","StSLib","SuperFastMode"],"gold_per_floor":[114,125,125,145,60,60,81,125,148,148,30,30,48,69,89,89,178,178,201,214,214,228,228,228],"floor_reached":23,"playtime":427,"items_purged":["Strike_B"],"score":380,"play_id":"19eccc99-8fed-4314-9483-07f6d462b6d0","local_time":"20201212150111","is_ascension_mode":true,"campfire_choices":[{"data":"Zap","floor":6.0,"key":"SMITH"},{"floor":10.0,"key":"REST"},{"data":"Defragment","floor":16.0,"key":"SMITH"}],"circlet_count":0,"master_deck":["AscendersBane","Strike_B","Strike_B","Strike_B","Defend_B","Defend_B","Defend_B","Defend_B","Zap+1","Dualcast","Electrodynamics","Genetic Algorithm","Go for the Eyes","Thunder Strike","Self Repair","Cold Snap","Ball Lightning","Defragment+1","Compile Driver","Conserve Battery","All For One","Coolheaded","Echo Form","Glacier"],"relics":["FrozenCore","Golden Idol","Anchor","Tiny Chest"],"acts_visited":["Exordium","TheCity"],"potions_floor_usage":[17,17],"damage_taken":[{"damage":5.0,"enemies":"Small Slimes","floor":1.0,"turns":2.0},{"damage":0.0,"enemies":"2 Louse","floor":2.0,"turns":1.0},{"damage":5.0,"enemies":"Cultist","floor":4.0,"turns":4.0},{"damage":12.0,"enemies":"Exordium Thugs","floor":7.0,"turns":5.0},{"damage":26.0,"enemies":"3 Sentries","floor":8.0,"turns":5.0},{"damage":7.0,"enemies":"Large Slime","floor":13.0,"turns":5.0},{"damage":0.0,"enemies":"2 Fungi Beasts","floor":14.0,"turns":2.0},{"damage":0.0,"enemies":"Gremlin Gang","floor":15.0,"turns":3.0},{"damage":28,"enemies":"Hexaghost","floor":17,"turns":7},{"damage":19,"enemies":"3 Byrds","floor":19,"turns":3},{"damage":15,"enemies":"2 Thieves","floor":20,"turns":5},{"damage":27,"enemies":"Snecko","floor":22,"turns":6},{"damage":33,"enemies":"3 Cultists","floor":23,"turns":3}],"seed_played":"7988188695665228249","potions_obtained":[{"floor":1.0,"key":"SpeedPotion"},{"floor":4.0,"key":"Block Potion"},{"floor":13.0,"key":"PowerPotion"},{"floor":14.0,"key":"LiquidBronze"},{"floor":19,"key":"DuplicationPotion"},{"floor":20,"key":"SpeedPotion"}],"is_trial":false,"path_per_floor":["M","M","?","M","$","R","M","E","T","R","$","$","M","M","M","R","B",null,"M","M","?","M","M"],"character_chosen":"DEFECT","items_purchased":["Self Repair","Defragment"],"campfire_rested":1,"item_purchase_floors":[5,11],"current_hp_per_floor":[59,59,59,54,54,54,49,30,30,49,49,49,49,56,63,63,42,59,47,39,39,26,0,0],"gold":228,"neow_bonus":"ONE_RANDOM_RARE_CARD","is_daily":false,"chose_seed":false,"campfire_upgraded":2,"win_rate":0.0,"timestamp":1607752871,"path_taken":["M","M","?","M","$","R","M","E","T","R","$","$","M","M","M","R","BOSS","M","M","?","?","M"],"items_purchased_type":["Card","Card"],"build_version":"2020-11-30","purchased_purges":1,"victory":false,"max_hp_per_floor":[71,71,64,64,64,64,64,64,64,64,64,64,64,64,64,64,64,64,64,64,64,64,64,64],"relic_stats":{"counters":[13,51],"Golden Idol":58,"Tiny Chest":0,"obtain_stats":[{"Anchor":8,"Golden Idol":3,"Tiny Chest":9,"Cracked Core":0,"FrozenCore":18},{"Anchor":5,"Golden Idol":2,"Tiny Chest":5,"Cracked Core":0,"FrozenCore":9},{"Anchor":17,"Golden Idol":3,"Tiny Chest":17,"Cracked Core":0,"FrozenCore":34}],"FrozenCore":[5]},"card_choices":[{"not_picked":["Barrage","Redo"],"picked":"Genetic Algorithm","floor":1.0},{"not_picked":["Leap","Steam"],"picked":"Go for the Eyes","floor":2.0},{"not_picked":["FTL","Compile Driver"],"picked":"Thunder Strike","floor":4.0},{"not_picked":["Compile Driver","Hologram"],"picked":"Cold Snap","floor":7.0},{"not_picked":["Conserve Battery","Stack"],"picked":"Ball Lightning","floor":8.0},{"not_picked":["Beam Cell","Gash"],"picked":"Compile Driver","floor":13.0},{"not_picked":["Go for the Eyes","Double Energy","Steam Power"],"picked":"SKIP","floor":14.0},{"not_picked":["Redo","Leap"],"picked":"Conserve Battery","floor":15.0},{"not_picked":["Amplify","Creative AI"],"picked":"All For One","floor":17},{"not_picked":["Hologram","Conserve Battery"],"picked":"Coolheaded","floor":19},{"not_picked":["Coolheaded","Steam"],"picked":"Echo Form","floor":20},{"not_picked":["Doom and Gloom","Streamline"],"picked":"Glacier","floor":22}],"player_experience":763398,"relics_obtained":[{"floor":8.0,"key":"Anchor"},{"floor":9.0,"key":"Tiny Chest"}],"event_choices":[{"damage_healed":0.0,"max_hp_gain":0.0,"max_hp_loss":7.0,"gold_gain":0.0,"event_name":"Golden Idol","player_choice":"Lose Max HP","floor":3.0,"gold_loss":0.0,"damage_taken":0.0,"relics_obtained":["Golden Idol"]},{"damage_healed":0,"gold_gain":0,"player_choice":"0 cards matched","damage_taken":0,"max_hp_gain":0,"max_hp_loss":0,"event_name":"Match and Keep!","floor":21,"gold_loss":0,"cards_obtained":[]}],"is_beta":false,"boss_relics":[{"not_picked":["Pandora\u0027s Box","SlaversCollar"],"picked":"FrozenCore"}],"items_purged_floors":[11],"is_endless":false,"potions_floor_spawned":[1,4,13,14,19,20],"killed_by":"3 Cultists","ascension_level":19}}