{"host":"aygt75jb8cs7sa4f","time":1607748671,"event":{"mods":["Act Like it!","BaseMod","Better Third Choice","BetterRewards","Colored Map","Conspire","GifTheSpireLib","Halation","Hallownest","Hermit","Marisa????????","Minty Spire (QoL Compilation)","Permanent Neow","Replay The Spire","Spikes Relics","StSLib","The Animator","The Bug Knight","The Cursed","The Servant 0.9.4"],"gold_per_floor":[118,128,142,159,169,169,169,169,169],"floor_reached":8,"playtime":906,"items_purged":[],"score":50,"play_id":"96b92bb7-a64c-4f1d-8a31-56ebf1551111","local_time":"20201211235111","daily_mods":["SealedDeck","Flight","Elite Swarm"],"is_ascension_mode":false,"campfire_choices":[{"data":"animator:Ciel","floor":6,"key":"SMITH"},{"data":"animator:Ara","floor":7,"key":"SMITH"}],"circlet_count":0,"master_deck":["animator:Melzalgald","animator:Ciel+1","animator:Raven","animator:Ara+1","animator:Raven","animator:Ain","animator:Ara","animator:Ara","animator:Elsword","animator:Elsword","animator:Lu","animator:Laby","animator:Lu"],"relics":["animator:LivingPicture","animator:TheMissingPiece","replay:Trail_Library","animator:PurgingStone"],"acts_visited":["Hallownest:Greenpath"],"potions_floor_usage":[5],"damage_taken":[{"damage":6,"enemies":"Hallownest:2_Baldur","floor":1,"turns":5},{"damage":4,"enemies":"Hallownest:monsterHuskGuard","floor":2,"turns":4},{"damage":0,"enemies":"2_ Uuma","floor":3,"turns":2},{"damage":4,"enemies":"Hallownest:monsterFoolEater","floor":4,"turns":4},{"damage":21,"enemies":"Hallownest:1_Ooma_and_2_Uuma","floor":5,"turns":7},{"damage":33,"enemies":"Hallownest:eliteMossKnight","floor":8,"turns":3}],"seed_played":"-8075307803493599783","potions_obtained":[{"floor":4,"key":"DuplicationPotion"}],"is_trial":true,"path_per_floor":["M","M","M","M","M","R","R","E"],"character_chosen":"THE_ANIMATOR","items_purchased":[],"campfire_rested":0,"item_purchase_floors":[],"current_hp_per_floor":[60,56,56,52,31,31,31,0,0],"gold":169,"neow_bonus":"","is_daily":false,"chose_seed":false,"campfire_upgraded":2,"win_rate":0.0,"timestamp":1607748671,"path_taken":["M","M","M","M","M","R","R","E"],"items_purchased_type":[],"build_version":"2020-11-30","purchased_purges":0,"victory":false,"max_hp_per_floor":[66,66,66,66,66,66,66,66,66],"card_choices":[{"not_picked":["animator:Elsword","animator:PandorasActor"],"picked":"animator:Lu","floor":1},{"not_picked":["animator:FielNirvalen","animator:Shichika","animator:DolaCouronne"],"picked":"SKIP","floor":2},{"not_picked":["animator:DolaCouronne","animator:Evileye"],"picked":"animator:Laby","floor":3},{"not_picked":["animator:Raven","animator:Ara"],"picked":"animator:Lu","floor":4},{"not_picked":["animator:Kazuma","animator:Kuribayashi","animator:Gillette"],"picked":"SKIP","floor":5}],"player_experience":413896,"relics_obtained":[],"event_choices":[],"is_beta":false,"boss_relics":[],"items_purged_floors":[],"is_endless":true,"potions_floor_spawned":[4],"killed_by":"Hallownest:eliteMossKnight","ascension_level":0}}