{"host":"9h1qbmp5h1ch7u4r","time":1607742697,"event":{"mods":["BaseMod","Minty Spire (QoL Compilation)","StSLib","The Animator"],"gold_per_floor":[125,200,200,200,214,246,246,271,271,271,271,303,320,335,335,440,440,468,468,468,484,506,533,533,533,533,533,563,563,579,228,228,328,328,351,702,702,724,734,767,767,799,799,807,807],"floor_reached":44,"playtime":3023,"items_purged":["animator:Strike"],"score":726,"play_id":"d462266a-30ba-40ce-ae5c-6f2ca4b7e6c2","local_time":"20201211221137","is_ascension_mode":true,"campfire_choices":[{"data":"animator:Boros","floor":11.0,"key":"SMITH"},{"data":"animator:AcuraAkari","floor":15.0,"key":"SMITH"},{"data":"animator:SwordMaiden","floor":25.0,"key":"SMITH"},{"data":"animator:AcuraTooru","floor":27.0,"key":"SMITH"},{"data":"animator:Shimakaze","floor":32.0,"key":"SMITH"},{"data":"animator:Hans","floor":41.0,"key":"SMITH"}],"circlet_count":0,"master_deck":["animator:Strike_AccelWorld","animator:Defend_AccelWorld","animator:Defend+1","animator:Kuroyukihime+1","animator:LimeBell+1","animator:Gillette","animator:Boros+1","animator:YaoHaDucy","animator:AcuraAkari+1","animator:HighElfArcher","animator:SwordMaiden+1","animator:AcuraTooru+1","animator:Chris","animator:AcuraTooru","animator:KyokoSakura+1","animator:Guy","animator:Viivi","animator:Kyubey","animator:Viivi","animator:Bozes","animator:Guy","animator:Shimakaze+1","animator:Hans+1","animator:Darkness+1","animator:Melzalgald+1","animator:AcuraAkari","animator:Bozes+1"],"relics":["animator:LivingPicture","animator:TheMissingPiece","animator:PurgingStone","NeowsBlessing","StoneCalendar","Champion Belt","War Paint","Ornamental Fan","animator:CursedBlade","Toy Ornithopter","Eternal Feather","Sundial","Vajra","Orrery","Empty Cage","Old Coin","Bottled Tornado","Torii"],"acts_visited":["Exordium","TheCity","TheBeyond"],"potions_floor_usage":[],"damage_taken":[{"damage":0.0,"enemies":"Jaw Worm","floor":1.0,"turns":1.0},{"damage":0.0,"enemies":"Small Slimes","floor":5.0,"turns":1.0},{"damage":0.0,"enemies":"3 Sentries","floor":6.0,"turns":1.0},{"damage":0.0,"enemies":"2 Louse","floor":8.0,"turns":3.0},{"damage":16.0,"enemies":"Lagavulin","floor":12.0,"turns":7.0},{"damage":0.0,"enemies":"Gremlin Gang","floor":13.0,"turns":4.0},{"damage":0.0,"enemies":"3 Louse","floor":14.0,"turns":4.0},{"damage":2.0,"enemies":"Hexaghost","floor":16.0,"turns":11.0},{"damage":1.0,"enemies":"Shell Parasite","floor":18.0,"turns":7.0},{"damage":0.0,"enemies":"2 Thieves","floor":21.0,"turns":4.0},{"damage":0.0,"enemies":"Shelled Parasite and Fungi","floor":22.0,"turns":6.0},{"damage":40.0,"enemies":"Gremlin Leader","floor":23.0,"turns":8.0},{"damage":5.0,"enemies":"Book of Stabbing","floor":28.0,"turns":4.0},{"damage":0.0,"enemies":"Sentry and Sphere","floor":30.0,"turns":6.0},{"damage":5.0,"enemies":"Collector","floor":33.0,"turns":7.0},{"damage":0.0,"enemies":"Orb Walker","floor":35.0,"turns":2.0},{"damage":5.0,"enemies":"2 Orb Walkers","floor":36.0,"turns":4.0},{"damage":8.0,"enemies":"3 Shapes","floor":38.0,"turns":6.0},{"damage":11.0,"enemies":"3 Darklings","floor":39.0,"turns":5.0},{"damage":34.0,"enemies":"Nemesis","floor":40.0,"turns":5.0},{"damage":34.0,"enemies":"Reptomancer","floor":42.0,"turns":7.0},{"damage":35,"enemies":"Giant Head","floor":44,"turns":6}],"seed_played":"1516392390844083374","potions_obtained":[{"floor":6.0,"key":"Fire Potion"},{"floor":13.0,"key":"AttackPotion"},{"floor":16.0,"key":"DistilledChaos"},{"floor":18.0,"key":"Ancient Potion"},{"floor":21.0,"key":"LiquidMemories"},{"floor":22.0,"key":"Fire Potion"},{"floor":28.0,"key":"PowerPotion"},{"floor":35.0,"key":"animator:GrowthPotion"},{"floor":39.0,"key":"EssenceOfSteel"}],"is_trial":false,"path_per_floor":["M","?","?","?","M","E","?","M","T","?","R","E","M","M","R","B",null,"M","?","?","M","M","E","?","R","T","R","E","?","M","$","R","B",null,"M","?","?","M","M","E","R","E","T","E"],"character_chosen":"THE_ANIMATOR","items_purchased":["Orrery","animator:Guy","animator:Shimakaze"],"campfire_rested":0,"item_purchase_floors":[31,31,31],"current_hp_per_floor":[59,48,53,53,53,53,53,53,53,53,53,43,49,52,52,56,68,67,54,54,54,57,23,23,23,23,32,28,28,31,32,44,50,72,72,75,75,73,65,36,51,28,28,0,0],"gold":807,"neow_bonus":"THREE_ENEMY_KILL","is_daily":false,"chose_seed":false,"campfire_upgraded":6,"win_rate":0.0,"timestamp":1607742697,"path_taken":["M","?","?","?","M","E","?","?","T","?","R","E","M","M","R","BOSS","M","?","?","?","M","E","?","R","T","R","E","?","M","$","R","BOSS","M","?","?","M","M","E","R","E","T","E"],"items_purchased_type":["Relic","Card","Card"],"build_version":"2020-11-30","purchased_purges":1,"victory":false,"max_hp_per_floor":[66,66,71,71,71,71,71,71,71,71,71,71,72,72,72,72,72,72,77,77,77,77,77,77,77,77,77,78,78,78,79,79,79,79,79,79,79,79,79,79,79,79,79,79,79],"card_choices":[{"not_picked":["animator:Darkness","animator:Aqua"],"picked":"animator:Gillette","floor":1.0},{"not_picked":["animator:SilverFang","animator:Benimaru","animator:YuiTsuruno"],"picked":"SKIP","floor":5.0},{"not_picked":["animator:ShinjiMatou","animator:YuiTsuruno"],"picked":"animator:Boros","floor":6.0},{"not_picked":["animator:Kuribayashi","animator:Tyuule"],"picked":"animator:YaoHaDucy","floor":8.0},{"not_picked":["animator:Assassin","animator:DwarfShaman","animator:ChaikaBohdan"],"picked":"SKIP","floor":12.0},{"not_picked":["animator:CowGirl","animator:ChaikaBohdan"],"picked":"animator:AcuraAkari","floor":13.0},{"not_picked":["animator:YaoHaDucy","animator:Genos"],"picked":"animator:HighElfArcher","floor":14.0},{"not_picked":["animator:FeridBathory","animator:Boros"],"picked":"animator:SwordMaiden","floor":16.0},{"not_picked":["animator:Layla","animator:AcuraAkari"],"picked":"animator:AcuraTooru","floor":18.0},{"not_picked":["animator:Guy","animator:SwordMaiden"],"picked":"animator:AcuraTooru","floor":21.0},{"not_picked":["animator:Mitsuba","animator:Benimaru"],"picked":"animator:KyokoSakura+1","floor":22.0},{"not_picked":["animator:MamiTomoe","animator:DwarfShaman","animator:Bozes"],"picked":"SKIP","floor":23.0},{"not_picked":["animator:ChaikaBohdan","animator:Gillette"],"picked":"animator:Guy","floor":28.0},{"not_picked":["animator:KyokoSakura","animator:Shinoa","animator:IrohaTamaki+1"],"picked":"SKIP","floor":30.0},{"not_picked":["animator:ShinjiMatou","animator:Tatsumaki"],"picked":"animator:Viivi","floor":31.0},{"not_picked":["animator:Viivi","animator:Rider"],"picked":"animator:Kyubey","floor":31.0},{"not_picked":["animator:Souei+1","animator:Mitsurugi"],"picked":"animator:Viivi","floor":31.0},{"not_picked":["animator:Spearman","animator:Witch"],"picked":"animator:Bozes","floor":31.0},{"not_picked":["animator:Eris","animator:HomuraAkemi"],"picked":"animator:Hans","floor":33.0},{"not_picked":["animator:Tatsumaki","animator:Tyuule"],"picked":"animator:Darkness+1","floor":35.0},{"not_picked":["animator:KrulTepes+1","animator:ChaikaBohdan"],"picked":"animator:Melzalgald+1","floor":38.0},{"not_picked":["animator:Fredrika","animator:AcuraTooru"],"picked":"animator:AcuraAkari","floor":39.0},{"not_picked":["animator:Tyuule","animator:YunYun"],"picked":"animator:Bozes+1","floor":40.0},{"not_picked":["animator:MumenRider","animator:ShinjiMatou+1","animator:Witch"],"picked":"SKIP","floor":42.0}],"player_experience":943861,"relics_obtained":[{"floor":6.0,"key":"StoneCalendar"},{"floor":9.0,"key":"Champion Belt"},{"floor":10.0,"key":"War Paint"},{"floor":12.0,"key":"Ornamental Fan"},{"floor":23.0,"key":"Toy Ornithopter"},{"floor":26.0,"key":"Eternal Feather"},{"floor":28.0,"key":"Sundial"},{"floor":36.0,"key":"Old Coin"},{"floor":40.0,"key":"Bottled Tornado"},{"floor":42.0,"key":"Torii"}],"event_choices":[{"damage_healed":0.0,"max_hp_gain":0.0,"max_hp_loss":0.0,"gold_gain":75.0,"event_name":"World of Goop","player_choice":"Gather Gold","floor":2.0,"gold_loss":0.0,"damage_taken":11.0},{"damage_healed":0.0,"max_hp_gain":5.0,"max_hp_loss":0.0,"gold_gain":0.0,"event_name":"Big Fish","player_choice":"Donut","floor":3.0,"gold_loss":0.0,"damage_taken":0.0},{"damage_healed":0.0,"max_hp_gain":0.0,"max_hp_loss":0.0,"gold_gain":0.0,"event_name":"Living Wall","player_choice":"Grow","floor":4.0,"gold_loss":0.0,"damage_taken":0.0,"cards_upgraded":["animator:Kuroyukihime"]},{"cards_removed":["animator:Strike"],"damage_healed":0.0,"max_hp_gain":0.0,"max_hp_loss":0.0,"gold_gain":0.0,"event_name":"Bonfire Elementals","player_choice":"Offered Basic","floor":7.0,"gold_loss":0.0,"damage_taken":0.0},{"damage_healed":0.0,"max_hp_gain":0.0,"max_hp_loss":0.0,"gold_gain":0.0,"event_name":"Wheel of Change","player_choice":"Relic","floor":10.0,"gold_loss":0.0,"damage_taken":0.0},{"damage_healed":0.0,"max_hp_gain":5.0,"max_hp_loss":0.0,"gold_gain":0.0,"event_name":"Forgotten Altar","player_choice":"Shed Blood","floor":19.0,"gold_loss":0.0,"damage_taken":18.0},{"damage_healed":0.0,"max_hp_gain":0.0,"max_hp_loss":0.0,"gold_gain":0.0,"cards_transformed":["animator:Strike"],"event_name":"Transmorgrifier","player_choice":"Transformed","floor":20.0,"gold_loss":0.0,"damage_taken":0.0,"cards_obtained":["animator:Chris"]},{"damage_healed":0.0,"max_hp_gain":0.0,"max_hp_loss":0.0,"gold_gain":0.0,"event_name":"The Mausoleum","player_choice":"Opened","floor":29.0,"gold_loss":0.0,"damage_taken":0.0,"relics_obtained":["Vajra"]},{"damage_healed":0.0,"max_hp_gain":0.0,"max_hp_loss":0.0,"gold_gain":0.0,"event_name":"Mysterious Sphere","player_choice":"Fight","floor":36.0,"gold_loss":0.0,"damage_taken":0.0},{"damage_healed":0.0,"max_hp_gain":0.0,"max_hp_loss":0.0,"gold_gain":0.0,"event_name":"Tomb of Lord Red Mask","player_choice":"Ignored","floor":37.0,"gold_loss":0.0,"damage_taken":0.0}],"is_beta":false,"boss_relics":[{"not_picked":["animator:VividPicture","Sozu"],"picked":"animator:CursedBlade"},{"not_picked":["Busted Crown","Calling Bell"],"picked":"Empty Cage"}],"items_purged_floors":[31],"is_endless":false,"potions_floor_spawned":[6,13,16,18,21,22,28,35,39,40],"killed_by":"Giant Head","ascension_level":6}}