{"host":"sqc03gvc95ea30py","time":1607788267,"event":{"mods":["BaseMod","Better-Laid Plans","Colored Powertips","Minty Spire (QoL Compilation)","Quick Restart","Shop Mod"],"gold_per_floor":[116,136,136,136,61,400,413,413,413,446,346,379,379,397,397,526,526,550,550,575,321,344,344,344,344],"floor_reached":24,"playtime":593,"items_purged":["Strike_B","Defend_B","Strike_B"],"score":382,"play_id":"7bdd5f08-68ee-4de3-a7ee-eae9a582ab7d","local_time":"20201212235107","is_ascension_mode":true,"campfire_choices":[{"floor":15,"key":"REST"},{"data":"Skim","floor":23,"key":"SMITH"}],"circlet_count":0,"master_deck":["AscendersBane","Strike_B","Defend_B","Defend_B","Defend_B","Zap","Dualcast","Cold Snap","Turbo","Turbo","Ball Lightning","Undo","Buffer","Meteor Strike","Skim+1","Zap","Fission","Ball Lightning"],"relics":["Cracked Core","NeowsBlessing","Golden Idol","Happy Flower","Kunai","Ice Cream","Sundial","SacredBark","MerchantsRug"],"acts_visited":["Exordium","TheCity"],"potions_floor_usage":[18,22],"damage_taken":[{"damage":0.0,"enemies":"2 Louse","floor":1.0,"turns":1.0},{"damage":0.0,"enemies":"Jaw Worm","floor":2.0,"turns":1.0},{"damage":0.0,"enemies":"3 Sentries","floor":6.0,"turns":1.0},{"damage":0.0,"enemies":"Cultist","floor":7.0,"turns":3.0},{"damage":30.0,"enemies":"Gremlin Nob","floor":10.0,"turns":4.0},{"damage":17.0,"enemies":"3 Sentries","floor":12.0,"turns":8.0},{"damage":3,"enemies":"Gremlin Gang","floor":14,"turns":5},{"damage":18,"enemies":"Slime Boss","floor":16,"turns":10},{"damage":15,"enemies":"2 Thieves","floor":18,"turns":3},{"damage":1,"enemies":"Shell Parasite","floor":20,"turns":5},{"damage":1,"enemies":"Sentry and Sphere","floor":22,"turns":4},{"damage":26,"enemies":"Slavers","floor":24,"turns":4}],"seed_played":"-1811838388076375079","potions_obtained":[{"floor":2.0,"key":"GamblersBrew"},{"floor":14,"key":"Fire Potion"},{"floor":20,"key":"DistilledChaos"}],"is_trial":false,"path_per_floor":["M","M","?","?","$","E","M","?","T","E","$","E","?","M","R","B",null,"M","?","M","$","M","R","E"],"character_chosen":"DEFECT","items_purchased":["MerchantsRug"],"campfire_rested":1,"item_purchase_floors":[21],"current_hp_per_floor":[68,68,68,61,61,61,61,54,54,24,24,7,7,4,24,6,53,38,38,37,37,36,36,10,10],"gold":344,"neow_bonus":"THREE_ENEMY_KILL","is_daily":false,"chose_seed":false,"campfire_upgraded":1,"win_rate":0.0,"timestamp":1607788267,"path_taken":["M","M","?","?","?","E","?","?","T","E","$","E","?","M","R","BOSS","M","?","M","$","?","R","E"],"items_purchased_type":["Relic"],"build_version":"2020-11-30","purchased_purges":3,"victory":false,"max_hp_per_floor":[75,75,69,69,69,69,69,69,69,69,69,69,69,69,69,69,69,69,69,69,69,69,69,69,69],"card_choices":[{"not_picked":["Compile Driver","Leap"],"picked":"Cold Snap","floor":1.0},{"not_picked":["Hologram","Barrage"],"picked":"Turbo","floor":2.0},{"not_picked":["Rip and Tear","Doom and Gloom"],"picked":"Turbo","floor":6.0},{"not_picked":["Redo","Melter"],"picked":"Ball Lightning","floor":7.0},{"not_picked":["Conserve Battery","Go for the Eyes"],"picked":"Undo","floor":10.0},{"not_picked":["Leap","Tempest"],"picked":"Buffer","floor":12.0},{"not_picked":["Streamline","Melter","Fusion"],"picked":"SKIP","floor":14},{"not_picked":["Multi-Cast","Amplify"],"picked":"Fission","floor":16},{"not_picked":["Steam","Sweeping Beam"],"picked":"Ball Lightning","floor":18},{"not_picked":["Sweeping Beam","Sunder","Barrage"],"picked":"SKIP","floor":20},{"not_picked":["Loop","Turbo","Fusion"],"picked":"SKIP","floor":22}],"player_experience":286578,"relics_obtained":[{"floor":6.0,"key":"Old Coin"},{"floor":9.0,"key":"Kunai"},{"floor":10.0,"key":"Ice Cream"},{"floor":12.0,"key":"Sundial"}],"event_choices":[{"damage_healed":0.0,"max_hp_gain":0.0,"max_hp_loss":6.0,"gold_gain":0.0,"event_name":"Golden Idol","player_choice":"Lose Max HP","floor":3.0,"gold_loss":0.0,"damage_taken":0.0,"relics_obtained":["Golden Idol"]},{"damage_healed":0.0,"max_hp_gain":0.0,"max_hp_loss":0.0,"gold_gain":0.0,"event_name":"Scrap Ooze","player_choice":"Success","floor":4.0,"gold_loss":0.0,"damage_taken":7.0,"relics_obtained":["Happy Flower"]},{"cards_removed":["Strike_B"],"damage_healed":0.0,"max_hp_gain":0.0,"max_hp_loss":0.0,"gold_gain":0.0,"event_name":"Golden Wing","player_choice":"Card Removal","floor":8.0,"gold_loss":0.0,"damage_taken":7.0},{"damage_healed":0.0,"max_hp_gain":0.0,"max_hp_loss":0.0,"gold_gain":0.0,"event_name":"Match and Keep!","player_choice":"3 cards matched","floor":13.0,"gold_loss":0.0,"damage_taken":0.0,"cards_obtained":["Meteor Strike","Skim","Zap"]},{"damage_healed":0,"gold_gain":0,"player_choice":"Ignored","damage_taken":0,"max_hp_gain":0,"max_hp_loss":0,"event_name":"NoteForYourself","floor":19,"gold_loss":0}],"is_beta":false,"boss_relics":[{"not_picked":["Fusion Hammer","Philosopher\u0027s Stone"],"picked":"SacredBark"}],"items_purged_floors":[5,11,21],"is_endless":false,"potions_floor_spawned":[2,14,20],"killed_by":"Slavers","ascension_level":12}}