{"host":"pgqkv8mh62pnrbci","time":1607749619,"event":{"mods":["AchievementEnabler","BaseMod","Custom Start","Minty Spire (QoL Compilation)","Replay The Spire","StSLib","SuperFastMode","¡¼?Úª?ø«¡½REMEMod"],"gold_per_floor":[116,134,22,22,35,35,63,80,80,80,114,114,34,60,60,143,143,170,48,72,72,72,72,95,95,167,94,121,49,49,79,79,87,87],"floor_reached":33,"playtime":1229,"items_purged":["Languid","Writhe"],"score":737,"play_id":"b63bf265-7f18-4086-ba2b-1ead24d40805","local_time":"20201212140659","is_ascension_mode":true,"campfire_choices":[{"data":"Apotheosis","floor":6.0,"key":"SMITH"},{"data":"Disarm","floor":10.0,"key":"SMITH"},{"data":"Shockwave","floor":12.0,"key":"SMITH"},{"data":"Strike_R","floor":15.0,"key":"PURGE"},{"data":"Exhume","floor":23.0,"key":"SMITH"},{"floor":25.0,"key":"REST"}],"circlet_count":0,"master_deck":["AscendersBane","Strike_R","Strike_R","Strike_R","Strike_R","Defend_R","Defend_R","Defend_R","Defend_R","Bash","All Out Attack","Apotheosis+1","Disarm+1","Shockwave+1","Shrug It Off","Exhume+1","Offering","REME_TheLastStrike","CurseOfTheBell","REME_Scribble","Second Wind","ReplayTheSpireMod:IOU","Fire Breathing","Double Tap","True Grit+1","ReplayTheSpireMod:IOU","ReplayTheSpireMod:IOU","ReplayTheSpireMod:IOU","REME_SingleHolding+1","ReplayTheSpireMod:IOU"],"relics":["Burning Blood","REME_ComplimentaryCards","ReplayTheSpireMod:Ninjato","Divine Protection","Replay:Bandana","Calling Bell","Replay:Wax Seal","Mango","Replay:Bottled Snecko","Paper Frog","Art of War","Pantograph","ClockworkSouvenir","REME_HandOfSuture"],"acts_visited":["Exordium","TheCity"],"potions_floor_usage":[33,33],"damage_taken":[{"damage":0.0,"enemies":"Small Slimes","floor":1.0,"turns":3.0},{"damage":2.0,"enemies":"2 Louse","floor":2.0,"turns":5.0},{"damage":5.0,"enemies":"Jaw Worm","floor":5.0,"turns":6.0},{"damage":5.0,"enemies":"Lagavulin","floor":7.0,"turns":7.0},{"damage":0.0,"enemies":"Exordium Wildlife","floor":8.0,"turns":4.0},{"damage":4.0,"enemies":"3 Sentries","floor":11.0,"turns":6.0},{"damage":4.0,"enemies":"2 Fungi Beasts","floor":14.0,"turns":2.0},{"damage":0.0,"enemies":"The Guardian","floor":16.0,"turns":10.0},{"damage":20.0,"enemies":"Spheric Guardian","floor":18.0,"turns":6.0},{"damage":37.0,"enemies":"3 Byrds","floor":20.0,"turns":8.0},{"damage":14.0,"enemies":"3 Cultists","floor":24.0,"turns":4.0},{"damage":7.0,"enemies":"Centurion and Healer","floor":27.0,"turns":5.0},{"damage":42.0,"enemies":"Sentry and Sphere","floor":28.0,"turns":7.0},{"damage":8.0,"enemies":"3 Cultists","floor":31.0,"turns":4.0},{"damage":91,"enemies":"Pondfish","floor":33,"turns":11}],"seed_played":"-2149234856342826948","potions_obtained":[{"floor":2.0,"key":"Elixir"},{"floor":5.0,"key":"PowerPotion"},{"floor":14.0,"key":"Fire Potion"},{"floor":20.0,"key":"Ancient Potion"},{"floor":27.0,"key":"Block Potion"},{"floor":31.0,"key":"Explosive Potion"}],"is_trial":false,"path_per_floor":["M","M","$","?","M","R","E","M","T","R","E","R","$","M","R","B",null,"M","$","M","?","?","R","M","R","T","M","M","$","?","M","R","B"],"character_chosen":"IRONCLAD","items_purchased":["Shockwave","Offering","Second Wind","Paper Frog","ClockworkSouvenir","REME_HandOfSuture","REME_SingleHolding"],"campfire_rested":1,"item_purchase_floors":[3,13,19,19,29,29,29],"current_hp_per_floor":[74,75,75,80,80,80,80,80,80,80,80,80,80,80,80,80,94,80,80,54,24,24,24,22,55,55,57,24,24,24,25,60,0,0],"gold":87,"neow_bonus":"RANDOM_COLORLESS_2","is_daily":false,"chose_seed":false,"campfire_upgraded":4,"win_rate":0.0,"timestamp":1607749619,"path_taken":["M","M","$","?","M","R","E","M","T","R","E","R","$","M","R","BOSS","M","$","M","?","?","R","M","R","T","M","M","?","?","M","R","BOSS"],"items_purchased_type":["Card","Card","Card","Relic","Relic","Relic","Card"],"build_version":"2020-11-30","purchased_purges":2,"victory":false,"max_hp_per_floor":[75,75,75,80,80,80,80,80,80,80,80,80,80,80,80,80,94,94,94,99,104,104,104,110,110,110,113,116,116,116,119,119,125,125],"card_choices":[{"not_picked":["Violence","Midas Touch"],"picked":"Apotheosis","floor":0.0},{"not_picked":["REME_Cut","Cleave"],"picked":"Disarm","floor":1.0},{"not_picked":["Havoc","Headbutt","Heavy Blade"],"picked":"SKIP","floor":2.0},{"not_picked":["Clothesline","Clash"],"picked":"Shrug It Off","floor":5.0},{"not_picked":["Body Slam","Twin Strike","Run Through"],"picked":"SKIP","floor":7.0},{"not_picked":["Warcry","Clash"],"picked":"Exhume","floor":8.0},{"not_picked":["Run Through","Pommel Strike","Sword Boomerang"],"picked":"SKIP","floor":11.0},{"not_picked":["Run Through","Pommel Strike","Sword Boomerang"],"picked":"SKIP","floor":11.0},{"not_picked":["Pommel Strike","Infernal Blade","Rupture"],"picked":"SKIP","floor":14.0},{"not_picked":["Pommel Strike","Infernal Blade","Rupture"],"picked":"SKIP","floor":14.0},{"not_picked":["Feed","Limit Break"],"picked":"REME_TheLastStrike","floor":16.0},{"not_picked":["Armaments","Anger"],"picked":"REME_Scribble","floor":18.0},{"not_picked":["ReplayTheSpireMod:Strike From Hell","Seeing Red"],"picked":"Fire Breathing","floor":20.0},{"not_picked":["Body Slam","Armaments","Perfected Strike"],"picked":"SKIP","floor":24.0},{"not_picked":["Second Wind","Run Through"],"picked":"Double Tap","floor":27.0},{"not_picked":["Spot Weakness+1","Thunderclap"],"picked":"True Grit+1","floor":28.0},{"not_picked":["REME_Cut","ReplayTheSpireMod:Limb From Limb","Body Slam"],"picked":"SKIP","floor":31.0}],"player_experience":541873,"relics_obtained":[{"floor":7.0,"key":"ReplayTheSpireMod:Ninjato"},{"floor":9.0,"key":"Divine Protection"},{"floor":11.0,"key":"Replay:Bandana"},{"floor":17.0,"key":"Replay:Wax Seal"},{"floor":17.0,"key":"Mango"},{"floor":17.0,"key":"Replay:Bottled Snecko"},{"floor":26.0,"key":"Pantograph"}],"event_choices":[{"damage_healed":0.0,"max_hp_gain":5.0,"max_hp_loss":0.0,"gold_gain":0.0,"event_name":"Big Fish","player_choice":"Donut","floor":4.0,"gold_loss":0.0,"damage_taken":0.0},{"damage_healed":0.0,"max_hp_gain":5.0,"max_hp_loss":0.0,"gold_gain":0.0,"event_name":"Forgotten Altar","player_choice":"Shed Blood","floor":21.0,"gold_loss":0.0,"damage_taken":35.0},{"damage_healed":0.0,"max_hp_gain":0.0,"max_hp_loss":0.0,"gold_gain":0.0,"event_name":"The Mausoleum","player_choice":"Opened","floor":22.0,"gold_loss":0.0,"damage_taken":0.0,"relics_obtained":["Art of War"],"cards_obtained":["Writhe"]}],"is_beta":false,"boss_relics":[{"not_picked":["Empty Cage","Runic Cube"],"picked":"Calling Bell"}],"items_purged_floors":[3,29],"is_endless":false,"potions_floor_spawned":[2,5,8,14,20,27,31],"killed_by":"Pondfish","ascension_level":15}}