{"host":"27hat5v0dffgaxzm","time":1607774272,"event":{"mods":["BaseMod","Colored Map","Colored Powertips","Highlight Path","Minty Spire (QoL Compilation)","Permanent Neow","Quick Restart"],"gold_per_floor":[360,360,90,90,107,107,142,142,223,257,257,70,70,85,85,159,159,169,202,202,123,123,153,153,153,176,209,228,50,63,90,90,164,164,180,195,417,0,55,55,82,82,108,138,138,168,194,209,209,209,209],"floor_reached":52,"playtime":2133,"items_purged":["Defend_G","Defend_G"],"score":2381,"play_id":"321ed6d0-1fe1-4a93-a369-3f3d511eafde","local_time":"20201212205752","is_ascension_mode":true,"campfire_choices":[{"data":"Dagger Spray","floor":6.0,"key":"SMITH"},{"floor":8.0,"key":"REST"},{"floor":11.0,"key":"REST"},{"data":"Blade Dance","floor":15.0,"key":"SMITH"},{"data":"Burst","floor":25.0,"key":"SMITH"},{"data":"Calculated Gamble","floor":32.0,"key":"SMITH"},{"data":"Bullet Time","floor":40,"key":"SMITH"},{"data":"Cloak And Dagger","floor":42,"key":"SMITH"},{"data":"Accuracy","floor":45,"key":"SMITH"},{"data":"Neutralize","floor":49,"key":"SMITH"}],"circlet_count":0,"master_deck":["AscendersBane","Strike_G","Strike_G","Strike_G","Strike_G","Strike_G","Defend_G","Defend_G","Defend_G","Survivor","Neutralize+1","Dagger Spray+1","Backflip","Backflip+1","Blade Dance+1","Accuracy+1","Pain","Burst+1","CurseOfTheBell","Leg Sweep","Infinite Blades","Writhe","Acrobatics+1","Bullet Time+1","Infinite Blades","Calculated Gamble+1","A Thousand Cuts","Caltrops+1","Blade Dance","Cloak And Dagger+1","Blade Dance+1","Infinite Blades","Outmaneuver+1"],"relics":["Ring of the Snake","Du-Vu Doll","Juzu Bracelet","Gambling Chip","Lantern","Kunai","TungstenRod","WarpedTongs","Calling Bell","Happy Flower","Meat on the Bone","Pocketwatch","Red Mask","Ancient Tea Set","Letter Opener","PreservedInsect","Bag of Preparation","Dream Catcher","Philosopher\u0027s Stone","Sling","Vajra","WingedGreaves","Blood Vial","War Paint","Centennial Puzzle","The Courier","Paper Crane"],"acts_visited":["TheBeyond"],"potions_floor_usage":[50,51],"damage_taken":[{"damage":0.0,"enemies":"Cultist","floor":1.0,"turns":3.0},{"damage":0.0,"enemies":"2 Louse","floor":5.0,"turns":2.0},{"damage":31.0,"enemies":"Gremlin Nob","floor":7.0,"turns":4.0},{"damage":10.0,"enemies":"Lagavulin","floor":10.0,"turns":7.0},{"damage":0.0,"enemies":"Small Slimes","floor":14.0,"turns":1.0},{"damage":17.0,"enemies":"The Guardian","floor":16.0,"turns":8.0},{"damage":6.0,"enemies":"2 Thieves","floor":18.0,"turns":3.0},{"damage":14.0,"enemies":"Masked Bandits","floor":19.0,"turns":4.0},{"damage":22.0,"enemies":"Gremlin Leader","floor":23.0,"turns":6.0},{"damage":0.0,"enemies":"Slavers","floor":27.0,"turns":2.0},{"damage":6.0,"enemies":"3 Byrds","floor":28.0,"turns":3.0},{"damage":6.0,"enemies":"Snecko","floor":30.0,"turns":3.0},{"damage":0.0,"enemies":"Gremlin Leader","floor":31.0,"turns":3.0},{"damage":31,"enemies":"Collector","floor":33,"turns":9},{"damage":0,"enemies":"3 Shapes","floor":35,"turns":2},{"damage":0,"enemies":"Orb Walker","floor":36,"turns":2},{"damage":6,"enemies":"2 Orb Walkers","floor":39,"turns":2},{"damage":0,"enemies":"Reptomancer","floor":41,"turns":2},{"damage":13,"enemies":"Giant Head","floor":44,"turns":3},{"damage":0,"enemies":"Reptomancer","floor":46,"turns":2},{"damage":0,"enemies":"Nemesis","floor":47,"turns":1},{"damage":0,"enemies":"Jaw Worm Horde","floor":48,"turns":1},{"damage":18,"enemies":"Donu and Deca","floor":50,"turns":4},{"damage":17,"enemies":"Awakened One","floor":51,"turns":9}],"seed_played":"4762244908535941755","potions_obtained":[{"floor":1.0,"key":"LiquidBronze"},{"floor":10.0,"key":"Weak Potion"},{"floor":14.0,"key":"CultistPotion"},{"floor":23.0,"key":"Explosive Potion"},{"floor":28.0,"key":"CunningPotion"},{"floor":36,"key":"AttackPotion"},{"floor":44,"key":"Block Potion"}],"is_trial":false,"path_per_floor":["M","T","$","?","M","R","E","R","T","E","R","$","?","M","R","B",null,"M","?","?","$","?","E","?","R","T","E","M","$","M","E","R","B",null,"M","M","?","$","?","R","E","R","T","E","R","E","E","M","R","B","B",null],"character_chosen":"THE_SILENT","items_purchased":["Backflip","Juzu Bracelet","Accuracy","Infinite Blades","Bullet Time","Sling","Vajra","Blade Dance","Cloak And Dagger"],"campfire_rested":2,"item_purchase_floors":[3,3,12,21,29,38,38,38,38],"current_hp_per_floor":[44,44,44,33,33,33,2,21,21,11,30,30,30,30,30,13,53,47,45,45,45,45,35,35,35,35,35,41,41,35,35,35,16,54,54,54,54,54,48,48,48,48,48,37,37,39,41,43,43,39,36],"gold":209,"neow_bonus":"TWO_FIFTY_GOLD","is_daily":false,"chose_seed":false,"campfire_upgraded":8,"win_rate":0.0,"timestamp":1607774272,"path_taken":["M","?","$","?","M","R","E","R","T","E","R","$","?","M","R","BOSS","M","?","?","$","?","E","?","R","T","E","M","$","M","E","R","BOSS","M","M","?","$","?","R","E","R","T","E","R","E","E","M","R","BOSS","BOSS"],"items_purchased_type":["Card","Relic","Card","Card","Card","Relic","Relic","Card","Card"],"build_version":"2020-11-30","purchased_purges":2,"victory":true,"max_hp_per_floor":[66,66,66,66,66,66,66,66,66,66,66,66,66,66,66,66,66,66,66,66,66,66,66,66,66,66,66,66,66,66,66,66,66,66,66,66,66,66,66,66,66,66,66,66,66,66,66,66,66,66,66],"card_choices":[{"not_picked":["Heel Hook","Bane"],"picked":"Dagger Spray","floor":1.0},{"not_picked":["PiercingWail","Prepared"],"picked":"Backflip","floor":5.0},{"not_picked":["Phantasmal Killer","Slice"],"picked":"Blade Dance","floor":7.0},{"not_picked":["Dagger Spray","Dash","Flechettes"],"picked":"SKIP","floor":10.0},{"not_picked":["Backflip","Slice","Poisoned Stab"],"picked":"SKIP","floor":14.0},{"not_picked":["Corpse Explosion","Adrenaline"],"picked":"Burst","floor":16.0},{"not_picked":["Underhanded Strike","Storm of Steel"],"picked":"Leg Sweep","floor":18.0},{"not_picked":["Backflip","Footwork","Distraction"],"picked":"SKIP","floor":23.0},{"not_picked":["Distraction","PiercingWail"],"picked":"Acrobatics","floor":27.0},{"not_picked":["Expertise","Sucker Punch+1","Flying Knee"],"picked":"SKIP","floor":28.0},{"not_picked":["Predator+1","Blur"],"picked":"Infinite Blades","floor":30.0},{"not_picked":["Bouncing Flask","Poisoned Stab"],"picked":"Calculated Gamble","floor":31.0},{"not_picked":["Corpse Explosion","Malaise"],"picked":"A Thousand Cuts","floor":33},{"not_picked":["Leg Sweep+1","Catalyst","Bane"],"picked":"SKIP","floor":35},{"not_picked":["Quick Slash","Dodge and Roll"],"picked":"Caltrops+1","floor":36},{"not_picked":["Quick Slash","Dagger Throw+1"],"picked":"Blade Dance+1","floor":39},{"not_picked":["Dagger Throw","Backstab+1"],"picked":"Infinite Blades","floor":41},{"not_picked":["Wraith Form v2","Quick Slash"],"picked":"Outmaneuver+1","floor":44},{"not_picked":["Dagger Throw","Reflex","Bouncing Flask+1"],"picked":"SKIP","floor":46},{"not_picked":["Storm of Steel","Bane","Leg Sweep"],"picked":"SKIP","floor":47},{"not_picked":["Dagger Spray","Calculated Gamble","Sucker Punch+1"],"picked":"SKIP","floor":48}],"player_experience":306074,"relics_obtained":[{"floor":2.0,"key":"Du-Vu Doll"},{"floor":7.0,"key":"Lantern"},{"floor":9.0,"key":"Kunai"},{"floor":10.0,"key":"TungstenRod"},{"floor":17.0,"key":"Happy Flower"},{"floor":17.0,"key":"Meat on the Bone"},{"floor":17.0,"key":"Pocketwatch"},{"floor":19.0,"key":"Red Mask"},{"floor":23.0,"key":"Letter Opener"},{"floor":26.0,"key":"PreservedInsect"},{"floor":27.0,"key":"Bag of Preparation"},{"floor":31.0,"key":"Dream Catcher"},{"floor":39,"key":"WingedGreaves"},{"floor":41,"key":"Blood Vial"},{"floor":43,"key":"War Paint"},{"floor":44,"key":"Centennial Puzzle"},{"floor":46,"key":"The Courier"},{"floor":47,"key":"Paper Crane"}],"event_choices":[{"damage_healed":0.0,"max_hp_gain":0.0,"max_hp_loss":0.0,"gold_gain":0.0,"event_name":"Scrap Ooze","player_choice":"Success","floor":4.0,"gold_loss":0.0,"damage_taken":11.0,"relics_obtained":["Gambling Chip"]},{"damage_healed":0.0,"max_hp_gain":0.0,"max_hp_loss":0.0,"gold_gain":0.0,"event_name":"Accursed Blacksmith","player_choice":"Rummage","floor":13.0,"gold_loss":0.0,"damage_taken":0.0,"relics_obtained":["WarpedTongs"],"cards_obtained":["Pain"]},{"damage_healed":0.0,"max_hp_gain":0.0,"max_hp_loss":0.0,"gold_gain":0.0,"event_name":"Masked Bandits","player_choice":"Fought Bandits","floor":19.0,"gold_loss":0.0,"damage_taken":0.0},{"damage_healed":0.0,"max_hp_gain":0.0,"max_hp_loss":0.0,"gold_gain":0.0,"event_name":"Ghosts","player_choice":"Ignored","floor":20.0,"gold_loss":0.0,"damage_taken":0.0},{"damage_healed":0.0,"max_hp_gain":0.0,"max_hp_loss":0.0,"gold_gain":0.0,"event_name":"The Mausoleum","player_choice":"Opened","floor":22.0,"gold_loss":0.0,"damage_taken":0.0,"relics_obtained":["Ancient Tea Set"],"cards_obtained":["Writhe"]},{"damage_healed":0.0,"max_hp_gain":0.0,"max_hp_loss":0.0,"gold_gain":0.0,"event_name":"Cursed Tome","player_choice":"Ignored","floor":24.0,"gold_loss":0.0,"damage_taken":0.0},{"damage_healed":0,"gold_gain":222,"player_choice":"Wore Mask","damage_taken":0,"max_hp_gain":0,"max_hp_loss":0,"event_name":"Tomb of Lord Red Mask","floor":37,"gold_loss":0},{"damage_healed":0,"gold_gain":0,"player_choice":"Fight","damage_taken":0,"max_hp_gain":0,"max_hp_loss":0,"event_name":"Mysterious Sphere","floor":39,"gold_loss":0}],"is_beta":false,"boss_relics":[{"not_picked":["Snecko Eye","Velvet Choker"],"picked":"Calling Bell"},{"not_picked":["Busted Crown","Pandora\u0027s Box"],"picked":"Philosopher\u0027s Stone"}],"items_purged_floors":[3,12],"is_endless":false,"potions_floor_spawned":[1,10,14,23,28,36,39,44,47],"ascension_level":20}}