{"host":"0msxzbajcl1c78mb","time":1607751434,"event":{"mods":["AchievementEnabler","BaseMod","Colored Map","Colored Powertips","Highlight Path","Minty Spire (QoL Compilation)","Relic Sorter","Relic Stats","StSLib","The Jungle","everything is the same but u backflip on backflip"],"gold_per_floor":[112,112,123,123,73,100,100,127,150,150,164,177,190,201,201,305,305,317,82,82,82,64,64,90,90,90,90,118,132,132,147,147,243,243,254,265,265,265,284,316,316,350,375,375,184,184,194,224,224,224,224,224,69,96,96,96],"floor_reached":55,"playtime":3975,"items_purged":["Strike_R"],"score":1004,"play_id":"9d069961-ea2d-4b27-9f73-ec34428da931","local_time":"20201212003714","is_ascension_mode":true,"campfire_choices":[{"data":"Cleave","floor":10,"key":"SMITH"},{"data":"Bash","floor":15,"key":"SMITH"},{"data":"Flame Barrier","floor":23,"key":"SMITH"},{"data":"Demon Form","floor":25,"key":"SMITH"},{"data":"Offering","floor":32,"key":"SMITH"},{"floor":41,"key":"RECALL"},{"floor":44,"key":"DIG"},{"floor":46,"key":"DIG"},{"floor":49,"key":"DIG"},{"floor":52,"key":"DIG"}],"circlet_count":0,"master_deck":["Defend_R+1","Defend_R+1","Defend_R+1","Bash+1","Fiend Fire+1","Body Slam+1","Cleave+1","Double Tap","Battle Trance","Reaper","Flame Barrier+1","Feel No Pain","Reaper","Iron Wave","Demon Form+1","Offering+1","Juggernaut","Pummel","Finesse","Panache","Finesse","Pummel","Pummel+1","Sentinel+1","Dark Embrace","Pommel Strike+1","Carnage+1"],"relics":["Astrolabe","Red Skull","Lizard Tail","InkBottle","Sozu","MealTicket","Gremlin Horn","Fusion Hammer","Mercury Hourglass","Shovel","PreservedInsect","Pen Nib","HandDrill","Thread and Needle","Nunchaku","Anchor","Bottled Flame","TheAbacus","Charon\u0027s Ashes"],"acts_visited":["Exordium","TheCity","TheBeyond","TheEnding"],"potions_floor_usage":[14,16,16,55],"damage_taken":[{"damage":7,"enemies":"Jaw Worm","floor":1,"turns":2},{"damage":0,"enemies":"Cultist","floor":3,"turns":2},{"damage":30,"enemies":"3 Sentries","floor":6,"turns":9},{"damage":40,"enemies":"Lagavulin","floor":8,"turns":5},{"damage":0,"enemies":"2 Louse","floor":11,"turns":1},{"damage":9,"enemies":"2 Fungi Beasts","floor":12,"turns":2},{"damage":1,"enemies":"3 Louse","floor":13,"turns":3},{"damage":14,"enemies":"Exordium Thugs","floor":14,"turns":5},{"damage":9,"enemies":"The Guardian","floor":16,"turns":9},{"damage":17,"enemies":"3 Byrds","floor":18,"turns":4},{"damage":8,"enemies":"2 Thieves","floor":22,"turns":4},{"damage":24,"enemies":"Slavers","floor":24,"turns":6},{"damage":21,"enemies":"Book of Stabbing","floor":28,"turns":4},{"damage":8,"enemies":"3 Cultists","floor":29,"turns":4},{"damage":17,"enemies":"Snecko","floor":31,"turns":5},{"damage":42,"enemies":"Champ","floor":33,"turns":8},{"damage":16,"enemies":"3 Shapes","floor":35,"turns":3},{"damage":0,"enemies":"Orb Walker","floor":36,"turns":2},{"damage":6,"enemies":"Transient","floor":39,"turns":5},{"damage":27,"enemies":"Reptomancer","floor":40,"turns":3},{"damage":7,"enemies":"Giant Head","floor":42,"turns":5},{"damage":1,"enemies":"Writhing Mass","floor":47,"turns":5},{"damage":6,"enemies":"Reptomancer","floor":48,"turns":3},{"damage":68,"enemies":"Awakened One","floor":50,"turns":8},{"damage":23,"enemies":"Shield and Spear","floor":54,"turns":6},{"damage":101,"enemies":"The Heart","floor":55,"turns":3}],"seed_played":"-6091377576679916942","potions_obtained":[{"floor":8,"key":"Dexterity Potion"},{"floor":11,"key":"EssenceOfSteel"},{"floor":13,"key":"Dexterity Potion"},{"floor":14,"key":"EssenceOfSteel"}],"is_trial":false,"path_per_floor":["M","?","M","?","?","E","?","E","T","R","M","M","M","M","R","B",null,"M","$","?","?","M","R","E","R","T","?","E","M","$","M","R","B",null,"M","M","?","?","M","E","R","E","T","R","$","R","M","E","R","B",null,"R","$","E","B"],"character_chosen":"IRONCLAD","items_purchased":["Demon Form","HandDrill","Dark Embrace","TheAbacus"],"campfire_rested":0,"item_purchase_floors":[19,45,45,53],"current_hp_per_floor":[65,65,65,65,65,35,35,40,40,40,54,45,50,40,40,31,68,57,57,57,57,57,57,49,49,49,34,49,73,85,85,85,85,85,69,69,59,59,85,72,72,85,85,85,85,85,84,85,85,60,79,79,85,62,0,0],"gold":96,"neow_bonus":"BOSS_RELIC","is_daily":false,"chose_seed":false,"campfire_upgraded":5,"win_rate":0.0,"timestamp":1607751434,"path_taken":["M","?","?","?","?","E","?","E","T","R","M","?","?","M","R","BOSS","M","$","?","?","?","R","E","R","T","?","E","M","?","?","R","BOSS","M","M","?","?","?","E","R","E","T","R","?","R","M","E","R","BOSS","R","$","E","BOSS"],"items_purchased_type":["Card","Relic","Card","Relic"],"build_version":"2020-11-30","purchased_purges":1,"victory":false,"max_hp_per_floor":[80,80,80,80,80,80,80,80,80,80,80,80,80,80,80,80,80,80,80,80,80,80,80,80,80,80,85,85,85,85,85,85,85,85,85,85,85,85,85,85,85,85,85,85,85,85,85,85,85,85,85,85,85,85,85,85],"relic_stats":{"Gremlin Horn":[10,14],"counters":[26,116],"Astrolabe":["Fiend Fire","Warcry","Body Slam"],"PreservedInsect":127,"Pen Nib":[4],"Charon\u0027s Ashes":[6],"Mercury Hourglass":[99],"Sozu":8,"Lizard Tail":40,"Nunchaku":[3],"Shovel":4,"TheAbacus":[12],"MealTicket":18,"HandDrill":[12],"obtain_stats":[{"Gremlin Horn":28,"Astrolabe":0,"Thread and Needle":46,"PreservedInsect":43,"Pen Nib":44,"Charon\u0027s Ashes":54,"Burning Blood":0,"Mercury Hourglass":40,"Sozu":17,"Lizard Tail":6,"Nunchaku":48,"Anchor":49,"Bottled Flame":52,"Shovel":42,"TheAbacus":53,"MealTicket":24,"Fusion Hammer":34,"HandDrill":45,"Red Skull":4,"InkBottle":8},{"Gremlin Horn":13,"Astrolabe":0,"Thread and Needle":21,"PreservedInsect":21,"Pen Nib":21,"Charon\u0027s Ashes":25,"Burning Blood":0,"Mercury Hourglass":20,"Sozu":9,"Lizard Tail":3,"Nunchaku":23,"Anchor":23,"Bottled Flame":24,"Shovel":21,"TheAbacus":24,"MealTicket":12,"Fusion Hammer":16,"HandDrill":21,"Red Skull":2,"InkBottle":4},{"Gremlin Horn":56,"Astrolabe":0,"Thread and Needle":91,"PreservedInsect":91,"Pen Nib":91,"Charon\u0027s Ashes":113,"Burning Blood":0,"Mercury Hourglass":86,"Sozu":38,"Lizard Tail":13,"Nunchaku":99,"Anchor":99,"Bottled Flame":107,"Shovel":91,"TheAbacus":107,"MealTicket":52,"Fusion Hammer":73,"HandDrill":91,"Red Skull":4,"InkBottle":18}],"InkBottle":[31]},"card_choices":[{"not_picked":["Sword Boomerang","Rupture"],"picked":"Cleave","floor":1},{"not_picked":["Warcry","Thunderclap","Anger"],"picked":"SKIP","floor":3},{"not_picked":["Sever Soul","Headbutt"],"picked":"Battle Trance","floor":6},{"not_picked":["Perfected Strike","Clash"],"picked":"Reaper","floor":8},{"not_picked":["Wild Strike","Body Slam"],"picked":"Headbutt","floor":11},{"not_picked":["Uppercut","Sword Boomerang"],"picked":"Flame Barrier","floor":12},{"not_picked":["Pummel","Heavy Blade"],"picked":"Feel No Pain","floor":13},{"not_picked":["Wild Strike","Body Slam","Bloodletting"],"picked":"SKIP","floor":14},{"not_picked":["Bludgeon","Double Tap"],"picked":"Reaper","floor":16},{"not_picked":["Wild Strike","Flex"],"picked":"Iron Wave","floor":18},{"not_picked":["Disarm","Cleave","Havoc+1"],"picked":"SKIP","floor":22},{"not_picked":["Clash","Thunderclap+1","Blood for Blood"],"picked":"SKIP","floor":24},{"not_picked":["Inflame","Rampage"],"picked":"Offering","floor":28},{"not_picked":["Flex","Pommel Strike","Headbutt+1"],"picked":"SKIP","floor":29},{"not_picked":["Thunderclap","Wild Strike+1","Twin Strike+1"],"picked":"SKIP","floor":31},{"not_picked":["Double Tap","Feed"],"picked":"Juggernaut","floor":33},{"not_picked":["Feel No Pain+1","Thunderclap+1","Whirlwind+1"],"picked":"SKIP","floor":35},{"not_picked":["Intimidate+1","Pommel Strike+1"],"picked":"Pummel","floor":36},{"not_picked":["The Bomb","Dark Shackles"],"picked":"Finesse","floor":37},{"not_picked":["Mayhem","Purity"],"picked":"Panache","floor":37},{"not_picked":["Dark Shackles","Secret Weapon"],"picked":"Finesse","floor":37},{"not_picked":["Inflame+1","Headbutt"],"picked":"Pummel+1","floor":39},{"not_picked":["Fire Breathing","Ghostly Armor"],"picked":"Sentinel+1","floor":40},{"not_picked":["Rampage","Juggernaut","Dropkick+1"],"picked":"SKIP","floor":42},{"not_picked":["Clash","Entrench"],"picked":"Pommel Strike+1","floor":47},{"not_picked":["Pommel Strike","Cleave+1","Dark Embrace"],"picked":"SKIP","floor":48},{"not_picked":["Wild Strike+1","Body Slam"],"picked":"Carnage+1","floor":54}],"player_experience":241599,"relics_obtained":[{"floor":6,"key":"Lizard Tail"},{"floor":8,"key":"InkBottle"},{"floor":24,"key":"MealTicket"},{"floor":28,"key":"Gremlin Horn"},{"floor":40,"key":"Mercury Hourglass"},{"floor":42,"key":"Shovel"},{"floor":43,"key":"PreservedInsect"},{"floor":44,"key":"Pen Nib"},{"floor":46,"key":"Thread and Needle"},{"floor":48,"key":"Nunchaku"},{"floor":49,"key":"Anchor"},{"floor":52,"key":"Bottled Flame"},{"floor":54,"key":"Charon\u0027s Ashes"}],"event_choices":[{"damage_healed":0,"gold_gain":0,"cards_transformed":["Strike_R"],"player_choice":"Transformed","damage_taken":0,"max_hp_gain":0,"max_hp_loss":0,"event_name":"Transmorgrifier","floor":2,"gold_loss":0,"cards_obtained":["Double Tap"]},{"damage_healed":0,"gold_gain":0,"player_choice":"Box","damage_taken":0,"relics_obtained":["Red Skull"],"max_hp_gain":0,"max_hp_loss":0,"event_name":"Big Fish","floor":4,"gold_loss":0,"cards_obtained":["Regret"]},{"cards_removed":["Strike_R"],"damage_healed":0,"gold_gain":0,"player_choice":"Card Removal","damage_taken":0,"max_hp_gain":0,"max_hp_loss":0,"event_name":"The Cleric","floor":5,"gold_loss":50},{"cards_removed":["Regret"],"damage_healed":0,"gold_gain":0,"player_choice":"Purged","damage_taken":0,"max_hp_gain":0,"max_hp_loss":0,"event_name":"Purifier","floor":7,"gold_loss":0},{"damage_healed":0,"gold_gain":0,"player_choice":"Simplicity","damage_taken":0,"max_hp_gain":0,"max_hp_loss":0,"event_name":"Back to Basics","floor":20,"gold_loss":0,"cards_upgraded":["Defend_R","Defend_R","Defend_R"]},{"cards_removed":["Headbutt"],"damage_healed":0,"gold_gain":0,"player_choice":"Card Removal","damage_taken":0,"max_hp_gain":0,"max_hp_loss":0,"event_name":"Wheel of Change","floor":21,"gold_loss":0},{"damage_healed":0,"gold_gain":0,"player_choice":"Shed Blood","damage_taken":20,"max_hp_gain":5,"max_hp_loss":0,"event_name":"Forgotten Altar","floor":27,"gold_loss":0},{"damage_healed":0,"gold_gain":0,"player_choice":"Memory 3","damage_taken":10,"max_hp_gain":0,"max_hp_loss":0,"event_name":"SensoryStone","floor":37,"gold_loss":0},{"damage_healed":0,"gold_gain":0,"cards_transformed":["Warcry"],"player_choice":"Transformed","damage_taken":0,"max_hp_gain":0,"max_hp_loss":0,"event_name":"Transmorgrifier","floor":38,"gold_loss":0,"cards_obtained":["Pummel"]}],"is_beta":false,"boss_relics":[{"not_picked":["Tiny House","Empty Cage"],"picked":"Sozu"},{"not_picked":["Black Star","Calling Bell"],"picked":"Fusion Hammer"}],"items_purged_floors":[19],"is_endless":false,"potions_floor_spawned":[8,11,13,14,22,24,31,33,35,39,47,48],"killed_by":"The Heart","ascension_level":6}}