{"host":"eav5i5w47nlnv2l1","time":1607731759,"event":{"mods":["BaseMod","Minty Spire (QoL Compilation)"],"gold_per_floor":[111,123,73,73,73,73,88,88,113,144,144,159,15,40,40,137,137,152,163,163,31,51,51,51,51,51,51,71,87,118,43,43,140,140,151,168,180,196,211,211,211,211],"floor_reached":41,"playtime":4171,"items_purged":[],"score":425,"play_id":"0ee2c8cd-163a-41eb-a625-71addb16b57e","local_time":"20201211190919","is_ascension_mode":false,"campfire_choices":[{"data":"Eruption","floor":6.0,"key":"SMITH"},{"data":"BattleHymn","floor":11.0,"key":"SMITH"},{"data":"Defend_P","floor":15.0,"key":"SMITH"},{"floor":23,"key":"REST"},{"floor":25,"key":"REST"},{"data":"Panache","floor":27,"key":"SMITH"},{"floor":32,"key":"REST"}],"circlet_count":0,"master_deck":["Strike_P+1","Defend_P+1","Defend_P+1","Defend_P+1","Defend_P+1","Eruption+1","Vigilance","Ragnarok+1","EmptyBody","Halt","BattleHymn+1","Evaluate","MasterReality","WindmillStrike","Panache+1","Study","EmptyBody+1","FearNoEvil","Establishment","Perseverance+1","Protect+1","WaveOfTheHand+1"],"relics":["PureWater","Toy Ornithopter","Darkstone Periapt","Membership Card","Whetstone","VioletLotus","Turnip","Bottled Flame","Cursed Key"],"acts_visited":["Exordium","TheCity","TheBeyond"],"potions_floor_usage":[19,20,29,33],"damage_taken":[{"damage":0.0,"enemies":"Jaw Worm","floor":1.0,"turns":2.0},{"damage":0.0,"enemies":"2 Louse","floor":2.0,"turns":3.0},{"damage":0.0,"enemies":"Small Slimes","floor":7.0,"turns":2.0},{"damage":23.0,"enemies":"3 Sentries","floor":10.0,"turns":9.0},{"damage":0.0,"enemies":"2 Fungi Beasts","floor":12.0,"turns":3.0},{"damage":15.0,"enemies":"Lagavulin","floor":14.0,"turns":8.0},{"damage":23.0,"enemies":"The Guardian","floor":16.0,"turns":10.0},{"damage":2,"enemies":"Shell Parasite","floor":18,"turns":7},{"damage":6,"enemies":"2 Thieves","floor":19,"turns":5},{"damage":35,"enemies":"3 Cultists","floor":20,"turns":5},{"damage":23,"enemies":"Snecko","floor":22,"turns":6},{"damage":16,"enemies":"Shelled Parasite and Fungi","floor":28,"turns":7},{"damage":0,"enemies":"Centurion and Healer","floor":29,"turns":3},{"damage":48,"enemies":"Book of Stabbing","floor":30,"turns":7},{"damage":22,"enemies":"Collector","floor":33,"turns":8},{"damage":12,"enemies":"3 Darklings","floor":35,"turns":4},{"damage":5,"enemies":"Orb Walker","floor":36,"turns":3},{"damage":22,"enemies":"Transient","floor":37,"turns":5},{"damage":17,"enemies":"4 Shapes","floor":38,"turns":6},{"damage":16,"enemies":"3 Darklings","floor":39,"turns":4},{"damage":13,"enemies":"Sphere and 2 Shapes","floor":41,"turns":2}],"seed_played":"8298516206313294111","potions_obtained":[{"floor":7.0,"key":"Explosive Potion"},{"floor":10.0,"key":"SmokeBomb"},{"floor":12.0,"key":"Fire Potion"},{"floor":16.0,"key":"BlessingOfTheForge"},{"floor":28,"key":"SkillPotion"},{"floor":30,"key":"DistilledChaos"},{"floor":39,"key":"SteroidPotion"}],"is_trial":false,"path_per_floor":["M","M","?","?","$","R","M","?","T","E","R","M","$","E","R","B",null,"M","M","M","$","M","R","?","R","T","R","M","M","E","?","R","B",null,"M","M","M","M","M","?","M"],"character_chosen":"WATCHER","items_purchased":["Membership Card","Panache","Study"],"campfire_rested":3,"item_purchase_floors":[13,21,21],"current_hp_per_floor":[72,72,72,77,77,77,77,70,70,52,52,52,52,37,37,19,77,75,71,41,41,18,41,41,64,64,64,48,53,5,5,28,11,77,65,60,38,21,5,5,0,0],"gold":211,"neow_bonus":"ONE_RANDOM_RARE_CARD","is_daily":false,"chose_seed":false,"campfire_upgraded":4,"win_rate":0.0,"timestamp":1607731759,"path_taken":["M","M","?","?","$","R","M","?","T","E","R","M","$","E","R","BOSS","M","M","M","$","M","R","?","R","T","R","M","M","E","?","R","BOSS","M","M","M","M","M","?","M"],"items_purchased_type":["Relic","Card","Card"],"build_version":"2020-11-30","purchased_purges":0,"victory":false,"max_hp_per_floor":[72,72,72,77,77,77,77,77,77,77,77,77,77,77,77,77,77,77,77,77,77,77,77,77,77,77,77,77,77,77,77,77,77,77,77,77,77,77,77,73,73,73],"card_choices":[{"not_picked":["CutThroughFate","Pray"],"picked":"EmptyBody","floor":1.0},{"not_picked":["CutThroughFate","FlyingSleeves"],"picked":"Halt","floor":2.0},{"not_picked":["Pray","CrushJoints","BowlingBash"],"picked":"SKIP","floor":7.0},{"not_picked":["LikeWater","SignatureMove"],"picked":"BattleHymn","floor":10.0},{"not_picked":["Protect","CrushJoints"],"picked":"Evaluate","floor":12.0},{"not_picked":["CutThroughFate","FollowUp","CrushJoints"],"picked":"SKIP","floor":14.0},{"not_picked":["ConjureBlade","Vault"],"picked":"MasterReality","floor":16.0},{"not_picked":["Indignation+1","Collect"],"picked":"WindmillStrike","floor":18},{"not_picked":["EmptyFist+1","Tantrum","CutThroughFate+1"],"picked":"SKIP","floor":19},{"not_picked":["DeceiveReality","Evaluate"],"picked":"EmptyBody+1","floor":22},{"not_picked":["BattleHymn","FollowUp+1","BowlingBash+1"],"picked":"SKIP","floor":28},{"not_picked":["Protect","EmptyBody"],"picked":"FearNoEvil","floor":29},{"not_picked":["Sanctity","TalkToTheHand","Wallop"],"picked":"SKIP","floor":30},{"not_picked":["DeusExMachina","Scrawl"],"picked":"Establishment","floor":33},{"not_picked":["Consecrate+1","Evaluate+1"],"picked":"Perseverance+1","floor":35},{"not_picked":["Evaluate+1","PathToVictory+1","InnerPeace"],"picked":"SKIP","floor":36},{"not_picked":["Pray+1","FollowUp"],"picked":"Protect+1","floor":37},{"not_picked":["CutThroughFate+1","Evaluate+1","PathToVictory"],"picked":"SKIP","floor":38},{"not_picked":["Worship","WreathOfFlame"],"picked":"WaveOfTheHand+1","floor":39}],"player_experience":1362941,"relics_obtained":[{"floor":9.0,"key":"Toy Ornithopter"},{"floor":10.0,"key":"Darkstone Periapt"},{"floor":14.0,"key":"Whetstone"},{"floor":26,"key":"Turnip"},{"floor":30,"key":"Bottled Flame"}],"event_choices":[{"cards_removed":["Strike_P"],"damage_healed":0.0,"max_hp_gain":0.0,"max_hp_loss":0.0,"gold_gain":0.0,"event_name":"The Cleric","player_choice":"Card Removal","floor":3.0,"gold_loss":50.0,"damage_taken":0.0},{"damage_healed":0.0,"max_hp_gain":5.0,"max_hp_loss":0.0,"gold_gain":0.0,"event_name":"Big Fish","player_choice":"Donut","floor":4.0,"gold_loss":0.0,"damage_taken":0.0},{"cards_removed":["Strike_P"],"damage_healed":0.0,"max_hp_gain":0.0,"max_hp_loss":0.0,"gold_gain":0.0,"event_name":"Golden Wing","player_choice":"Card Removal","floor":8.0,"gold_loss":0.0,"damage_taken":7.0},{"damage_healed":0,"gold_gain":0,"player_choice":"Simplicity","damage_taken":0,"max_hp_gain":0,"max_hp_loss":0,"event_name":"Back to Basics","floor":24,"gold_loss":0,"cards_upgraded":["Strike_P","Defend_P","Defend_P","Defend_P"]},{"cards_removed":["Strike_P"],"damage_healed":0,"gold_gain":0,"player_choice":"Gave Gold","damage_taken":0,"max_hp_gain":0,"max_hp_loss":0,"event_name":"Beggar","floor":31,"gold_loss":75},{"damage_healed":0,"gold_gain":0,"player_choice":"Max HP","damage_taken":0,"max_hp_gain":0,"max_hp_loss":4,"event_name":"Winding Halls","floor":40,"gold_loss":0}],"is_beta":false,"boss_relics":[{"not_picked":["Philosopher\u0027s Stone","Runic Pyramid"],"picked":"VioletLotus"},{"not_picked":["Velvet Choker","SacredBark"],"picked":"Cursed Key"}],"items_purged_floors":[],"is_endless":false,"potions_floor_spawned":[7,10,12,16,20,28,30,39],"killed_by":"Sphere and 2 Shapes","ascension_level":0}}