{"host":"xb2tau8pgi8aflss","time":1607784530,"event":{"mods":["AchievementEnabler","BaseMod","Hermit","Minty Spire (QoL Compilation)","StSLib","SuperFastMode"],"gold_per_floor":[111,122,139,214,64,64,164,178,205,223,233,233,233,247,247,343,343,354,16,16,16,34,34,0,0,26,26,126,145,178,189,189,285,285,302,302,312,109,109,109,141,152,152,152,165,183,202,52,52,52],"floor_reached":51,"playtime":1739,"items_purged":["Strike_P","Defend_P","Vengeance","Writhe"],"score":968,"play_id":"7d94f8cf-8148-49e2-8534-8a2a94539ec6","local_time":"20201212234850","is_ascension_mode":true,"campfire_choices":[{"data":"Eruption","floor":6,"key":"SMITH"},{"floor":15,"key":"REST"},{"data":"MentalFortress","floor":23,"key":"SMITH"},{"data":"TalkToTheHand","floor":25,"key":"SMITH"},{"floor":32,"key":"REST"},{"data":"LessonLearned","floor":40,"key":"SMITH"},{"floor":44,"key":"REST"},{"floor":49,"key":"REST"}],"circlet_count":0,"master_deck":["Defend_P+1","Eruption+1","Vigilance","Crescendo+1","BowlingBash","FollowUp","Adaptation","TalkToTheHand+1","DeusExMachina+1","EmptyFist+1","Omniscience+1","MentalFortress+1","Conclude+1","InnerPeace+1","WaveOfTheHand+1","LessonLearned+1","Flash of Steel+1","Tantrum+1","Parasite","Parasite"],"relics":["Runic Dome","Bag of Preparation","SacredBark","Pantograph","Anchor","Calipers","Shuriken","Strawberry","Empty Cage","Toy Ornithopter","Pear"],"acts_visited":["Exordium","TheCity","TheBeyond"],"potions_floor_usage":[14,16,28,28,30,33,50,50],"damage_taken":[{"damage":4,"enemies":"2 Louse","floor":1,"turns":2},{"damage":2,"enemies":"Cultist","floor":2,"turns":4},{"damage":4,"enemies":"Jaw Worm","floor":3,"turns":2},{"damage":17,"enemies":"Looter","floor":8,"turns":2},{"damage":5,"enemies":"Blue Slaver","floor":10,"turns":3},{"damage":0,"enemies":"2 Fungi Beasts","floor":11,"turns":2},{"damage":0,"enemies":"Exordium Thugs","floor":14,"turns":3},{"damage":27,"enemies":"The Guardian","floor":16,"turns":18},{"damage":24,"enemies":"2 Thieves","floor":18,"turns":4},{"damage":1,"enemies":"Chosen","floor":22,"turns":4},{"damage":26,"enemies":"Colosseum Slavers","floor":28,"turns":4},{"damage":0,"enemies":"Colosseum Nobs","floor":28,"turns":4},{"damage":0,"enemies":"Snecko","floor":29,"turns":4},{"damage":0,"enemies":"Book of Stabbing","floor":30,"turns":5},{"damage":0,"enemies":"Centurion and Healer","floor":31,"turns":7},{"damage":0,"enemies":"Collector","floor":33,"turns":8},{"damage":29,"enemies":"Orb Walker","floor":35,"turns":4},{"damage":24,"enemies":"3 Darklings","floor":37,"turns":3},{"damage":9,"enemies":"Giant Head","floor":41,"turns":8},{"damage":1,"enemies":"Writhing Mass","floor":42,"turns":6},{"damage":8,"enemies":"Spire Growth","floor":45,"turns":3},{"damage":21,"enemies":"3 Darklings","floor":46,"turns":4},{"damage":13,"enemies":"Writhing Mass","floor":47,"turns":5},{"damage":91,"enemies":"Time Eater","floor":50,"turns":5}],"seed_played":"947910653771361515","potions_obtained":[{"floor":2,"key":"Dexterity Potion"},{"floor":3,"key":"Swift Potion"},{"floor":11,"key":"BlessingOfTheForge"},{"floor":18,"key":"Regen Potion"},{"floor":28,"key":"Weak Potion"},{"floor":30,"key":"EssenceOfSteel"},{"floor":33,"key":"Ambrosia"},{"floor":35,"key":"Strength Potion"}],"is_trial":false,"path_per_floor":["M","M","M","?","$","R","?","M","T","M","M","?","?","M","R","B",null,"M","$","?","?","M","R","?","R","T","?","?","M","E","M","R","B",null,"M","?","M","$","?","R","E","M","T","R","M","M","M","$","R","B",null],"character_chosen":"WATCHER","items_purchased":["Adaptation","Pantograph","Regen Potion"],"campfire_rested":4,"item_purchase_floors":[5,19,38],"current_hp_per_floor":[68,66,62,51,51,51,51,34,34,29,29,15,15,15,36,9,56,32,32,32,32,31,31,31,31,31,18,19,19,26,26,51,76,82,53,53,29,29,50,50,41,40,50,78,70,49,36,36,64,27],"gold":52,"neow_bonus":"BOSS_RELIC","is_daily":false,"chose_seed":false,"campfire_upgraded":4,"win_rate":0.0,"timestamp":1607784530,"path_taken":["M","M","M","?","$","R","?","M","T","M","?","?","?","M","R","BOSS","M","$","?","?","?","R","?","R","T","?","?","M","E","M","R","BOSS","M","?","M","$","?","R","E","M","T","R","M","M","M","$","R","BOSS"],"items_purchased_type":["Card","Relic","Potion"],"build_version":"2020-11-30","purchased_purges":4,"victory":true,"max_hp_per_floor":[72,72,72,72,72,72,72,72,72,72,72,72,72,72,72,72,72,72,72,72,72,72,72,72,72,72,77,77,77,84,84,84,84,84,84,84,84,84,84,84,84,84,94,94,94,94,94,94,94,94],"card_choices":[{"not_picked":["Collect","Nirvana"],"picked":"Crescendo","floor":1},{"not_picked":["Protect","FlurryOfBlows"],"picked":"BowlingBash","floor":2},{"not_picked":["CutThroughFate","Prostrate"],"picked":"FollowUp","floor":3},{"not_picked":["Protect","Perseverance"],"picked":"TalkToTheHand","floor":8},{"not_picked":["CutThroughFate","CrushJoints","Wireheading"],"picked":"SKIP","floor":10},{"not_picked":["Indignation","Crescendo"],"picked":"DeusExMachina","floor":11},{"not_picked":["ClearTheMind","Consecrate"],"picked":"EmptyFist","floor":14},{"not_picked":["DeusExMachina","Brilliance"],"picked":"Omniscience","floor":16},{"not_picked":["Halt","Adaptation","FlurryOfBlows"],"picked":"SKIP","floor":18},{"not_picked":["EmptyBody+1","LikeWater"],"picked":"InnerPeace+1","floor":22},{"not_picked":["Swivel","EmptyBody","Consecrate"],"picked":"SKIP","floor":29},{"not_picked":["JustLucky","ThirdEye"],"picked":"WaveOfTheHand+1","floor":30},{"not_picked":["EmptyFist","JustLucky","Prostrate"],"picked":"SKIP","floor":31},{"not_picked":["DevaForm","Judgement"],"picked":"LessonLearned","floor":33},{"not_picked":["JustLucky","Prostrate+1","Study+1"],"picked":"SKIP","floor":35},{"not_picked":["Deep Breath","Transmutation"],"picked":"Flash of Steel","floor":36},{"not_picked":["BowlingBash","ThirdEye","Perseverance"],"picked":"SKIP","floor":37},{"not_picked":["Evaluate+1","BowlingBash+1"],"picked":"Tantrum+1","floor":41},{"not_picked":["EmptyFist","Establishment","Halt"],"picked":"SKIP","floor":42},{"not_picked":["Crescendo+1","CutThroughFate+1","Halt"],"picked":"SKIP","floor":45},{"not_picked":["InnerPeace+1","WaveOfTheHand","Prostrate+1"],"picked":"SKIP","floor":46},{"not_picked":["Pray+1","Protect+1","Fasting2+1"],"picked":"SKIP","floor":47}],"player_experience":738048,"relics_obtained":[{"floor":9,"key":"Bag of Preparation"},{"floor":26,"key":"Anchor"},{"floor":28,"key":"Calipers"},{"floor":28,"key":"Shuriken"},{"floor":30,"key":"Strawberry"},{"floor":41,"key":"Toy Ornithopter"},{"floor":43,"key":"Pear"}],"event_choices":[{"damage_healed":0,"gold_gain":75,"player_choice":"Gather Gold","damage_taken":11,"max_hp_gain":0,"max_hp_loss":0,"event_name":"World of Goop","floor":4,"gold_loss":0},{"damage_healed":0,"gold_gain":100,"player_choice":"Pray","damage_taken":0,"max_hp_gain":0,"max_hp_loss":0,"event_name":"Golden Shrine","floor":7,"gold_loss":0},{"damage_healed":0,"gold_gain":0,"player_choice":"Entered Light","damage_taken":14,"max_hp_gain":0,"max_hp_loss":0,"event_name":"Shining Light","floor":12,"gold_loss":0,"cards_upgraded":["DeusExMachina","Defend_P"]},{"cards_removed":["Strike_P"],"damage_healed":0,"gold_gain":0,"player_choice":"Forget","damage_taken":0,"max_hp_gain":0,"max_hp_loss":0,"event_name":"Living Wall","floor":13,"gold_loss":0},{"damage_healed":0,"gold_gain":0,"player_choice":"Read","damage_taken":0,"max_hp_gain":0,"max_hp_loss":0,"event_name":"The Library","floor":20,"gold_loss":0,"cards_obtained":["MentalFortress"]},{"damage_healed":0,"gold_gain":0,"cards_transformed":["Strike_P","Defend_P"],"player_choice":"Became Test Subject","damage_taken":0,"max_hp_gain":0,"max_hp_loss":0,"event_name":"Drug Dealer","floor":21,"gold_loss":0,"cards_obtained":["Conclude","Vengeance"]},{"damage_healed":0,"gold_gain":0,"player_choice":"Paid Fearfully","damage_taken":0,"max_hp_gain":0,"max_hp_loss":0,"event_name":"Masked Bandits","floor":24,"gold_loss":34},{"damage_healed":0,"gold_gain":0,"player_choice":"Shed Blood","damage_taken":18,"max_hp_gain":5,"max_hp_loss":0,"event_name":"Forgotten Altar","floor":27,"gold_loss":0},{"damage_healed":0,"gold_gain":0,"player_choice":"Fight","damage_taken":0,"max_hp_gain":0,"max_hp_loss":0,"event_name":"Colosseum","floor":28,"gold_loss":0},{"damage_healed":0,"gold_gain":0,"player_choice":"Fought Nobs","damage_taken":0,"max_hp_gain":0,"max_hp_loss":0,"event_name":"Colosseum","floor":28,"gold_loss":0},{"damage_healed":0,"gold_gain":0,"player_choice":"Memory 1","damage_taken":0,"max_hp_gain":0,"max_hp_loss":0,"event_name":"SensoryStone","floor":36,"gold_loss":0},{"damage_healed":21,"gold_gain":0,"player_choice":"Writhe","damage_taken":0,"max_hp_gain":0,"max_hp_loss":0,"event_name":"Winding Halls","floor":39,"gold_loss":0,"cards_obtained":["Writhe"]}],"is_beta":false,"boss_relics":[{"not_picked":["Runic Pyramid","Sozu"],"picked":"SacredBark"},{"not_picked":["Pandora\u0027s Box","Philosopher\u0027s Stone"],"picked":"Empty Cage"}],"items_purged_floors":[5,19,38,48],"is_endless":false,"potions_floor_spawned":[2,3,11,18,28,28,30,33,35,41,47],"ascension_level":5}}