{"host":"3c27c697js19kaoo","time":1607778895,"event":{"mods":["BaseMod","Dota2Spire","Minty Spire (QoL Compilation)","Quick Restart","Remilia£®¿Ÿ√◊¿Ú—«£©","Replay The Spire","StSLib","The Cursed","The Gatherer","The Servant 0.9.4","°æ“≈ŒÔø®≈∆°øREMEMod"],"gold_per_floor":[113,126,136,136,136,154,255,274,327,327,362,362],"floor_reached":11,"playtime":322,"items_purged":[],"score":86,"play_id":"e0d65027-2929-4c0a-9411-21052f664607","local_time":"20201212211455","is_ascension_mode":true,"campfire_choices":[{"data":"Moondial","floor":10,"key":"SMITH"}],"circlet_count":0,"master_deck":["Strike_S","Strike_S","Strike_S","Strike_S","Defend_S","Defend_S","Defend_S","Defend_S","KidneyShot","Exchange","Judgement","BottledTime","TimeTheft","Advance","SilverBlades","Moondial+1"],"relics":["Uniform","REME_ComplimentaryCards","NeowsBlessing","Ring of Misfortune","Ring of Fangs","Dota2Spire:UrnOfShadows","Matryoshka"],"acts_visited":["Exordium"],"potions_floor_usage":[8,11],"damage_taken":[{"damage":0,"enemies":"Cultist","floor":1,"turns":1},{"damage":0,"enemies":"Jaw Worm","floor":2,"turns":1},{"damage":0,"enemies":"Small Slimes","floor":3,"turns":1},{"damage":3,"enemies":"Looter","floor":6,"turns":2},{"damage":13,"enemies":"3 Louse","floor":8,"turns":3},{"damage":34,"enemies":"Lagavulin","floor":11,"turns":8}],"seed_played":"-4437940778906808551","potions_obtained":[{"floor":1,"key":"AttackPotion"},{"floor":2,"key":"DuplicationPotion"},{"floor":6,"key":"Dexterity Potion"}],"is_trial":false,"path_per_floor":["M","M","M","?","$","M","?","M","T","R","E"],"character_chosen":"THE_SERVANT","items_purchased":[],"campfire_rested":0,"item_purchase_floors":[],"current_hp_per_floor":[65,65,65,65,65,62,62,49,49,49,15,15],"gold":362,"neow_bonus":"THREE_ENEMY_KILL","is_daily":false,"chose_seed":false,"campfire_upgraded":1,"win_rate":0.0,"timestamp":1607778895,"path_taken":["M","M","?","?","?","?","?","M","T","R","E"],"items_purchased_type":[],"build_version":"2020-11-30","purchased_purges":0,"victory":false,"max_hp_per_floor":[65,65,65,65,65,65,65,65,65,65,65,65],"card_choices":[{"not_picked":["Potential","Unruled"],"picked":"BottledTime","floor":1},{"not_picked":["Spin","Starlight"],"picked":"TimeTheft","floor":2},{"not_picked":["Rewind","Deny","BottledTime"],"picked":"SKIP","floor":3},{"not_picked":["Read","Shuttle"],"picked":"Advance","floor":6},{"not_picked":["Hightail","Spin"],"picked":"SilverBlades","floor":7},{"not_picked":["Potential","FastForward"],"picked":"Moondial","floor":8}],"player_experience":108626,"relics_obtained":[{"floor":4,"key":"Ring of Misfortune"},{"floor":4,"key":"Ring of Fangs"},{"floor":9,"key":"Dota2Spire:UrnOfShadows"},{"floor":11,"key":"Matryoshka"}],"event_choices":[],"is_beta":false,"boss_relics":[],"items_purged_floors":[],"is_endless":false,"potions_floor_spawned":[1,2,6],"killed_by":"Lagavulin","ascension_level":3}}