{"host":"vzugls1u57eppbds","time":1607808844,"event":{"mods":["AchievementEnabler","BaseMod","Better Third Choice","Minty Spire (QoL Compilation)","Relic Stats","Shop Mod","StSLib","The IronCluck"],"gold_per_floor":[112,126,126,141,141,141,168,168,192,4,37,37,63,63,63,166,166,185,185,65,83,100,100,100],"floor_reached":23,"playtime":659,"items_purged":[],"score":325,"play_id":"82fcefca-7df3-4a10-8f19-efb1f34c92e8","local_time":"20201212223404","is_ascension_mode":true,"campfire_choices":[{"data":"Offering","floor":6,"key":"SMITH"},{"data":"Perfected Strike","floor":8,"key":"SMITH"},{"data":"Pommel Strike","floor":15,"key":"SMITH"}],"circlet_count":0,"master_deck":["Strike_R","Strike_R","Strike_R","Strike_R","Defend_R","Defend_R","Defend_R","Defend_R","Bash","Offering+1","Perfected Strike+1","Pommel Strike+1","Bloodletting","Clothesline","Berserk","Pommel Strike","Rage","Evolve","Rage","Heavy Blade+1"],"relics":["Burning Blood","Pen Nib","Omamori","PreservedInsect","Smiling Mask","Centennial Puzzle","Black Star"],"acts_visited":["Exordium","TheCity"],"potions_floor_usage":[13,16,23],"damage_taken":[{"damage":10,"enemies":"Jaw Worm","floor":1,"turns":3},{"damage":6,"enemies":"Cultist","floor":2,"turns":2},{"damage":6,"enemies":"Small Slimes","floor":4,"turns":2},{"damage":24,"enemies":"Gremlin Nob","floor":7,"turns":3},{"damage":16,"enemies":"3 Sentries","floor":11,"turns":4},{"damage":9,"enemies":"Lagavulin","floor":13,"turns":2},{"damage":35,"enemies":"The Guardian","floor":16,"turns":8},{"damage":16,"enemies":"Shell Parasite","floor":18,"turns":2},{"damage":6,"enemies":"Spheric Guardian","floor":21,"turns":2},{"damage":44,"enemies":"Snake Plant","floor":22,"turns":5},{"damage":71,"enemies":"Gremlin Leader","floor":23,"turns":2}],"seed_played":"7161151038759104268","potions_obtained":[{"floor":4,"key":"EssenceOfSteel"},{"floor":7,"key":"Swift Potion"},{"floor":11,"key":"Weak Potion"},{"floor":16,"key":"FairyPotion"},{"floor":21,"key":"FearPotion"}],"is_trial":false,"path_per_floor":["M","M","?","M","?","R","E","R","T","$","E","$","E","?","R","B",null,"M","?","$","M","M","E"],"character_chosen":"IRONCLAD","items_purchased":["PreservedInsect","Bloodletting","Rage","Evolve"],"campfire_rested":0,"item_purchase_floors":[10,10,20,20],"current_hp_per_floor":[68,68,68,68,90,90,72,72,72,72,62,62,59,89,89,60,83,73,73,73,73,35,0,0],"gold":100,"neow_bonus":"ONE_RANDOM_RARE_CARD","is_daily":false,"chose_seed":false,"campfire_upgraded":3,"win_rate":0.0,"timestamp":1607808844,"path_taken":["M","M","?","?","?","R","E","R","T","?","E","$","E","?","R","BOSS","M","?","?","?","M","E"],"items_purchased_type":["Relic","Card","Card","Card"],"build_version":"2020-11-30","purchased_purges":0,"victory":false,"max_hp_per_floor":[80,80,80,80,90,90,90,90,90,90,90,90,90,90,90,90,90,90,90,90,90,90,90,90],"relic_stats":{"Centennial Puzzle":[15],"counters":[11,35],"Pen Nib":[5],"PreservedInsect":107,"Black Star":0,"Smiling Mask":0,"obtain_stats":[{"Centennial Puzzle":13,"Pen Nib":7,"PreservedInsect":10,"Omamori":9,"Black Star":17,"Smiling Mask":11,"Burning Blood":0},{"Centennial Puzzle":6,"Pen Nib":4,"PreservedInsect":4,"Omamori":4,"Black Star":7,"Smiling Mask":5,"Burning Blood":0},{"Centennial Puzzle":16,"Pen Nib":10,"PreservedInsect":10,"Omamori":10,"Black Star":24,"Smiling Mask":14,"Burning Blood":0}],"Burning Blood":60},"card_choices":[{"not_picked":["Clash","Combust"],"picked":"Perfected Strike","floor":1},{"not_picked":["Warcry","Dark Embrace","True Grit"],"picked":"SKIP","floor":2},{"not_picked":["Clothesline","Whirlwind"],"picked":"Pommel Strike","floor":4},{"not_picked":["Reckless Charge","Exhume","Spot Weakness"],"picked":"SKIP","floor":7},{"not_picked":["Corruption","Wild Strike","Body Slam"],"picked":"SKIP","floor":11},{"not_picked":["Dark Embrace","Perfected Strike"],"picked":"Clothesline","floor":13},{"not_picked":["Brutality","Double Tap"],"picked":"Berserk","floor":16},{"not_picked":["Metallicize","Clash"],"picked":"Pommel Strike","floor":18},{"not_picked":["Rupture","Flex"],"picked":"Rage","floor":21},{"not_picked":["Body Slam","Clothesline"],"picked":"Heavy Blade+1","floor":22}],"player_experience":206896,"relics_obtained":[{"floor":7,"key":"Pen Nib"},{"floor":9,"key":"Omamori"},{"floor":11,"key":"Smiling Mask"},{"floor":13,"key":"Centennial Puzzle"}],"event_choices":[{"damage_healed":0,"gold_gain":0,"cards_transformed":["Strike_R"],"player_choice":"Transformed","damage_taken":0,"max_hp_gain":0,"max_hp_loss":0,"event_name":"Transmorgrifier","floor":3,"gold_loss":0,"cards_obtained":["Demon Form"]},{"cards_removed":["Demon Form"],"damage_healed":12,"gold_gain":0,"player_choice":"Offered Rare","damage_taken":0,"max_hp_gain":10,"max_hp_loss":0,"event_name":"Bonfire Elementals","floor":5,"gold_loss":0},{"damage_healed":30,"gold_gain":0,"player_choice":"Banana","damage_taken":0,"max_hp_gain":0,"max_hp_loss":0,"event_name":"Big Fish","floor":14,"gold_loss":0},{"damage_healed":0,"gold_gain":0,"player_choice":"Cursed","damage_taken":0,"max_hp_gain":0,"max_hp_loss":0,"event_name":"Wheel of Change","floor":19,"gold_loss":0,"cards_obtained":["Decay"]}],"is_beta":false,"boss_relics":[{"not_picked":["Velvet Choker","Calling Bell"],"picked":"Black Star"}],"items_purged_floors":[],"is_endless":false,"potions_floor_spawned":[4,7,11,16,21],"killed_by":"Gremlin Leader","ascension_level":8}}