{"host":"6w8aqtnmxc00db5e","time":1607806399,"event":{"mods":["BaseMod","Better Altar","Better Match","Better Note","Better Sensory Stone","Better Skull","Better Third Choice","GifTheSpireLib","GungeonMod","Minty Spire (QoL Compilation)","Replay The Spire","StSLib"],"gold_per_floor":[113,113,131,81,95,106,137,59,82,82,107,107,125,155,155,256,256,256,256],"floor_reached":18,"playtime":1332,"items_purged":[],"score":280,"play_id":"60e59801-b3cf-41b5-babb-6f39442f5731","local_time":"20201212155319","daily_mods":["SealedDeck","Vintage","Heirloom","Time Dilation","DeadlyEvents","Elite Swarm","Uncertain Future"],"is_ascension_mode":false,"campfire_choices":[{"data":"DemoMod:PotionOfGunFriendShip","floor":10,"key":"SMITH"},{"data":"DemoMod:ShadowBullets","floor":12,"key":"SMITH"}],"circlet_count":0,"master_deck":["DemoMod:JK47+1","DemoMod:BattleInHaste","DemoMod:Ejector","DemoMod:SAA","DemoMod:StrategicReserve","DemoMod:HardPowerCard","DemoMod:TeaPot","DemoMod:AbyssalTentacle","DemoMod:HuntsMan+1","DemoMod:DarkMarker","DemoMod:ShadowBullets+1","DemoMod:BlankBullets","DemoMod:PotionOfGunFriendShip+1","DemoMod:Behold!","DemoMod:FightSabre"],"relics":["DemoMod:Dog","replay:Trail_Library","DemoMod:SevenLeafClover","Potion Belt","ReplayTheSpireMod:Ring of Addiction","Chameleon Ring","White Beast Statue","Ring of Fangs","Matryoshka","Singing Bowl","Anchor","DemoMod:JetPack","Lizard Tail","FossilizedHelix","DemoMod:ClearGuonStone","ReplayTheSpireMod:Lightbulb","DemoMod:GlassGuonStoneRelic","Smiling Mask","Whetstone","DemoMod:DecoyRelic","Black Star"],"acts_visited":["Exordium","TheCity"],"potions_floor_usage":[3,6,7,7,7,11,13,14,16,16,16,18],"damage_taken":[{"damage":0,"enemies":"Cultist","floor":1,"turns":3},{"damage":16,"enemies":"2 Louse","floor":3,"turns":3},{"damage":11,"enemies":"Jaw Worm","floor":5,"turns":3},{"damage":6,"enemies":"Exordium Thugs","floor":6,"turns":3},{"damage":11,"enemies":"3 Sentries","floor":7,"turns":6},{"damage":0,"enemies":"Replay:BlueRogue","floor":11,"turns":4},{"damage":0,"enemies":"Blue Slaver","floor":13,"turns":1},{"damage":0,"enemies":"Lagavulin","floor":14,"turns":4},{"damage":0,"enemies":"The Guardian","floor":16,"turns":5},{"damage":0,"enemies":"Spheric Guardian","floor":18,"turns":3}],"seed_played":"-523538915628834043","potions_obtained":[{"floor":2,"key":"LiquidBronze"},{"floor":2,"key":"EssenceOfSteel"},{"floor":2,"key":"GamblersBrew"},{"floor":5,"key":"SteroidPotion"},{"floor":6,"key":"SkillPotion"},{"floor":7,"key":"Reflective Coating"},{"floor":11,"key":"Swift Potion"},{"floor":13,"key":"Adrenaline Potion"},{"floor":14,"key":"PowerPotion"},{"floor":15,"key":"Weak Potion"},{"floor":15,"key":"SkillPotion"},{"floor":16,"key":"Swift Potion"}],"is_trial":true,"path_per_floor":["M","?","M","?","M","M","E","$","T","R","E","R","M","E","R","B",null,"M"],"character_chosen":"HUNTRESS","items_purchased":["DemoMod:ShadowBullets"],"campfire_rested":0,"item_purchase_floors":[8],"current_hp_per_floor":[70,70,54,54,43,37,26,26,26,26,26,26,26,28,28,28,70,70,70],"gold":256,"neow_bonus":"","is_daily":false,"chose_seed":false,"campfire_upgraded":2,"win_rate":0.0,"timestamp":1607806399,"path_taken":["M","?","M","?","M","M","E","$","T","R","E","R","?","E","R","BOSS","M"],"items_purchased_type":["Card"],"build_version":"2020-11-30","purchased_purges":0,"victory":false,"max_hp_per_floor":[70,70,70,70,70,70,70,70,70,70,68,68,68,70,70,70,70,70,70],"card_choices":[{"not_picked":["DemoMod:SuppressiveFire","DemoMod:FullFirepower"],"picked":"DemoMod:DarkMarker","floor":7},{"not_picked":["DemoMod:BSG","DemoMod:ThirdPartyController"],"picked":"DemoMod:BlankBullets","floor":9},{"not_picked":["DemoMod:BSG","DemoMod:Slinger"],"picked":"DemoMod:Behold!","floor":11},{"not_picked":["DemoMod:Elimentaler","DemoMod:BlankBullets","DemoMod:DoubleVision"],"picked":"Singing Bowl","floor":14},{"not_picked":["DemoMod:DarkMarker","DemoMod:Elimentaler"],"picked":"DemoMod:FightSabre","floor":16}],"player_experience":523975,"relics_obtained":[{"floor":1,"key":"Potion Belt"},{"floor":2,"key":"ReplayTheSpireMod:Ring of Addiction"},{"floor":2,"key":"Chameleon Ring"},{"floor":2,"key":"White Beast Statue"},{"floor":2,"key":"Ring of Fangs"},{"floor":3,"key":"Matryoshka"},{"floor":3,"key":"Singing Bowl"},{"floor":5,"key":"Anchor"},{"floor":6,"key":"DemoMod:JetPack"},{"floor":7,"key":"Lizard Tail"},{"floor":9,"key":"FossilizedHelix"},{"floor":9,"key":"DemoMod:ClearGuonStone"},{"floor":9,"key":"ReplayTheSpireMod:Lightbulb"},{"floor":11,"key":"Smiling Mask"},{"floor":13,"key":"Whetstone"},{"floor":14,"key":"DemoMod:DecoyRelic"}],"event_choices":[{"cards_removed":["Clumsy"],"damage_healed":0,"gold_gain":0,"player_choice":"Card Removal","damage_taken":0,"max_hp_gain":0,"max_hp_loss":0,"event_name":"The Cleric","floor":4,"gold_loss":50}],"is_beta":false,"boss_relics":[{"not_picked":["DemoMod:Test1","Empty Cage"],"picked":"Black Star"}],"items_purged_floors":[],"is_endless":false,"potions_floor_spawned":[5,6,7,11,13,14,16],"killed_by":"Spheric Guardian","ascension_level":0}}