{"host":"bbld1ic1uj90ldt9","time":1607759276,"event":{"mods":["2.2 Compatiblity","AchievementEnabler","Act Like it!","BaseMod","Better Third Choice","Conspire","Downfall","Emptier Cage","Gensokyo","Hallownest","Hermit","Highlight Path","Hubris","Marisa????????","Minty Spire (QoL Compilation)","Random Character Button","Replay The Spire","StSLib","The Animator","The Bug Knight","The Cursed","The Disciple","The Hierophant","The Jungle","The Runesmith","The Servant 0.9.4"],"gold_per_floor":[110,59,69,98,98,127,139,139,165,192,205,216,216,241,241,338,438,453,463,456,506,506,506,521,555,555,555,555],"floor_reached":27,"playtime":2508,"items_purged":[],"score":251,"play_id":"18f25aad-356a-43df-8a09-e13ade49155e","local_time":"20201212084756","is_ascension_mode":false,"campfire_choices":[{"floor":8,"key":"RECALL"},{"floor":13,"key":"REST"},{"data":"Static Discharge","floor":15,"key":"SMITH"},{"data":"Echo Form","floor":23,"key":"SMITH"}],"circlet_count":0,"master_deck":["Strike_B","Strike_B","Strike_B","Defend_B","Defend_B","Defend_B","Defend_B","Zap","Dualcast","Reinforced Body","Self Repair+1","Darkness","Self Repair","Turbo","Cold Snap","ReplayRNGCard","ReplayTheSpireMod:System Scan","Stack","FIFO Queue","Conserve Battery","Barrage","Static Discharge+1","Echo Form+1","Crystallizer","conspire:SharedLibrary","Coolheaded","White Noise","Slimebound:Icky","Amnesia","Decay","Aggregate","FIFO Queue","Chill+1"],"relics":["Cracked Core","Prayer Wheel","Letter Opener","Snack Pack","Toy Ornithopter","Replay:Wanted Poster","ReplayTheSpireMod:CursedCoin","Bronze Scales","Ring of Fury","Ring of Greed","Replay:Bandana","Membership Card","MealTicket","Replay:Baseball"],"acts_visited":["Exordium","theJungle:Jungle"],"potions_floor_usage":[14,18,25,27],"damage_taken":[{"damage":6,"enemies":"Jaw Worm","floor":1,"turns":3},{"damage":2,"enemies":"Small Slimes","floor":3,"turns":4},{"damage":16,"enemies":"conspire:MimicChest","floor":4,"turns":6},{"damage":44,"enemies":"3 Sentries","floor":6,"turns":10},{"damage":6,"enemies":"Cultist","floor":7,"turns":3},{"damage":36,"enemies":"Lagavulin","floor":10,"turns":9},{"damage":8,"enemies":"Red Slaver","floor":11,"turns":4},{"damage":2,"enemies":"Exordium Wildlife","floor":12,"turns":3},{"damage":8,"enemies":"3 Sentries","floor":14,"turns":6},{"damage":36,"enemies":"Hexaghost","floor":16,"turns":10},{"damage":27,"enemies":"theJungle:GiantWrat","floor":18,"turns":6},{"damage":17,"enemies":"theJungle:MUSHROOMGANG","floor":19,"turns":4},{"damage":19,"enemies":"theJungle:JungleHuntersEncounter","floor":24,"turns":6},{"damage":63,"enemies":"theJungle:Cassacara","floor":25,"turns":7},{"damage":21,"enemies":"Snake Plant","floor":27,"turns":2}],"seed_played":"-3900881649462373542","potions_obtained":[{"floor":6,"key":"sneckomod:MuddlingPotion"},{"floor":10,"key":"Weak Potion"},{"floor":12,"key":"SteroidPotion"},{"floor":16,"key":"GamblersBrew"},{"floor":24,"key":"Death Potion"}],"is_trial":false,"path_per_floor":["M","$","M","?","?","E","M","R","T","E","M","M","R","E","R","B",null,"M","M","$","?","?","R","M","E","T","M"],"character_chosen":"DEFECT","items_purchased":["Self Repair+1","ReplayTheSpireMod:CursedCoin","Bronze Scales"],"campfire_rested":1,"item_purchase_floors":[2,20,20],"current_hp_per_floor":[76,76,82,76,76,49,60,60,60,41,43,48,72,64,64,45,82,77,67,67,67,67,67,65,14,14,0,0],"gold":555,"neow_bonus":"TEN_PERCENT_HP_BONUS","is_daily":false,"chose_seed":false,"campfire_upgraded":2,"win_rate":0.0,"timestamp":1607759276,"path_taken":["M","$","M","?","?","E","M","R","T","E","M","M","R","E","R","BOSS","M","?","?","?","?","R","?","E","T","M"],"items_purchased_type":["Card","Relic","Relic"],"build_version":"2020-11-30","purchased_purges":0,"victory":false,"max_hp_per_floor":[82,82,82,82,82,82,82,82,82,82,82,82,82,82,82,82,82,82,82,82,82,82,82,82,82,82,82,82],"card_choices":[{"not_picked":["Rebound","Steam"],"picked":"Reinforced Body","floor":1},{"not_picked":["Streamline","Scrape"],"picked":"Darkness","floor":3},{"not_picked":["Rebound","Leap"],"picked":"Self Repair","floor":4},{"not_picked":["Leap","Reprogram"],"picked":"Turbo","floor":6},{"not_picked":["ReplayTheSpireMod:Reroute Power","Panic Button"],"picked":"Cold Snap","floor":7},{"not_picked":["Storm","Ball Lightning"],"picked":"ReplayRNGCard","floor":7},{"not_picked":["Go for the Eyes","Hologram"],"picked":"ReplayTheSpireMod:System Scan","floor":10},{"not_picked":["Ball Lightning","Core Surge"],"picked":"Stack","floor":11},{"not_picked":["Leap","White Noise"],"picked":"FIFO Queue","floor":11},{"not_picked":["Ball Lightning","ReplayTheSpireMod:Repulse"],"picked":"Conserve Battery","floor":12},{"not_picked":["Auto Shields","Steam Power"],"picked":"Barrage","floor":12},{"not_picked":["ReplayTheSpireMod:Fabricate Wheel","Sunder"],"picked":"Static Discharge","floor":14},{"not_picked":["Hyperbeam","Core Surge"],"picked":"Echo Form","floor":16},{"not_picked":["Turbo","Go for the Eyes"],"picked":"Crystallizer","floor":18},{"not_picked":["Genetic Algorithm","Chaos"],"picked":"conspire:SharedLibrary","floor":18},{"not_picked":["BasicCrystalCard","Barrage"],"picked":"Coolheaded","floor":19},{"not_picked":["Steam","Machine Learning"],"picked":"White Noise","floor":19},{"not_picked":["Compile Driver","Go for the Eyes+1"],"picked":"Aggregate","floor":24},{"not_picked":["ReplayGash","Compile Driver"],"picked":"FIFO Queue","floor":24},{"not_picked":["Stack+1","BootSequence+1"],"picked":"Chill+1","floor":25}],"player_experience":2078408,"relics_obtained":[{"floor":4,"key":"Prayer Wheel"},{"floor":6,"key":"Letter Opener"},{"floor":10,"key":"Snack Pack"},{"floor":14,"key":"Toy Ornithopter"},{"floor":21,"key":"Ring of Fury"},{"floor":21,"key":"Ring of Greed"},{"floor":21,"key":"Replay:Bandana"},{"floor":21,"key":"Membership Card"},{"floor":25,"key":"MealTicket"},{"floor":26,"key":"Replay:Baseball"}],"event_choices":[{"cards_removed":["Strike_B"],"damage_healed":0,"gold_gain":0,"player_choice":"Offered Basic","damage_taken":0,"max_hp_gain":0,"max_hp_loss":0,"event_name":"Bonfire Elementals","floor":5,"gold_loss":0},{"damage_healed":0,"gold_gain":0,"player_choice":"Cursed","damage_taken":0,"max_hp_gain":0,"max_hp_loss":0,"event_name":"Wheel of Change","floor":22,"gold_loss":0,"cards_obtained":["Decay"]}],"is_beta":false,"boss_relics":[{"not_picked":["Sozu","hubris:CrackedHourglass"],"picked":"Replay:Wanted Poster"}],"items_purged_floors":[],"is_endless":false,"potions_floor_spawned":[6,10,12,16,24],"killed_by":"Snake Plant","ascension_level":0}}