{"host":"4pmzrw6j7p9u06vv","time":1607810986,"event":{"mods":["BaseMod","BetterRewards","Downfall","MarisaÅiñ∂âJÅ@ñÇóùçπÅj","Minty Spire (QoL Compilation)","Replay The Spire","StSLib","The Disciple","The Jungle"],"gold_per_floor":[118,118,133,133,133,167,182,182,258,285,301,301,335,24,24,127,227,244,244,14,27,40,70,70,70,70,80,105,115,115,115,130,145,145,145,145],"floor_reached":35,"playtime":1949,"items_purged":["Strike_MRS"],"score":347,"play_id":"7e7fab0a-008b-401e-955c-b5b160e2257a","local_time":"20201212190946","is_ascension_mode":false,"campfire_choices":[{"data":"MasterSpark","floor":8.0,"key":"SMITH"},{"data":"OortCloud","floor":12.0,"key":"SMITH"},{"data":"GrandCross","floor":15.0,"key":"SMITH"},{"floor":34,"key":"REST"}],"circlet_count":0,"master_deck":["Strike_MRS","Strike_MRS+1","Strike_MRS+1","Defend_MRS","Defend_MRS","Defend_MRS","Defend_MRS","MasterSpark+1","UpSweep+1","PowerUp+1","MagicAbsorber","GrandCross+1","OortCloud+1","Infernal Blade"],"relics":["MiniHakkero","NeowsBlessing","Strawberry","Blood Vial","Quantum Egg","Chameleon Ring","FossilizedHelix","Calipers","Replay:Wanted Poster","Toolbox","Replay:Multitool","Whetstone"],"acts_visited":["Exordium","TheCity"],"potions_floor_usage":[23,35,35,35],"damage_taken":[{"damage":0.0,"enemies":"Jaw Worm","floor":1.0,"turns":1.0},{"damage":0.0,"enemies":"2 Louse","floor":3.0,"turns":1.0},{"damage":0.0,"enemies":"3 Sentries","floor":6.0,"turns":2.0},{"damage":0.0,"enemies":"Small Slimes","floor":7.0,"turns":3.0},{"damage":21.0,"enemies":"Lagavulin","floor":10.0,"turns":5.0},{"damage":3.0,"enemies":"Red Slaver","floor":11.0,"turns":3.0},{"damage":0.0,"enemies":"Gremlin Nob","floor":13.0,"turns":4.0},{"damage":6.0,"enemies":"Fading Forest","floor":16.0,"turns":11.0},{"damage":0,"enemies":"2 Thieves","floor":18,"turns":3},{"damage":0,"enemies":"Chosen","floor":21,"turns":4},{"damage":19,"enemies":"Centurion and Healer","floor":22,"turns":6},{"damage":64,"enemies":"Book of Stabbing","floor":23,"turns":6},{"damage":5,"enemies":"3 Cultists","floor":27,"turns":4},{"damage":16,"enemies":"Shelled Parasite and Fungi","floor":29,"turns":5},{"damage":23,"enemies":"Snake Plant","floor":32,"turns":5},{"damage":0,"enemies":"Sentry and Sphere","floor":33,"turns":4},{"damage":66,"enemies":"Pondfish","floor":35,"turns":8}],"seed_played":"5557015149610377758","potions_obtained":[{"floor":7.0,"key":"Guardian:BlockOnCardUsePotion"},{"floor":13.0,"key":"FairyPotion"},{"floor":16.0,"key":"AttackPotion"},{"floor":23,"key":"Fire Potion"},{"floor":29,"key":"Strength Potion"}],"is_trial":false,"path_per_floor":["M","?","M","?","?","E","M","R","T","E","M","R","E","$","R","B",null,"M","?","$","M","M","E","?","PTL","PTL","M","T","M","R","$","M","M","R","B"],"character_chosen":"MARISA","items_purchased":["Calipers","Toolbox"],"campfire_rested":1,"item_purchase_floors":[14,20],"current_hp_per_floor":[75,80,80,84,84,84,86,86,86,66,65,65,67,67,67,73,87,87,87,87,87,68,6,6,6,6,3,3,31,57,57,36,38,64,0,0],"gold":145,"neow_bonus":"THREE_ENEMY_KILL","is_daily":false,"chose_seed":false,"campfire_upgraded":3,"win_rate":0.0,"timestamp":1607810986,"path_taken":["M","?","M","?","?","E","?","R","T","E","M","R","E","$","R","BOSS","M","?","$","M","?","E","?","PTL","PTL","M","T","?","R","$","?","M","R","BOSS"],"items_purchased_type":["Relic","Relic"],"build_version":"2020-11-30","purchased_purges":1,"victory":false,"max_hp_per_floor":[75,80,80,87,87,87,87,87,87,87,87,87,87,87,87,87,87,87,87,87,87,87,87,87,87,87,87,87,87,87,87,87,87,87,87,87],"card_choices":[{"not_picked":["Acceleration","MagicChant"],"picked":"PowerUp","floor":1.0},{"not_picked":["EnergyFlow","MagicChant","AsteroidBelt"],"picked":"SKIP","floor":3.0},{"not_picked":["6A","IllusionStar"],"picked":"MagicAbsorber","floor":6.0},{"not_picked":["WitchLeyline","GalacticHalo","ChargingUp"],"picked":"SKIP","floor":7.0},{"not_picked":["DragonMeteor","DarkSpark"],"picked":"GrandCross","floor":10.0},{"not_picked":["MagicChant","ManaConvection"],"picked":"OortCloud","floor":11.0},{"not_picked":["DarkMatter","AsteroidBelt","MeteoricShower"],"picked":"SKIP","floor":13.0},{"not_picked":["SuperNova","ManaRampage"],"picked":"UltimateShortwave","floor":16.0},{"not_picked":["StarlightTyphoon","DeepEcoloBomb+1","DoubleSpark"],"picked":"SKIP","floor":18},{"not_picked":["Orbital","NonDirectionalLaser+1","DeepEcoloBomb"],"picked":"SKIP","floor":21},{"not_picked":["DarkSpark","AlicesGift","WitchLeyline"],"picked":"SKIP","floor":22},{"not_picked":["PropBag","UnstableBomb","Robbery"],"picked":"SKIP","floor":23},{"not_picked":["IllusionStar","WitchLeyline","OpenUniverse"],"picked":"SKIP","floor":27},{"not_picked":["MilkyWay","DoubleSpark","MysteriousBeam"],"picked":"SKIP","floor":29},{"not_picked":["SuperPerseids","ShootTheMoon","EnergyFlow"],"picked":"SKIP","floor":32},{"not_picked":["EnergyFlow","TreasureHunter","DoubleSpark+1"],"picked":"SKIP","floor":33}],"player_experience":5188,"relics_obtained":[{"floor":6.0,"key":"Blood Vial"},{"floor":9.0,"key":"Quantum Egg"},{"floor":10.0,"key":"Chameleon Ring"},{"floor":13.0,"key":"FossilizedHelix"},{"floor":23,"key":"Replay:Multitool"},{"floor":28,"key":"Whetstone"}],"event_choices":[{"damage_healed":0.0,"max_hp_gain":5.0,"max_hp_loss":0.0,"gold_gain":0.0,"event_name":"Big Fish","player_choice":"Donut","floor":2.0,"gold_loss":0.0,"damage_taken":0.0},{"damage_healed":0.0,"max_hp_gain":0.0,"max_hp_loss":0.0,"gold_gain":0.0,"event_name":"Scrap Ooze","player_choice":"Success","floor":4.0,"gold_loss":0.0,"damage_taken":3.0,"relics_obtained":["Strawberry"]},{"damage_healed":0.0,"max_hp_gain":0.0,"max_hp_loss":0.0,"gold_gain":0.0,"event_name":"Accursed Blacksmith","player_choice":"Forge","floor":5.0,"gold_loss":0.0,"damage_taken":0.0,"cards_upgraded":["UpSweep"]},{"damage_healed":0,"gold_gain":0,"player_choice":"0 cards matched","damage_taken":0,"max_hp_gain":0,"max_hp_loss":0,"event_name":"Match and Keep!","floor":19,"gold_loss":0,"cards_obtained":[]},{"cards_removed":["UltimateShortwave"],"damage_healed":0,"gold_gain":0,"player_choice":"Took Card","damage_taken":0,"max_hp_gain":0,"max_hp_loss":0,"event_name":"NoteForYourself","floor":24,"gold_loss":0,"cards_obtained":["Infernal Blade"]}],"is_beta":false,"boss_relics":[{"not_picked":["Coffee Dripper","Kintsugi"],"picked":"Replay:Wanted Poster"}],"items_purged_floors":[20],"is_endless":false,"potions_floor_spawned":[7,13,16,22,23,29,32,33],"killed_by":"Pondfish","ascension_level":0}}