{"host":"oeeu8njhzvf3llor","time":1607738287,"event":{"mods":["BaseMod","Better Match","Better Note","Better Skull","Better Third Choice","Hubris","Minty Spire (QoL Compilation)","Rare Cards Sparkle","Replay The Spire","Shop Mod","Spicy Shops","StSLib","Swap Starting Deck Mod"],"gold_per_floor":[218,237,253,26,38,63,81,81,81,81,81,0,28,47,47,144,144,128,178,178,78,89,89,114,128,128,3,3,3,3,3,3,103,103,121,169,187,187,187,187,201,51,51,84,100,100,130,143,143,143,143,143,89,89,89],"floor_reached":54,"playtime":2168,"items_purged":["Strike_R","Replay:Hysterical Blindness","Delirium","Normality"],"score":994,"play_id":"cb4730b7-4b12-4381-874a-c3e60a50a93a","local_time":"20201211205807","is_ascension_mode":true,"campfire_choices":[{"data":"Spot Weakness","floor":8,"key":"SMITH"},{"data":"Bash","floor":10,"key":"SMITH"},{"data":"Blood for Blood","floor":15,"key":"SMITH"},{"data":"1","floor":23,"key":"LIFT"},{"floor":28,"key":"RECALL"},{"data":"2","floor":30,"key":"LIFT"},{"data":"Eclipse","floor":32,"key":"SMITH"},{"data":"3","floor":40,"key":"LIFT"},{"floor":46,"key":"REST"},{"floor":49,"key":"REST"},{"data":"Limit Break","floor":52,"key":"SMITH"}],"circlet_count":0,"master_deck":["Strike_R","Strike_R+1","Strike_R","Strike_R","Defend_R","Defend_R+1","Defend_R","Defend_R","Bash+1","Clothesline","Demon Form+1","Flame Barrier","Spot Weakness+1","Warcry+1","Blood for Blood+1","Feel No Pain","Double Tap","Reaper","Clumsy","True Grit","Exhume","Eclipse+1","Limit Break+1","Pommel Strike","Heavy Blade+1","Whirlwind","Heavy Blade","Havoc"],"relics":["Burning Blood","Guide Book","ReplayTheSpireMod:TigerMarble","Gremlin Horn","Simple Rune","Replay:Ancient Bell","Oddly Smooth Stone","Pear","Girya","Lantern","hubris:Spice","ReplayTheSpireMod:Ring of Exchange","Sozu","hubris:MedicalManual","Pantograph","Blue Candle"],"acts_visited":["Exordium","TheCity","TheBeyond","TheEnding"],"potions_floor_usage":[16,22,22,44],"damage_taken":[{"damage":6,"enemies":"Jaw Worm","floor":1,"turns":3},{"damage":10,"enemies":"Cultist","floor":2,"turns":4},{"damage":8,"enemies":"2 Louse","floor":3,"turns":3},{"damage":24,"enemies":"Blue Slaver","floor":5,"turns":5},{"damage":9,"enemies":"Replay:BlueRogue","floor":6,"turns":6},{"damage":3,"enemies":"3 Louse","floor":7,"turns":4},{"damage":28,"enemies":"Gremlin Nob","floor":13,"turns":4},{"damage":2,"enemies":"Looter","floor":14,"turns":3},{"damage":31,"enemies":"The Guardian","floor":16,"turns":9},{"damage":29,"enemies":"2 Thieves","floor":18,"turns":5},{"damage":11,"enemies":"3 Byrds","floor":22,"turns":3},{"damage":44,"enemies":"Slavers","floor":24,"turns":7},{"damage":15,"enemies":"Sentry and Sphere","floor":25,"turns":5},{"damage":31,"enemies":"Pondfish","floor":33,"turns":8},{"damage":4,"enemies":"Orb Walker","floor":35,"turns":1},{"damage":20,"enemies":"3 Shapes","floor":37,"turns":5},{"damage":49,"enemies":"Spire Growth","floor":41,"turns":4},{"damage":25,"enemies":"Nemesis","floor":44,"turns":5},{"damage":23,"enemies":"3 Darklings","floor":45,"turns":3},{"damage":18,"enemies":"R_Hoarder","floor":47,"turns":6},{"damage":13,"enemies":"Transient","floor":48,"turns":5},{"damage":92,"enemies":"Time Eater","floor":50,"turns":8},{"damage":124,"enemies":"Shield and Spear","floor":54,"turns":6}],"seed_played":"-9082821403019212493","potions_obtained":[{"floor":2,"key":"LiquidBronze"},{"floor":7,"key":"Energy Potion"},{"floor":14,"key":"SteroidPotion"},{"floor":33,"key":"Weak Potion"}],"is_trial":false,"path_per_floor":["M","M","M","$","M","E","M","R","T","R","?","$","E","M","R","B",null,"M","?","?","$","M","R","E","M","T","$","R","?","R","?","R","B",null,"M","?","M","?","T","R","M","$","T","E","M","R","E","M","R","B",null,"R","$","E"],"character_chosen":"IRONCLAD","items_purchased":["Guide Book","Blood for Blood","Havoc"],"campfire_rested":2,"item_purchase_floors":[4,12,53],"current_hp_per_floor":[80,76,74,74,56,53,56,56,56,56,56,56,38,42,42,17,90,67,67,58,58,81,81,55,46,54,54,54,54,54,54,54,65,98,98,98,84,84,84,84,41,41,41,22,26,55,43,57,86,12,98,98,98,0,0],"gold":89,"neow_bonus":"HUNDRED_GOLD","is_daily":false,"chose_seed":false,"campfire_upgraded":5,"win_rate":0.0,"timestamp":1607738287,"path_taken":["M","M","M","$","M","E","M","R","T","R","?","?","E","M","R","BOSS","M","?","?","$","?","R","E","M","T","$","R","?","R","?","R","BOSS","M","?","M","?","?","R","?","$","T","E","?","R","E","M","R","BOSS","R","$","E"],"items_purchased_type":["Relic","Card","Card"],"build_version":"2020-11-30","purchased_purges":4,"victory":false,"max_hp_per_floor":[80,80,80,80,80,80,80,80,80,80,80,80,80,80,80,80,90,90,90,90,90,90,90,90,90,98,98,98,98,98,98,98,98,98,98,98,98,98,98,98,98,98,98,98,98,98,98,98,98,98,98,98,98,98,98],"card_choices":[{"not_picked":["True Grit","Pommel Strike"],"picked":"Clothesline","floor":1},{"not_picked":["Rage","Replay:Undeath\u0027s Touch"],"picked":"Disarm","floor":2},{"not_picked":["Body Slam","Anger"],"picked":"Demon Form","floor":3},{"not_picked":["Pummel","Headbutt"],"picked":"Flame Barrier","floor":5},{"not_picked":["Second Wind","hubris:ReadiedAction"],"picked":"Spot Weakness","floor":6},{"not_picked":["Headbutt","Fire Breathing"],"picked":"Warcry","floor":7},{"not_picked":["Flex","Seeing Red"],"picked":"Feel No Pain","floor":13},{"not_picked":["ReplayTheSpireMod:Strike From Hell","Wild Strike"],"picked":"Double Tap","floor":14},{"not_picked":["Demonic Infusion","Immolate"],"picked":"Reaper","floor":16},{"not_picked":["Normality","ReplayTheSpireMod:Restless Dread"],"picked":"Delirium","floor":17},{"not_picked":["hubris:Compulsion","Pain"],"picked":"Replay:Hysterical Blindness","floor":17},{"not_picked":["ReplayTheSpireMod:Doomed","hubris:Compulsion"],"picked":"Clumsy","floor":17},{"not_picked":["Entrench","Body Slam"],"picked":"True Grit","floor":18},{"not_picked":["Sentinel","Rampage"],"picked":"Exhume","floor":22},{"not_picked":["ReplayTheSpireMod:LeadingStrike","Twin Strike"],"picked":"Eclipse","floor":24},{"not_picked":["Disarm","Body Slam","Dark Embrace"],"picked":"SKIP","floor":25},{"not_picked":["Offering","Fiend Fire"],"picked":"Limit Break","floor":33},{"not_picked":["Massacre+1","ReplayReversal","Headbutt+1"],"picked":"SKIP","floor":35},{"not_picked":["Battle Trance","Armaments+1"],"picked":"Pommel Strike","floor":36},{"not_picked":["Twin Strike+1","ReplayTheSpireMod:Strike From Hell"],"picked":"Heavy Blade+1","floor":37},{"not_picked":["Entrench","hubris:ReadiedAction+1"],"picked":"Whirlwind","floor":41},{"not_picked":["ReplayReversal","Havoc"],"picked":"Heavy Blade","floor":44},{"not_picked":["Iron Wave+1","Havoc","ReplayTheSpireMod:Strike From Hell+1"],"picked":"SKIP","floor":45},{"not_picked":["Wild Strike","Sentinel","ReplayTheSpireMod:Corrosion Curse"],"picked":"SKIP","floor":47},{"not_picked":["Shrug It Off+1","Battle Trance","Body Slam+1"],"picked":"SKIP","floor":48}],"player_experience":459269,"relics_obtained":[{"floor":6,"key":"ReplayTheSpireMod:TigerMarble"},{"floor":9,"key":"Gremlin Horn"},{"floor":13,"key":"Simple Rune"},{"floor":24,"key":"Lantern"},{"floor":26,"key":"hubris:Spice"},{"floor":31,"key":"ReplayTheSpireMod:Ring of Exchange"},{"floor":43,"key":"hubris:MedicalManual"},{"floor":44,"key":"Pantograph"},{"floor":47,"key":"Blue Candle"}],"event_choices":[{"damage_healed":0,"gold_gain":0,"player_choice":"Forge","damage_taken":0,"max_hp_gain":0,"max_hp_loss":0,"event_name":"Accursed Blacksmith","floor":11,"gold_loss":0,"cards_upgraded":["Warcry"]},{"damage_healed":0,"gold_gain":100,"player_choice":"Bet on Murderer","damage_taken":0,"max_hp_gain":0,"max_hp_loss":0,"event_name":"The Joust","floor":19,"gold_loss":50},{"damage_healed":0,"gold_gain":0,"player_choice":"Damaged","damage_taken":9,"max_hp_gain":0,"max_hp_loss":0,"event_name":"Wheel of Change","floor":20,"gold_loss":0},{"cards_removed":["Strike_R"],"damage_healed":0,"gold_gain":0,"player_choice":"Give","damage_taken":0,"max_hp_gain":0,"max_hp_loss":0,"event_name":"betterNote:BetterNote","floor":29,"gold_loss":0,"cards_obtained":["Strike_G"]},{"cards_removed":["Disarm"],"damage_healed":0,"gold_gain":0,"player_choice":"Removed Skill","damage_taken":0,"max_hp_gain":0,"max_hp_loss":0,"event_name":"Falling","floor":38,"gold_loss":0}],"is_beta":false,"boss_relics":[{"not_picked":["hubris:VirtuousBlindfold","Electric Blood"],"picked":"Replay:Ancient Bell"},{"not_picked":["War Paint","Toy Ornithopter"],"picked":"Oddly Smooth Stone"},{"not_picked":["Self Forming Clay","hubris:DisguiseKit"],"picked":"Pear"},{"not_picked":["hubris:Zylophone","Charon\u0027s Ashes"],"picked":"Girya"},{"not_picked":["Runic Dome","hubris:Spice"],"picked":"Sozu"}],"items_purged_floors":[4,21,27,42],"is_endless":false,"potions_floor_spawned":[2,7,14,33,41,45],"killed_by":"Shield and Spear","ascension_level":1}}