{"host":"7ag265zevd2xd8y7","time":1607800405,"event":{"mods":["2.2 Compatiblity","AchievementEnabler","BaseMod","Better Note","CapriCore","Colored Map","Hermit","Highlight Path","Minty Spire (QoL Compilation)","Robot Space Explorer","Shade Mod","Shop Mod","StSLib","The Animator","The Dragon Tamer","The Edgeheg","TheHero","TheSwordswoman"],"gold_per_floor":[115,115,126,126,126,158,158,174,174,193,193,225,5,5,5,106,106,106,106,106],"floor_reached":18,"playtime":878,"items_purged":[],"score":268,"play_id":"ec573dab-677d-4112-bc79-9629f912fd5b","local_time":"20201212111325","is_ascension_mode":false,"metric_token":1171,"campfire_choices":[{"data":"DTMod:DoubleHit","floor":7,"key":"SMITH"},{"data":"DTMod:Training","floor":11,"key":"SMITH"},{"data":"DTMod:Dissolve","floor":15,"key":"SMITH"}],"dtmod_dragon_data":[50,50,2,-1,4,0],"circlet_count":0,"master_deck":["DTMod:Strike","DTMod:Strike","DTMod:Strike","DTMod:DoubleHit+1","DTMod:TargetDefense","DTMod:TargetDefense","DTMod:TargetDefense","DTMod:SwitchingTactic+1","DTMod:Hide+1","DTMod:DeepFocus","DTMod:PurifyingFlame+1","DTMod:Training+1","DTMod:MasterPlan","DTMod:EchoTactic","DTMod:Dissolve+1","DTMod:LightShield"],"relics":["DTMod:PactStone","NeowsBlessing","Molten Egg 2","Mummified Hand","Pen Nib","Medical Kit","Incense Burner","DTMod:TheChair"],"acts_visited":["Exordium","TheCity"],"potions_floor_usage":[],"damage_taken":[{"damage":0,"enemies":"Cultist","floor":1,"turns":1},{"damage":0,"enemies":"Jaw Worm","floor":3,"turns":1},{"damage":0,"enemies":"Lagavulin","floor":6,"turns":1},{"damage":0,"enemies":"2 Louse","floor":8,"turns":1},{"damage":1,"enemies":"Exordium Thugs","floor":10,"turns":8},{"damage":0,"enemies":"Gremlin Nob","floor":12,"turns":4},{"damage":0,"enemies":"The Guardian","floor":16,"turns":13},{"damage":0,"enemies":"2 Thieves","floor":18,"turns":1}],"seed_played":"7015479711431632828","potions_obtained":[{"floor":3,"key":"Swift Potion"},{"floor":8,"key":"Swift Potion"}],"is_trial":false,"path_per_floor":["M","?","M","?","?","E","R","M","T","M","R","E","$","?","R","B",null,"M"],"character_chosen":"THE_DT","items_purchased":["Medical Kit","DTMod:Dissolve"],"campfire_rested":0,"item_purchase_floors":[13,13],"current_hp_per_floor":[45,41,41,41,41,41,41,41,41,40,40,40,40,33,33,33,45,45,45,45],"gold":106,"neow_bonus":"THREE_ENEMY_KILL","is_daily":false,"chose_seed":false,"campfire_upgraded":3,"win_rate":0.0,"timestamp":1607800405,"path_taken":["M","?","M","?","?","E","R","?","T","M","R","E","?","?","R","BOSS","M"],"items_purchased_type":["Relic","Card"],"build_version":"2020-11-30","purchased_purges":0,"victory":false,"max_hp_per_floor":[45,45,45,45,45,45,45,45,45,45,45,45,45,45,45,45,45,45,45,45],"card_choices":[{"not_picked":["DTMod:BlueScale","DTMod:BreakAttack"],"picked":"DTMod:Hide","floor":1},{"not_picked":["DTMod:Weaken","DTMod:BlueScale"],"picked":"DTMod:DeepFocus","floor":3},{"not_picked":["DTMod:Weaken","DTMod:BuildUp+1"],"picked":"DTMod:PurifyingFlame+1","floor":6},{"not_picked":["DTMod:MasterPlan","DTMod:Weaken"],"picked":"DTMod:Training","floor":8},{"not_picked":["DTMod:DeepFocus","DTMod:Cover"],"picked":"DTMod:MasterPlan","floor":10},{"not_picked":["DTMod:BlazingStrike+1","DTMod:Punisher+1"],"picked":"DTMod:EchoTactic","floor":12},{"not_picked":["DTMod:Outburst","DTMod:ExcessFootwork"],"picked":"DTMod:LightShield","floor":16}],"player_experience":96483,"relics_obtained":[{"floor":6,"key":"Molten Egg 2"},{"floor":9,"key":"Mummified Hand"},{"floor":12,"key":"Pen Nib"}],"event_choices":[{"cards_removed":["DTMod:Strike"],"damage_healed":0,"gold_gain":0,"player_choice":"Forget","damage_taken":0,"max_hp_gain":0,"max_hp_loss":0,"event_name":"Living Wall","floor":4,"gold_loss":0},{"damage_healed":0,"gold_gain":0,"player_choice":"Upgraded","damage_taken":0,"max_hp_gain":0,"max_hp_loss":0,"event_name":"Upgrade Shrine","floor":5,"gold_loss":0,"cards_upgraded":["DTMod:Hide"]},{"damage_healed":0,"gold_gain":0,"player_choice":"Success","damage_taken":7,"relics_obtained":["Incense Burner"],"max_hp_gain":0,"max_hp_loss":0,"event_name":"Scrap Ooze","floor":14,"gold_loss":0}],"is_beta":false,"boss_relics":[{"not_picked":["DTMod:MagicStone","Velvet Choker"],"picked":"DTMod:TheChair"}],"items_purged_floors":[],"is_endless":false,"potions_floor_spawned":[3,8],"killed_by":"2 Thieves","ascension_level":0}}