{"host":"2pgz2fctomabfk86","time":1607754987,"event":{"mods":["AchievementEnabler","BaseMod","Colored Map","DeckTracker","Minty Spire (QoL Compilation)","StSLib","SuperFastMode"],"gold_per_floor":[366,366,366,378,248,248,81,99,154,168,185,217,227,254,254,328,328,342,392,127,141,157,157,182,194,220,220,220,247,262,288,288,362,362,377,397,422,422,433,461,513,548,548,566,61,61,71,87,87,87],"floor_reached":51,"playtime":1740,"items_purged":["Pain","Decay"],"score":1558,"play_id":"b0c3922b-59e4-4ead-b3b6-53d1a2b9efe6","local_time":"20201212153627","is_ascension_mode":true,"campfire_choices":[{"data":"Flex","floor":6.0,"key":"SMITH"},{"data":"Whirlwind","floor":15.0,"key":"SMITH"},{"data":"Whirlwind","floor":23,"key":"SMITH"},{"data":"Spot Weakness","floor":27,"key":"SMITH"},{"floor":32,"key":"REST"},{"data":"Offering","floor":46,"key":"SMITH"},{"floor":49,"key":"REST"}],"circlet_count":0,"master_deck":["AscendersBane","Strike_R","Strike_R","Defend_R","Defend_R","Defend_R","Defend_R","Bash","Uppercut","Pommel Strike","Flex+1","Shockwave","Disarm","Spot Weakness+1","Battle Trance","True Grit","Whirlwind+1","Feed","Whirlwind+1","Sword Boomerang+1","Reaper","Reaper","Offering+1","Bloodletting"],"relics":["Burning Blood","Pear","ClockworkSouvenir","Art of War","FossilizedHelix","Dream Catcher","Sozu","Medical Kit","Turnip","Vajra","MutagenicStrength","Singing Bowl","StoneCalendar","Empty Cage","Shovel","Pocketwatch","Ancient Tea Set","Bag of Marbles","Thread and Needle","Ice Cream","TheAbacus"],"acts_visited":["Exordium","TheCity","TheBeyond"],"potions_floor_usage":[50],"damage_taken":[{"damage":30.0,"enemies":"Small Slimes","floor":1.0,"turns":5.0},{"damage":23.0,"enemies":"Jaw Worm","floor":4.0,"turns":4.0},{"damage":1.0,"enemies":"Cultist","floor":8.0,"turns":3.0},{"damage":14.0,"enemies":"Looter","floor":10.0,"turns":4.0},{"damage":6.0,"enemies":"Red Slaver","floor":11.0,"turns":5.0},{"damage":9.0,"enemies":"Gremlin Nob","floor":12.0,"turns":3.0},{"damage":12.0,"enemies":"2 Fungi Beasts","floor":13.0,"turns":4.0},{"damage":11.0,"enemies":"Lagavulin","floor":14.0,"turns":5.0},{"damage":15.0,"enemies":"Hexaghost","floor":16.0,"turns":11.0},{"damage":16.0,"enemies":"2 Thieves","floor":18.0,"turns":3.0},{"damage":14,"enemies":"Chosen","floor":21,"turns":5},{"damage":9,"enemies":"Centurion and Healer","floor":22,"turns":6},{"damage":0,"enemies":"Gremlin Leader","floor":24,"turns":6},{"damage":9,"enemies":"Snecko","floor":25,"turns":5},{"damage":15,"enemies":"Slavers","floor":29,"turns":2},{"damage":0,"enemies":"Sentry and Sphere","floor":30,"turns":2},{"damage":18,"enemies":"Book of Stabbing","floor":31,"turns":3},{"damage":65,"enemies":"Automaton","floor":33,"turns":7},{"damage":16,"enemies":"Orb Walker","floor":35,"turns":2},{"damage":36,"enemies":"3 Darklings","floor":36,"turns":3},{"damage":31,"enemies":"Mind Bloom Boss Battle","floor":37,"turns":6},{"damage":32,"enemies":"Spire Growth","floor":39,"turns":3},{"damage":26,"enemies":"Reptomancer","floor":40,"turns":4},{"damage":72,"enemies":"Giant Head","floor":42,"turns":6},{"damage":44,"enemies":"4 Shapes","floor":44,"turns":1},{"damage":3,"enemies":"3 Darklings","floor":47,"turns":1},{"damage":43,"enemies":"Transient","floor":48,"turns":6},{"damage":81,"enemies":"Awakened One","floor":50,"turns":8}],"seed_played":"6346998932994242740","potions_obtained":[{"floor":1.0,"key":"ColorlessPotion"},{"floor":4.0,"key":"DuplicationPotion"},{"floor":13.0,"key":"Swift Potion"},{"floor":16.0,"key":"HeartOfIron"}],"is_trial":false,"path_per_floor":["M","?","?","M","$","R","$","M","T","M","M","E","M","E","R","B",null,"M","?","$","M","M","R","E","M","T","R","?","E","M","E","R","B",null,"M","M","?","?","M","E","T","E","T","M","$","R","M","M","R","B",null],"character_chosen":"IRONCLAD","items_purchased":["Flex","ClockworkSouvenir","Medical Kit","Ice Cream","TheAbacus"],"campfire_rested":2,"item_purchase_floors":[5,7,20,45,45],"current_hp_per_floor":[44,49,49,32,32,32,32,37,37,29,29,26,20,15,15,76,83,73,65,65,60,60,60,69,69,69,69,69,62,68,61,94,35,88,83,101,88,88,109,111,111,87,87,99,99,99,104,87,127,75],"gold":87,"neow_bonus":"TWO_FIFTY_GOLD","is_daily":false,"chose_seed":false,"campfire_upgraded":5,"win_rate":0.0,"timestamp":1607754987,"path_taken":["M","?","?","M","$","R","$","M","T","M","M","E","?","E","R","BOSS","M","?","$","?","M","R","E","M","T","R","?","E","M","E","R","BOSS","M","M","?","?","M","E","?","E","T","M","$","R","M","M","R","BOSS"],"items_purchased_type":["Card","Relic","Relic","Relic","Relic"],"build_version":"2020-11-30","purchased_purges":2,"victory":true,"max_hp_per_floor":[75,85,85,85,85,85,85,85,85,85,85,85,85,85,85,85,85,85,85,85,88,91,91,94,97,97,97,97,99,99,104,106,106,106,111,113,113,113,118,120,120,122,122,124,124,124,126,128,130,130],"card_choices":[{"not_picked":["Armaments","Heavy Blade"],"picked":"Uppercut","floor":1.0},{"not_picked":["Clash","Intimidate"],"picked":"Pommel Strike","floor":4.0},{"not_picked":["Clash","Feel No Pain"],"picked":"Shockwave","floor":8.0},{"not_picked":["Clothesline","Anger"],"picked":"Disarm","floor":10.0},{"not_picked":["Thunderclap","Anger"],"picked":"Spot Weakness","floor":11.0},{"not_picked":["Evolve","Bloodletting"],"picked":"Battle Trance","floor":12.0},{"not_picked":["Rupture","Rage"],"picked":"True Grit","floor":13.0},{"not_picked":["Flex","Heavy Blade"],"picked":"Whirlwind","floor":14.0},{"not_picked":["Immolate","Barricade"],"picked":"Feed","floor":16.0},{"not_picked":["Iron Wave","Flex","Sentinel"],"picked":"SKIP","floor":18.0},{"not_picked":["Headbutt","Rupture"],"picked":"Whirlwind","floor":21},{"not_picked":["Clothesline","Carnage"],"picked":"Sword Boomerang+1","floor":22},{"not_picked":["Flame Barrier","Cleave"],"picked":"Reaper","floor":24},{"not_picked":["Sever Soul","Twin Strike","Headbutt"],"picked":"SKIP","floor":25},{"not_picked":["Power Through+1","Uppercut","Iron Wave"],"picked":"Singing Bowl","floor":29},{"not_picked":["Pommel Strike","Intimidate"],"picked":"Reaper","floor":30},{"not_picked":["Rampage","Perfected Strike+1","Clash"],"picked":"Singing Bowl","floor":31},{"not_picked":["True Grit","Heavy Blade","Pummel"],"picked":"Singing Bowl","floor":32},{"not_picked":["Feed","Barricade"],"picked":"Offering","floor":33},{"not_picked":["Armaments","Rupture","Sever Soul+1"],"picked":"Singing Bowl","floor":35},{"not_picked":["Sword Boomerang+1","Dark Embrace","Pommel Strike+1"],"picked":"Singing Bowl","floor":36},{"not_picked":["Heavy Blade","Combust"],"picked":"Bloodletting","floor":37},{"not_picked":["Bloodletting","Warcry","Uppercut"],"picked":"Singing Bowl","floor":39},{"not_picked":["Demon Form","Hemokinesis","Body Slam+1"],"picked":"Singing Bowl","floor":40},{"not_picked":["Uppercut+1","Rupture","Entrench"],"picked":"Singing Bowl","floor":42},{"not_picked":["Flex","Body Slam","Clothesline+1"],"picked":"Singing Bowl","floor":44},{"not_picked":["Anger","Warcry","Rampage"],"picked":"Singing Bowl","floor":47},{"not_picked":["Shrug It Off","Anger","Searing Blow"],"picked":"Singing Bowl","floor":48},{"not_picked":["Hemokinesis+1","Iron Wave+1","Dropkick"],"picked":"Singing Bowl","floor":49}],"player_experience":922249,"relics_obtained":[{"floor":9.0,"key":"Art of War"},{"floor":12.0,"key":"FossilizedHelix"},{"floor":14.0,"key":"Dream Catcher"},{"floor":24,"key":"Turnip"},{"floor":26,"key":"Vajra"},{"floor":29,"key":"Singing Bowl"},{"floor":31,"key":"StoneCalendar"},{"floor":37,"key":"Shovel"},{"floor":40,"key":"Pocketwatch"},{"floor":41,"key":"Ancient Tea Set"},{"floor":42,"key":"Bag of Marbles"},{"floor":43,"key":"Thread and Needle"}],"event_choices":[{"damage_healed":0.0,"max_hp_gain":0.0,"max_hp_loss":0.0,"gold_gain":0.0,"event_name":"Scrap Ooze","player_choice":"Success","floor":2.0,"gold_loss":0.0,"damage_taken":5.0,"relics_obtained":["Pear"]},{"damage_healed":0.0,"max_hp_gain":0.0,"max_hp_loss":0.0,"gold_gain":0.0,"event_name":"Wheel of Change","player_choice":"Cursed","floor":3.0,"gold_loss":0.0,"damage_taken":0.0,"cards_obtained":["Decay"]},{"damage_healed":0.0,"max_hp_gain":0.0,"max_hp_loss":0.0,"gold_gain":50.0,"event_name":"FaceTrader","player_choice":"Touch","floor":19.0,"gold_loss":0.0,"damage_taken":8.0},{"damage_healed":0,"gold_gain":0,"player_choice":"Inject Mutagens","damage_taken":0,"relics_obtained":["MutagenicStrength"],"max_hp_gain":0,"max_hp_loss":0,"event_name":"Drug Dealer","floor":28,"gold_loss":0},{"damage_healed":0,"gold_gain":0,"player_choice":"Fight","damage_taken":0,"max_hp_gain":0,"max_hp_loss":0,"event_name":"MindBloom","floor":37,"gold_loss":0},{"cards_removed":["Strike_R"],"damage_healed":0,"gold_gain":0,"player_choice":"Removed Attack","damage_taken":0,"max_hp_gain":0,"max_hp_loss":0,"event_name":"Falling","floor":38,"gold_loss":0}],"is_beta":false,"boss_relics":[{"not_picked":["Runic Dome","Philosopher\u0027s Stone"],"picked":"Sozu"},{"not_picked":["Cursed Key","Pandora\u0027s Box"],"picked":"Empty Cage"}],"items_purged_floors":[5,20],"is_endless":false,"potions_floor_spawned":[1,4,11,13,16,18,25,30,31,33,35,36,37,47],"ascension_level":18}}