{"host":"j06fkfseroga8i8e","time":1607808565,"event":{"mods":["BaseMod","Bestiary","Colored Map","Colored Powertips","Minty Spire (QoL Compilation)","Relic Stats","StSLib"],"gold_per_floor":[118,118,130,205,155,182,182,198,245,256,268,73,99,116,116,219,219,232,247,278,49,67,85,118,133,157,183,183,208,240,260,260,260,260],"floor_reached":33,"playtime":1031,"items_purged":["Defend_R"],"score":591,"play_id":"d1d7ed3b-10fb-41bb-b446-7c7028cc3024","local_time":"20201212162925","is_ascension_mode":true,"campfire_choices":[{"data":"Spot Weakness","floor":7.0,"key":"SMITH"},{"floor":15.0,"key":"REST"},{"data":"Infernal Blade","floor":28,"key":"SMITH"},{"floor":32,"key":"REST"}],"circlet_count":0,"master_deck":["AscendersBane","Strike_R","Strike_R","Defend_R","Defend_R","Bash+1","Spot Weakness+1","Flex","Ghostly Armor","Blood for Blood","Heavy Blade","Infernal Blade+1","Reaper","Shockwave","Burning Pact","Battle Trance","Corruption","Anger+1","Havoc+1","Twin Strike+1","Headbutt+1","Power Through","Flame Barrier","Thunderclap","Reaper","Bludgeon","Flex","Inflame"],"relics":["Burning Blood","NeowsBlessing","Art of War","Pen Nib","HornCleat","Astrolabe","Red Mask","Anchor","Letter Opener","Bag of Marbles","Paper Frog","Dream Catcher","Potion Belt"],"acts_visited":["Exordium","TheCity"],"potions_floor_usage":[24,25],"damage_taken":[{"damage":0.0,"enemies":"Small Slimes","floor":1.0,"turns":1.0},{"damage":0.0,"enemies":"Jaw Worm","floor":3.0,"turns":1.0},{"damage":0.0,"enemies":"Lagavulin","floor":6.0,"turns":1.0},{"damage":1.0,"enemies":"Cultist","floor":8.0,"turns":3.0},{"damage":0.0,"enemies":"3 Louse","floor":10.0,"turns":4.0},{"damage":15.0,"enemies":"Large Slime","floor":11.0,"turns":4.0},{"damage":76.0,"enemies":"Gremlin Nob","floor":13.0,"turns":6.0},{"damage":9.0,"enemies":"Lots of Slimes","floor":14.0,"turns":4.0},{"damage":24.0,"enemies":"Hexaghost","floor":16.0,"turns":7.0},{"damage":9.0,"enemies":"Shell Parasite","floor":18.0,"turns":3.0},{"damage":10.0,"enemies":"Spheric Guardian","floor":19.0,"turns":4.0},{"damage":63.0,"enemies":"Masked Bandits","floor":20.0,"turns":6.0},{"damage":8.0,"enemies":"Snake Plant","floor":22.0,"turns":4.0},{"damage":24,"enemies":"Cultist and Chosen","floor":23,"turns":5},{"damage":5,"enemies":"Slavers","floor":24,"turns":6},{"damage":34,"enemies":"Centurion and Healer","floor":25,"turns":7},{"damage":0,"enemies":"Gremlin Leader","floor":27,"turns":4},{"damage":24,"enemies":"Book of Stabbing","floor":30,"turns":4},{"damage":20,"enemies":"Snake Plant","floor":31,"turns":4},{"damage":111,"enemies":"Champ","floor":33,"turns":9}],"seed_played":"1647594454855509783","potions_obtained":[{"floor":3.0,"key":"Explosive Potion"},{"floor":8.0,"key":"Fire Potion"},{"floor":11.0,"key":"Strength Potion"},{"floor":13.0,"key":"Fire Potion"},{"floor":16.0,"key":"Block Potion"},{"floor":20.0,"key":"HeartOfIron"},{"floor":24,"key":"SkillPotion"},{"floor":25,"key":"FairyPotion"}],"is_trial":false,"path_per_floor":["M","?","M","?","?","E","R","M","T","M","M","$","E","M","R","B",null,"M","M","?","$","M","M","E","M","T","E","R","T","E","M","R","B"],"character_chosen":"IRONCLAD","items_purchased":["Reaper","Shockwave","Anchor"],"campfire_rested":2,"item_purchase_floors":[12,12,21],"current_hp_per_floor":[78,78,80,69,69,75,75,80,80,80,71,71,19,28,52,34,69,66,68,41,41,39,53,62,49,49,80,80,80,62,48,72,0,0],"gold":260,"neow_bonus":"THREE_ENEMY_KILL","is_daily":false,"chose_seed":false,"campfire_upgraded":2,"win_rate":0.0,"timestamp":1607808565,"path_taken":["M","?","M","?","?","E","R","?","T","M","M","$","E","M","R","BOSS","M","M","?","$","M","M","E","M","T","E","R","?","E","?","R","BOSS"],"items_purchased_type":["Card","Card","Relic"],"build_version":"2020-11-30","purchased_purges":1,"victory":false,"max_hp_per_floor":[80,80,80,80,80,80,80,80,80,80,80,80,80,80,80,80,80,80,80,80,80,80,80,80,80,80,80,80,80,80,80,80,80,80],"relic_stats":{"Dream Catcher":1,"counters":[20,87],"Astrolabe":["Anger","Havoc","Twin Strike"],"Pen Nib":[12],"Art of War":[7],"Letter Opener":[45],"obtain_stats":[{"Potion Belt":30,"NeowsBlessing":0,"Astrolabe":17,"Pen Nib":9,"Letter Opener":24,"Burning Blood":0,"Anchor":21,"Dream Catcher":29,"HornCleat":13,"Art of War":6,"Red Mask":20,"Bag of Marbles":26,"Paper Frog":27},{"Potion Belt":18,"NeowsBlessing":0,"Astrolabe":9,"Pen Nib":4,"Letter Opener":15,"Burning Blood":0,"Anchor":12,"Dream Catcher":17,"HornCleat":7,"Art of War":3,"Red Mask":12,"Bag of Marbles":16,"Paper Frog":17},{"Potion Belt":74,"NeowsBlessing":0,"Astrolabe":31,"Pen Nib":6,"Letter Opener":59,"Burning Blood":0,"Anchor":44,"Dream Catcher":70,"HornCleat":20,"Art of War":3,"Red Mask":44,"Bag of Marbles":66,"Paper Frog":70}],"Burning Blood":98},"card_choices":[{"not_picked":["Wild Strike","Iron Wave"],"picked":"Spot Weakness","floor":1.0},{"not_picked":["Seeing Red","Entrench"],"picked":"Flex","floor":3.0},{"not_picked":["Second Wind","Rupture"],"picked":"Ghostly Armor","floor":6.0},{"not_picked":["Spot Weakness","Wild Strike"],"picked":"Blood for Blood","floor":8.0},{"not_picked":["Sword Boomerang","Clothesline"],"picked":"Heavy Blade","floor":10.0},{"not_picked":["Pommel Strike","Cleave"],"picked":"Infernal Blade","floor":11.0},{"not_picked":["Twin Strike","Warcry"],"picked":"Burning Pact","floor":13.0},{"not_picked":["Blood for Blood","Brutality"],"picked":"Battle Trance","floor":14.0},{"not_picked":["Juggernaut","Reaper"],"picked":"Corruption","floor":16.0},{"not_picked":["Battle Trance+1","Fire Breathing+1"],"picked":"Headbutt+1","floor":18.0},{"not_picked":["Body Slam","Clash+1"],"picked":"Power Through","floor":19.0},{"not_picked":["Pommel Strike","Thunderclap"],"picked":"Flame Barrier","floor":20.0},{"not_picked":["Warcry+1","Heavy Blade"],"picked":"Thunderclap","floor":22.0},{"not_picked":["Dual Wield","Rampage","Intimidate"],"picked":"SKIP","floor":23},{"not_picked":["Feel No Pain","Wild Strike"],"picked":"Reaper","floor":24},{"not_picked":["Wild Strike","Pommel Strike+1","Iron Wave"],"picked":"SKIP","floor":25},{"not_picked":["Fire Breathing","Rupture"],"picked":"Bludgeon","floor":27},{"not_picked":["Combust","Armaments"],"picked":"Flex","floor":30},{"not_picked":["Shrug It Off+1","Clothesline+1"],"picked":"Inflame","floor":31}],"player_experience":497395,"relics_obtained":[{"floor":6.0,"key":"Art of War"},{"floor":9.0,"key":"Pen Nib"},{"floor":13.0,"key":"HornCleat"},{"floor":20.0,"key":"Red Mask"},{"floor":24,"key":"Letter Opener"},{"floor":26,"key":"Bag of Marbles"},{"floor":27,"key":"Paper Frog"},{"floor":29,"key":"Dream Catcher"},{"floor":30,"key":"Potion Belt"}],"event_choices":[{"damage_healed":0.0,"max_hp_gain":0.0,"max_hp_loss":0.0,"gold_gain":0.0,"event_name":"Living Wall","player_choice":"Grow","floor":2.0,"gold_loss":0.0,"damage_taken":0.0,"cards_upgraded":["Bash"]},{"damage_healed":0.0,"max_hp_gain":0.0,"max_hp_loss":0.0,"gold_gain":75.0,"event_name":"World of Goop","player_choice":"Gather Gold","floor":4.0,"gold_loss":0.0,"damage_taken":11.0},{"cards_removed":["Strike_R"],"damage_healed":0.0,"max_hp_gain":0.0,"max_hp_loss":0.0,"gold_gain":0.0,"event_name":"The Cleric","player_choice":"Card Removal","floor":5.0,"gold_loss":50.0,"damage_taken":0.0},{"damage_healed":0.0,"max_hp_gain":0.0,"max_hp_loss":0.0,"gold_gain":0.0,"event_name":"Masked Bandits","player_choice":"Fought Bandits","floor":20.0,"gold_loss":0.0,"damage_taken":0.0}],"is_beta":false,"boss_relics":[{"not_picked":["Empty Cage","SlaversCollar"],"picked":"Astrolabe"}],"items_purged_floors":[21],"is_endless":false,"potions_floor_spawned":[3,8,11,13,16,20,24,25],"killed_by":"Champ","ascension_level":10}}