{"host":"oeddu058k4r8wzo0","time":1607758038,"event":{"mods":["BaseMod","Better Third Choice","BetterRewards","Colored Map","Colored Powertips","Highlight Path","Infinite Spire","Marisa????????","Minty Spire (QoL Compilation)","Quick Restart","Replay The Spire","StSLib","Wandering Minibosses"],"gold_per_floor":[20,20,40,59,69,102,141,170,170,170,170,24,39,52,52,150,150,163,163,163,163,163,163,163],"floor_reached":23,"playtime":1054,"items_purged":[],"score":398,"play_id":"d31f43ed-f892-443a-97cd-30c59021a239","local_time":"20201211232718","is_ascension_mode":true,"campfire_choices":[{"floor":10,"key":"REST"}],"circlet_count":0,"master_deck":["AscendersBane","Strike_MRS","Strike_MRS","Strike_MRS","Defend_MRS","Defend_MRS","Defend_MRS","Defend_MRS","MasterSpark","UpSweep","Panache","MilkyWay","StarBarrage","Orbital","UltimateShortwave","Singularity","PropBag","SporeBomb+1","MaximisePower","EnergyRecoil","BinaryStars"],"relics":["MiniHakkero","Pet Ghost","infinitespire:BottledMercury","Replay:Mystery Machine","Bottled Lightning","Oddly Smooth Stone","RampagingMagicTools","betterThird:NestCultRelic"],"acts_visited":["Exordium","TheCity"],"potions_floor_usage":[4,6,16],"damage_taken":[{"damage":3,"enemies":"Small Slimes","floor":1,"turns":3},{"damage":2,"enemies":"2 Louse","floor":3,"turns":3},{"damage":13,"enemies":"infinitespire:Voidling","floor":4,"turns":6},{"damage":4,"enemies":"3 Louse","floor":5,"turns":4},{"damage":30,"enemies":"Lagavulin","floor":6,"turns":6},{"damage":24,"enemies":"Gremlin Nob","floor":8,"turns":4},{"damage":2,"enemies":"Blue Slaver","floor":13,"turns":2},{"damage":6,"enemies":"Large Slime","floor":14,"turns":5},{"damage":0,"enemies":"Slime Boss","floor":16,"turns":5},{"damage":30,"enemies":"2 Thieves","floor":18,"turns":3},{"damage":64,"enemies":"Slavers","floor":23,"turns":1}],"seed_played":"-4542824239479374292","potions_obtained":[{"floor":3,"key":"Swift Potion"},{"floor":4,"key":"Swift Potion"},{"floor":13,"key":"Energy Potion"}],"is_trial":false,"path_per_floor":["M","?","M","M","M","E","?","E","T","R","?","$","M","M","R_BF","B",null,"M","?","T","?","?","E"],"character_chosen":"MARISA","items_purchased":["Oddly Smooth Stone"],"campfire_rested":1,"item_purchase_floors":[12],"current_hp_per_floor":[65,65,63,59,55,25,25,1,1,23,16,16,14,8,30,30,64,34,59,59,59,59,0,0],"gold":163,"neow_bonus":"RANDOM_COLORLESS_2","is_daily":false,"chose_seed":false,"campfire_upgraded":0,"win_rate":0.0,"timestamp":1607758038,"path_taken":["M","?","?","M","M","E","?","E","T","R","?","$","M","M","R_BF","BOSS","M","?","?","?","?","E"],"items_purchased_type":["Relic"],"build_version":"2020-11-30","purchased_purges":0,"victory":false,"max_hp_per_floor":[75,75,75,75,75,75,75,75,75,75,75,75,75,75,75,75,75,75,75,75,75,75,75,75],"card_choices":[{"not_picked":["Violence","Magnetism"],"picked":"Panache","floor":0.0},{"not_picked":["GrandCross","NonDirectionalLaser"],"picked":"MilkyWay","floor":1},{"not_picked":["EnergyRecoil","ChargeUpSpray","ChargingUp"],"picked":"SKIP","floor":3},{"not_picked":["Robbery","EventHorizon"],"picked":"StarBarrage","floor":4},{"not_picked":["MachineGunSpark","6A"],"picked":"Orbital","floor":5},{"not_picked":["DarkMatter","SuperPerseids"],"picked":"UltimateShortwave","floor":6},{"not_picked":["DarkMatter","WitchLeyline"],"picked":"Singularity","floor":7},{"not_picked":["MagicAbsorber","GravityBeat"],"picked":"PropBag","floor":7},{"not_picked":["LuminesStrike","UnstableBomb"],"picked":"SporeBomb","floor":8},{"not_picked":["OrrerysSun","MeteoricShower","GravityBeat"],"picked":"SKIP","floor":13},{"not_picked":["GalacticHalo","ManaConvection","6A"],"picked":"SKIP","floor":14},{"not_picked":["JA","MillisecondPulsars"],"picked":"MaximisePower","floor":16},{"not_picked":["WitchLeyline","LuminesStrike"],"picked":"EnergyRecoil","floor":18}],"player_experience":1471029,"relics_obtained":[{"floor":6,"key":"Pet Ghost"},{"floor":7,"key":"infinitespire:BottledMercury"},{"floor":8,"key":"Replay:Mystery Machine"},{"floor":9,"key":"Bottled Lightning"}],"event_choices":[{"cards_removed":["ReplayTheSpireMod:Splinters"],"damage_healed":0,"gold_gain":0,"player_choice":"Card Removal","damage_taken":7,"max_hp_gain":0,"max_hp_loss":0,"event_name":"Golden Wing","floor":11,"gold_loss":0},{"damage_healed":25,"gold_gain":0,"player_choice":"Heal","damage_taken":0,"max_hp_gain":0,"max_hp_loss":0,"event_name":"The Library","floor":19,"gold_loss":0},{"damage_healed":0,"gold_gain":0,"player_choice":"Madness","damage_taken":0,"relics_obtained":["betterThird:NestCultRelic"],"max_hp_gain":0,"max_hp_loss":0,"event_name":"betterThird:BetterNest","floor":21,"gold_loss":0},{"damage_healed":0,"gold_gain":0,"cards_transformed":["Strike_MRS"],"player_choice":"Transformed","damage_taken":0,"max_hp_gain":0,"max_hp_loss":0,"event_name":"Transmorgrifier","floor":22,"gold_loss":0,"cards_obtained":["BinaryStars"]}],"is_beta":false,"boss_relics":[{"not_picked":["SlaversCollar","Runic Dome"],"picked":"RampagingMagicTools"}],"items_purged_floors":[],"is_endless":false,"potions_floor_spawned":[3,4,13],"killed_by":"Slavers","ascension_level":12}}