{"host":"1c52r9kaxdyo25eq","time":1607776565,"event":{"mods":["AchievementEnabler","BaseMod","Minty Spire (QoL Compilation)","Rare Cards Sparkle","SuperFastMode","everything is the same but u backflip on backflip"],"gold_per_floor":[112,72,72,83,99,99,109,109,109,109,143,153,164,164,164,164,164],"floor_reached":16,"playtime":326,"items_purged":[],"score":254,"play_id":"2557f0f9-7491-4d90-8101-141860503b1a","local_time":"20201212213605","is_ascension_mode":true,"campfire_choices":[{"data":"Masterful Stab","floor":6.0,"key":"SMITH"},{"data":"Dagger Throw","floor":8.0,"key":"SMITH"},{"data":"Poisoned Stab","floor":15,"key":"SMITH"}],"circlet_count":0,"master_deck":["AscendersBane","Strike_G","Strike_G","Strike_G","Strike_G","Defend_G","Defend_G","Defend_G","Defend_G","Survivor","Neutralize","Dagger Throw+1","Masterful Stab+1","Calculated Gamble","Acrobatics","Poisoned Stab+1","Backflip","Escape Plan"],"relics":["Ring of the Snake","Mummified Hand","TungstenRod"],"acts_visited":["Exordium"],"potions_floor_usage":[11,11,16,16],"damage_taken":[{"damage":3.0,"enemies":"2 Louse","floor":1.0,"turns":4.0},{"damage":8.0,"enemies":"Cultist","floor":4.0,"turns":5.0},{"damage":1.0,"enemies":"Small Slimes","floor":5.0,"turns":3.0},{"damage":1.0,"enemies":"2 Fungi Beasts","floor":7.0,"turns":3.0},{"damage":0,"enemies":"Gremlin Nob","floor":11,"turns":2},{"damage":12,"enemies":"Exordium Wildlife","floor":12,"turns":4},{"damage":0,"enemies":"3 Louse","floor":13,"turns":4},{"damage":32,"enemies":"The Guardian","floor":16,"turns":9}],"seed_played":"5160204217115866780","potions_obtained":[{"floor":2.0,"key":"CunningPotion"},{"floor":2.0,"key":"FearPotion"},{"floor":11,"key":"LiquidMemories"},{"floor":13,"key":"AttackPotion"}],"is_trial":false,"path_per_floor":["M","?","$","M","M","R","M","R","T","?","E","M","M","?","R","B"],"character_chosen":"THE_SILENT","items_purchased":[],"campfire_rested":0,"item_purchase_floors":[],"current_hp_per_floor":[56,56,56,48,47,47,46,46,46,51,51,39,39,33,33,1,1],"gold":164,"neow_bonus":"REMOVE_CARD","is_daily":false,"chose_seed":false,"campfire_upgraded":3,"win_rate":0.0,"timestamp":1607776565,"path_taken":["M","?","$","M","M","R","M","R","T","?","E","M","M","?","R","BOSS"],"items_purchased_type":[],"build_version":"2020-11-30","purchased_purges":0,"victory":false,"max_hp_per_floor":[66,66,66,66,66,66,66,66,66,71,71,71,71,71,71,71,71],"card_choices":[{"not_picked":["Sucker Punch","Slice"],"picked":"Dagger Throw","floor":1.0},{"not_picked":["Dagger Spray","Noxious Fumes"],"picked":"Masterful Stab","floor":4.0},{"not_picked":["Flying Knee","Cloak And Dagger"],"picked":"Calculated Gamble","floor":5.0},{"not_picked":["Eviscerate","Slice"],"picked":"Acrobatics","floor":7.0},{"not_picked":["Venomology","Cloak And Dagger"],"picked":"Poisoned Stab","floor":11},{"not_picked":["Masterful Stab","Deadly Poison"],"picked":"Backflip","floor":12},{"not_picked":["Deflect","Masterful Stab"],"picked":"Escape Plan","floor":13}],"player_experience":466791,"relics_obtained":[{"floor":9.0,"key":"Mummified Hand"},{"floor":11,"key":"TungstenRod"}],"event_choices":[{"damage_healed":0.0,"max_hp_gain":0.0,"max_hp_loss":0.0,"gold_gain":0.0,"event_name":"The Woman in Blue","player_choice":"Bought 3 Potions","floor":2.0,"gold_loss":0.0,"damage_taken":0.0},{"damage_healed":0.0,"max_hp_gain":5.0,"max_hp_loss":0.0,"gold_gain":0.0,"event_name":"Big Fish","player_choice":"Donut","floor":10.0,"gold_loss":0.0,"damage_taken":0.0},{"cards_removed":["Defend_G"],"damage_healed":0,"gold_gain":0,"player_choice":"Card Removal","damage_taken":7,"max_hp_gain":0,"max_hp_loss":0,"event_name":"Golden Wing","floor":14,"gold_loss":0}],"is_beta":false,"boss_relics":[],"items_purged_floors":[],"is_endless":false,"potions_floor_spawned":[5,11,13],"killed_by":"The Guardian","ascension_level":20}}