{"host":"u5hfrceatticevdm","time":1607750983,"event":{"mods":["2.2 Compatiblity","Act Like it!","Alarm Clock","Aspiration","BaseMod","Better Synergies","Conspire","Downfall","Energized Spire","Friendly Minions","GifTheSpireLib","Halation","HexUI Lib","Hubris","Humility","Hyrulean Relics","Magineer Mod","Minty Spire (QoL Compilation)","Replay The Spire","Small Relic Pack","Spicy Shops","Spikes Relics","StSLib","Stuff the Spire","The Construct","Unceasing Turn Reminder","Useless Jewels Mod","Waifu the Spire","vexMod"],"gold_per_floor":[111,129,129,61,80,95,115,150,150,150,100,119,171,171,171,278,278,296,19,61,61,61,61,61],"floor_reached":23,"playtime":1241,"items_purged":[],"score":189,"play_id":"7d968a75-7a3d-46e6-a982-161a12a6e0d1","local_time":"20201212002943","is_ascension_mode":false,"campfire_choices":[{"floor":10,"key":"REST"},{"floor":15,"key":"REST"}],"circlet_count":0,"master_deck":["Strike_B","Strike_B","Strike_B","Strike_B","Defend_B","Defend_B","Defend_B","Defend_B","Zap","Dualcast","StuffTheSpire:NuclearReactor","Storm","Doom and Gloom","Cold Snap","hubris:PowerSurge","Redo","Pot Of Greed","Pot Of Greed","conspire:SpireCoStock","Go for the Eyes","StuffTheSpire:Snapshot","hubris:SpecializedCircuitry","Sweeping Beam","Static Discharge","Sunder","Pot Of Greed","Leap"],"relics":["Cracked Core","Boot","Grinning Jar","hubris:PeanutButter","Tiny Chest","halation:PinkSoulGem","Philosopher\u0027s Stone","Replay:Rubber Ducky"],"acts_visited":["Exordium","TheCity"],"potions_floor_usage":[23],"damage_taken":[{"damage":5,"enemies":"conspire:RoseBush","floor":1,"turns":3},{"damage":0,"enemies":"Cultist","floor":2,"turns":2},{"damage":0,"enemies":"Jaw Worm","floor":5,"turns":2},{"damage":6,"enemies":"Large Slime","floor":6,"turns":5},{"damage":3,"enemies":"Blue Slaver","floor":7,"turns":3},{"damage":54,"enemies":"Gremlin Nob","floor":8,"turns":6},{"damage":0,"enemies":"3 Louse","floor":12,"turns":2},{"damage":40,"enemies":"Fading Forest","floor":16,"turns":11},{"damage":10,"enemies":"3 Byrds","floor":18,"turns":5},{"damage":32,"enemies":"conspire:MimicChest","floor":20,"turns":4},{"damage":39,"enemies":"Gremlin Leader","floor":23,"turns":2}],"seed_played":"-5801441237331731981","potions_obtained":[{"floor":2,"key":"PowerPotion"},{"floor":5,"key":"LiquidBronze"},{"floor":16,"key":"Strength Potion"}],"is_trial":false,"path_per_floor":["M","M","?","$","M","M","M","E","T","R","?","M","T","?","R","B",null,"M","$","?","?","T","E"],"character_chosen":"DEFECT","items_purchased":["Doom and Gloom","Static Discharge","Sunder"],"campfire_rested":2,"item_purchase_floors":[4,19,19],"current_hp_per_floor":[70,70,70,70,70,64,61,7,7,29,29,29,29,29,51,21,75,65,65,33,33,33,0,0],"gold":61,"neow_bonus":"THREE_CARDS","is_daily":false,"chose_seed":false,"campfire_upgraded":0,"win_rate":0.0,"timestamp":1607750983,"path_taken":["M","M","?","$","M","?","M","E","T","R","?","M","?","?","R","BOSS","M","$","?","?","?","E"],"items_purchased_type":["Card","Card","Card"],"build_version":"2020-11-30","purchased_purges":0,"victory":false,"max_hp_per_floor":[75,75,75,75,75,75,75,75,75,75,75,75,75,75,75,75,75,75,75,75,75,75,75,75],"card_choices":[{"not_picked":["Conserve Battery","Rebound"],"picked":"StuffTheSpire:LoadUp","floor":0},{"not_picked":["Stack","Beam Cell"],"picked":"StuffTheSpire:NuclearReactor","floor":1},{"not_picked":["Conserve Battery","Rebound"],"picked":"Storm","floor":2},{"not_picked":["Lockon","Stack"],"picked":"Cold Snap","floor":5},{"not_picked":["StuffTheSpire:Plugnplay","Go for the Eyes"],"picked":"hubris:PowerSurge","floor":6},{"not_picked":["Rip and Tear","Lockon"],"picked":"Redo","floor":7},{"not_picked":["Gash","Seek"],"picked":"StuffTheSpire:SnapShoot","floor":8},{"not_picked":["Steam","White Noise"],"picked":"Go for the Eyes","floor":12},{"not_picked":["Echo Form","Mirror Shield"],"picked":"hubris:SpecializedCircuitry","floor":16},{"not_picked":["Steam","Skim"],"picked":"Sweeping Beam","floor":18},{"not_picked":["BasicCrystalCard","Heatsinks+1"],"picked":"Leap","floor":20}],"player_experience":756116,"relics_obtained":[{"floor":8,"key":"Grinning Jar"},{"floor":9,"key":"hubris:PeanutButter"},{"floor":13,"key":"Tiny Chest"},{"floor":20,"key":"Replay:Rubber Ducky"}],"event_choices":[{"cards_removed":["StuffTheSpire:LoadUp"],"damage_healed":0,"gold_gain":0,"player_choice":"Gave Card","damage_taken":0,"relics_obtained":["Boot"],"max_hp_gain":0,"max_hp_loss":0,"event_name":"WeMeetAgain","floor":3,"gold_loss":0},{"damage_healed":0,"gold_gain":0,"player_choice":"Invest 1","damage_taken":0,"max_hp_gain":0,"max_hp_loss":0,"event_name":"conspire:Investor","floor":11,"gold_loss":0},{"damage_healed":0,"gold_gain":0,"player_choice":"Ignored","damage_taken":0,"max_hp_gain":0,"max_hp_loss":0,"event_name":"Vampires","floor":21,"gold_loss":0}],"is_beta":false,"boss_relics":[{"not_picked":["hubris:TerracottaHorce","energizedSpire:NeverEndingSparkler"],"picked":"Philosopher\u0027s Stone"}],"items_purged_floors":[],"is_endless":false,"potions_floor_spawned":[2,5,16],"killed_by":"Gremlin Leader","ascension_level":0}}