{"host":"6qo42zgaknezulyg","time":1607783688,"event":{"mods":["2.2 Compatiblity","BaseMod","Keyboard Shortcuts","Minty Spire (QoL Compilation)","Permanent Neow","Quick Restart","StSLib","SuperFastMode","The Cursed"],"gold_per_floor":[111,123,48,64,239,274,274,307,307,382,430,430,440,455,455,551,551,562,238,223,236,249,284,301,301,350,350,364,364,382,393,393,497,497,514,59,75,125,140,140,155,155,155,172,172,172,103,103,103,103],"floor_reached":51,"playtime":2434,"items_purged":["TheCursedMod:Strike_TheCursed","TheCursedMod:Strike_TheCursed","TheCursedMod:Strike_TheCursed"],"score":887,"play_id":"1e10c56b-d581-4680-b03a-7028064460e2","local_time":"20201212233448","is_ascension_mode":true,"campfire_choices":[{"data":"TheCursedMod:ReleasedStrength","floor":7.0,"key":"SMITH"},{"data":"TheCursedMod:SoulCrush","floor":12.0,"key":"SMITH"},{"floor":15.0,"key":"REST"},{"floor":27.0,"key":"REST"},{"data":"TheCursedMod:NeowsMight","floor":29.0,"key":"SMITH"},{"floor":32.0,"key":"REST"},{"data":"TheCursedMod:DoubleShield","floor":40.0,"key":"SMITH"},{"data":"TheCursedMod:Neurasthenia","floor":42.0,"key":"SMITH"},{"floor":49.0,"key":"REST"}],"circlet_count":0,"master_deck":["TheCursedMod:Defend_TheCursed","TheCursedMod:Defend_TheCursed","TheCursedMod:Defend_TheCursed","TheCursedMod:Defend_TheCursed","TheCursedMod:CursedWand","TheCursedMod:CleanUpWorkshop","TheCursedMod:Dregs","TheCursedMod:CursedArmor","TheCursedMod:ReleasedStrength+1","Doubt","TheCursedMod:SoulCrush+1","TheCursedMod:WearCloak","TheCursedMod:AbyssShockwave","TheCursedMod:NeowsMight+1","TheCursedMod:DoubleShield+1","TheCursedMod:ManaCirculation+1","TheCursedMod:SpitefulPray","TheCursedMod:CursedAmulet","TheCursedMod:HellsGateOpen+1","TheCursedMod:Grudge+1","TheCursedMod:DoubleShield","TheCursedMod:SpitefulPray","TheCursedMod:Dregs","TheCursedMod:DoubleShield+1","TheCursedMod:ReleasedKnowledge","TheCursedMod:SpitefulPlan+1","TheCursedMod:CircleOfAbyss","TheCursedMod:CursedMace+1","TheCursedMod:DemonSword","TheCursedMod:WearCloak","TheCursedMod:WearCloak+1","TheCursedMod:CursedMace+1","TheCursedMod:Neurasthenia+1","Injury","TheCursedMod:LuckyCharm+1"],"relics":["TheCursedMod:BlackMagic101","Ice Cream","Mango","Frozen Egg 2","Du-Vu Doll","Strawberry","Cursed Key","Mercury Hourglass","Tiny Chest","Toy Ornithopter","TheCursedMod:OminousMark","HandDrill","Turnip","Pantograph"],"acts_visited":["Exordium","TheCity","TheBeyond"],"potions_floor_usage":[50,50,50],"damage_taken":[{"damage":1.0,"enemies":"Small Slimes","floor":1.0,"turns":5.0},{"damage":0.0,"enemies":"2 Louse","floor":2.0,"turns":3.0},{"damage":8.0,"enemies":"Jaw Worm","floor":4.0,"turns":4.0},{"damage":10.0,"enemies":"Lagavulin","floor":6.0,"turns":8.0},{"damage":14.0,"enemies":"3 Sentries","floor":8.0,"turns":8.0},{"damage":20.0,"enemies":"Lots of Slimes","floor":13.0,"turns":5.0},{"damage":0.0,"enemies":"Gremlin Gang","floor":14.0,"turns":1.0},{"damage":10.0,"enemies":"Slime Boss","floor":16.0,"turns":7.0},{"damage":1.0,"enemies":"Shell Parasite","floor":18.0,"turns":4.0},{"damage":2.0,"enemies":"2 Thieves","floor":20.0,"turns":4.0},{"damage":20.0,"enemies":"Cultist and Chosen","floor":21.0,"turns":8.0},{"damage":9.0,"enemies":"Snecko","floor":22.0,"turns":5.0},{"damage":45.0,"enemies":"Gremlin Leader","floor":23.0,"turns":7.0},{"damage":2.0,"enemies":"Snake Plant","floor":24.0,"turns":4.0},{"damage":2.0,"enemies":"Cultist and Chosen","floor":28.0,"turns":6.0},{"damage":5.0,"enemies":"Chosen and Byrds","floor":30.0,"turns":6.0},{"damage":0.0,"enemies":"Snecko","floor":31.0,"turns":5.0},{"damage":3.0,"enemies":"Automaton","floor":33.0,"turns":8.0},{"damage":0.0,"enemies":"3 Shapes","floor":35.0,"turns":6.0},{"damage":6.0,"enemies":"Orb Walker","floor":37.0,"turns":3.0},{"damage":5.0,"enemies":"Mind Bloom Boss Battle","floor":38.0,"turns":5.0},{"damage":8.0,"enemies":"Jaw Worm Horde","floor":39.0,"turns":3.0},{"damage":10.0,"enemies":"Spire Growth","floor":41.0,"turns":4.0},{"damage":1.0,"enemies":"3 Darklings","floor":44.0,"turns":4.0},{"damage":54,"enemies":"Time Eater","floor":50,"turns":7}],"seed_played":"-3852918023315400460","potions_obtained":[{"floor":1.0,"key":"SkillPotion"},{"floor":2.0,"key":"SpeedPotion"},{"floor":16.0,"key":"LiquidMemories"},{"floor":22.0,"key":"SpeedPotion"},{"floor":23.0,"key":"SpeedPotion"},{"floor":30.0,"key":"DuplicationPotion"},{"floor":31.0,"key":"Strength Potion"},{"floor":33.0,"key":"PowerPotion"}],"is_trial":false,"path_per_floor":["M","M","$","M","?","E","R","E","T","?","T","R","M","M","R","B",null,"M","$","M","M","M","E","M","?","T","R","M","R","M","M","R","B",null,"M","$","M","?","M","R","M","R","T","M","?","T","$","?","R","B",null],"character_chosen":"THE_CURSED","items_purchased":["TheCursedMod:ManaCirculation+1","TheCursedMod:SpitefulPray","HandDrill","TheCursedMod:DemonSword","TheCursedMod:WearCloak","TheCursedMod:LuckyCharm+1"],"campfire_rested":4,"item_purchase_floors":[19,19,36,36,36,47],"current_hp_per_floor":[53,53,53,45,45,49,49,35,35,24,31,31,11,11,39,29,96,95,95,93,73,64,19,17,17,17,45,43,43,38,38,66,63,96,96,96,90,85,77,77,67,67,67,66,66,66,66,66,91,37],"gold":103,"neow_bonus":"ONE_RARE_RELIC","is_daily":false,"chose_seed":false,"campfire_upgraded":5,"win_rate":0.0,"timestamp":1607783688,"path_taken":["M","M","$","M","?","E","R","E","T","?","?","R","?","M","R","BOSS","M","$","M","M","?","E","M","?","T","R","M","R","M","?","R","BOSS","M","$","M","?","M","R","M","R","T","M","?","?","$","?","R","BOSS"],"items_purchased_type":["Card","Card","Relic","Card","Card","Card"],"build_version":"2020-11-30","purchased_purges":3,"victory":true,"max_hp_per_floor":[75,75,75,75,75,89,89,89,89,89,96,96,96,96,96,96,96,96,96,96,96,96,96,96,96,96,96,96,96,96,96,96,96,96,96,96,96,96,96,96,96,96,96,96,91,91,91,91,91,91],"card_choices":[{"not_picked":["TheCursedMod:FleshFromBone","TheCursedMod:TroublousMinions"],"picked":"TheCursedMod:CursedArmor","floor":1.0},{"not_picked":["TheCursedMod:SpitefulStrike","TheCursedMod:SmokeScreen","TheCursedMod:TacticalStrike"],"picked":"SKIP","floor":2.0},{"not_picked":["TheCursedMod:UltimatePain","TheCursedMod:CursedBlade"],"picked":"TheCursedMod:ReleasedStrength","floor":4.0},{"not_picked":["TheCursedMod:FleshFromBone","TheCursedMod:CircleOfWindfury"],"picked":"TheCursedMod:SoulCrush","floor":6.0},{"not_picked":["TheCursedMod:Obscuration","TheCursedMod:CircleOfAmplification"],"picked":"TheCursedMod:WearCloak","floor":8.0},{"not_picked":["TheCursedMod:WearCloak","TheCursedMod:TacticalStrike"],"picked":"TheCursedMod:AbyssShockwave","floor":13.0},{"not_picked":["TheCursedMod:Obscuration","TheCursedMod:Torture","TheCursedMod:RavingStaff"],"picked":"SKIP","floor":14.0},{"not_picked":["TheCursedMod:ParallelWorld","TheCursedMod:DarkBarrier"],"picked":"TheCursedMod:NeowsMight","floor":16.0},{"not_picked":["TheCursedMod:CircleOfCorruption","TheCursedMod:Grudge"],"picked":"TheCursedMod:DoubleShield+1","floor":18.0},{"not_picked":["TheCursedMod:CircleOfFlame","TheCursedMod:AbyssShockwave"],"picked":"TheCursedMod:CursedAmulet","floor":20.0},{"not_picked":["TheCursedMod:CursedShiv+1","TheCursedMod:CursedSpellbook"],"picked":"TheCursedMod:HellsGateOpen+1","floor":21.0},{"not_picked":["TheCursedMod:Wield","TheCursedMod:WearCloak"],"picked":"TheCursedMod:Grudge+1","floor":22.0},{"not_picked":["TheCursedMod:Wield","TheCursedMod:RavingStaff+1"],"picked":"TheCursedMod:DoubleShield","floor":23.0},{"not_picked":["TheCursedMod:CircleOfCorruption","TheCursedMod:Wield"],"picked":"TheCursedMod:SpitefulPray","floor":24.0},{"not_picked":["TheCursedMod:SmokeScreen","TheCursedMod:VitalStrike+1"],"picked":"TheCursedMod:DoubleShield","floor":28.0},{"not_picked":["TheCursedMod:SpitefulStrike","TheCursedMod:SmokeScreen+1"],"picked":"TheCursedMod:ReleasedKnowledge","floor":30.0},{"not_picked":["TheCursedMod:CursedBoomerang","TheCursedMod:TacticalStrike+1"],"picked":"TheCursedMod:SpitefulPlan+1","floor":31.0},{"not_picked":["TheCursedMod:UltimatePain","TheCursedMod:ParallelWorld"],"picked":"TheCursedMod:CircleOfAbyss","floor":33.0},{"not_picked":["TheCursedMod:RavingStaff+1","TheCursedMod:CircleOfWindfury"],"picked":"TheCursedMod:CursedMace+1","floor":35.0},{"not_picked":["TheCursedMod:SmokeScreen","TheCursedMod:RavingStaff+1","TheCursedMod:CursedMace"],"picked":"SKIP","floor":37.0},{"not_picked":["TheCursedMod:Wield+1","TheCursedMod:CursedMace+1"],"picked":"TheCursedMod:WearCloak+1","floor":38.0},{"not_picked":["TheCursedMod:VitalStrike","TheCursedMod:SpitefulStrike"],"picked":"TheCursedMod:CursedMace+1","floor":39.0},{"not_picked":["TheCursedMod:CursedStaff+1","TheCursedMod:VitalStrike+1"],"picked":"TheCursedMod:Neurasthenia","floor":41.0},{"not_picked":["TheCursedMod:ManaBullet","TheCursedMod:VitalStrike","TheCursedMod:CircleOfAmplification+1"],"picked":"SKIP","floor":44.0}],"player_experience":740414,"relics_obtained":[{"floor":6.0,"key":"Mango"},{"floor":8.0,"key":"Frozen Egg 2"},{"floor":9.0,"key":"Du-Vu Doll"},{"floor":11.0,"key":"Strawberry"},{"floor":23.0,"key":"Mercury Hourglass"},{"floor":26.0,"key":"Toy Ornithopter"},{"floor":38.0,"key":"Turnip"},{"floor":43.0,"key":"Pantograph"}],"event_choices":[{"damage_healed":0.0,"max_hp_gain":0.0,"max_hp_loss":0.0,"gold_gain":175.0,"event_name":"Liars Game","player_choice":"AGREE","floor":5.0,"gold_loss":0.0,"damage_taken":0.0,"cards_obtained":["Doubt"]},{"damage_healed":0.0,"max_hp_gain":0.0,"max_hp_loss":0.0,"gold_gain":75.0,"event_name":"World of Goop","player_choice":"Gather Gold","floor":10.0,"gold_loss":0.0,"damage_taken":11.0},{"damage_healed":0.0,"max_hp_gain":0.0,"max_hp_loss":0.0,"gold_gain":0.0,"event_name":"WeMeetAgain","player_choice":"Gave Potion","floor":25.0,"gold_loss":0.0,"damage_taken":0.0,"relics_obtained":["Tiny Chest"]},{"damage_healed":0.0,"max_hp_gain":0.0,"max_hp_loss":0.0,"gold_gain":0.0,"event_name":"MindBloom","player_choice":"Fight","floor":38.0,"gold_loss":0.0,"damage_taken":0.0},{"damage_healed":0.0,"max_hp_gain":0.0,"max_hp_loss":5.0,"gold_gain":0.0,"event_name":"Winding Halls","player_choice":"Max HP","floor":45.0,"gold_loss":0.0,"damage_taken":0.0},{"cards_removed":["TheCursedMod:Strike_TheCursed"],"damage_healed":0.0,"max_hp_gain":0.0,"max_hp_loss":0.0,"gold_gain":0.0,"event_name":"Bonfire Elementals","player_choice":"Offered Basic","floor":48.0,"gold_loss":0.0,"damage_taken":0.0}],"is_beta":false,"boss_relics":[{"not_picked":["Pandora\u0027s Box","Sozu"],"picked":"Cursed Key"},{"not_picked":["Snecko Eye","Philosopher\u0027s Stone"],"picked":"TheCursedMod:OminousMark"}],"items_purged_floors":[3,19,36],"is_endless":false,"potions_floor_spawned":[1,2,16,22,23,30,31,33,41],"ascension_level":4}}