{"host":"noo4i9da5rqp3a2i","time":1607764005,"event":{"mods":["AchievementEnabler","Aspiration","Bard","BaseMod","Beaked The Cultist","Better Altar","Better Match","Better Note","Better Sensory Stone","Better Skull","Better Third Choice","BetterRewards","CCEM","Card Forge","Colored Map","Conspire","Custom Start","GifTheSpireLib","Googly Eyes","Halation","Highlight Path","Hubris","Infinite Spire","Jedi Mod","Jorbs\u0027s Wanderer Trilogy","Mad Scientist","Mari Mod (Legacy)","Mari\u0027s V1 Patch","Mimic Mod","Minty Spire (QoL Compilation)","Permanent Neow","Replay The Spire","Shop Mod","StSLib","Stuff the Spire","The Administrix","The Blackbeard","The Construct","The Gatherer","The Jungle","The Necromancer","The Servant 0.9.4","Unceasing Turn Reminder"],"gold_per_floor":[149,149,214,194,212,212,212],"floor_reached":6,"playtime":808,"items_purged":[],"score":36,"play_id":"32411cf8-57ba-4f68-a780-46ff3a080803","local_time":"20201212100645","daily_mods":["ControlledChaos"],"is_ascension_mode":false,"campfire_choices":[],"circlet_count":0,"master_deck":["beaked:Strike_Y","beaked:Strike_Y","beaked:Strike_Y","beaked:Strike_Y","beaked:Strike_Y","beaked:Strike_Y","beaked:Defend_Y","beaked:Defend_Y","beaked:Defend_Y","beaked:Defend_Y","beaked:Ceremony","beaked:Ceremony","beaked:Ceremony","beaked:TuckingFeathers+1","beaked:Tweet+1","beaked:Tradeoff+1"],"relics":["beaked:MendingPlumage","Frozen Eye","Hammer of Thor","Seething Fire","Anvil of the Gods","Black Star","hubris:BlackHole","hubris:64BitClover","Gatherer:FloralEgg","Frozen Egg 2","CCEMRelics:GreenEgg","Golden Egg","AdministrixMod:GoldenChickadee","Molten Egg 2","hubris:MobiusCoin","Pet Ghost","Quantum Egg","The Courier","Toxic Egg 2","hubris:SlimyHat"],"acts_visited":["Exordium"],"potions_floor_usage":[],"damage_taken":[{"damage":0,"enemies":"Cultist","floor":1,"turns":3},{"damage":6,"enemies":"2 Louse","floor":3,"turns":3},{"damage":35,"enemies":"conspire:RoseBush","floor":5,"turns":10},{"damage":0,"enemies":"Lagavulin","floor":6,"turns":1}],"seed_played":"-6048977684673946775","potions_obtained":[{"floor":4,"key":"SkillPotion"}],"is_trial":true,"path_per_floor":["M","?","M","?","M","E"],"character_chosen":"BEAKED_THE_CULTIST","items_purchased":[],"campfire_rested":0,"item_purchase_floors":[],"current_hp_per_floor":[50,50,46,46,61,61,61],"gold":212,"neow_bonus":"","is_daily":false,"chose_seed":false,"campfire_upgraded":0,"win_rate":0.0,"timestamp":1607764005,"path_taken":["M","?","M","?","?","E"],"items_purchased_type":[],"build_version":"2020-11-30","purchased_purges":0,"victory":false,"max_hp_per_floor":[50,50,55,55,61,61,61],"card_choices":[{"not_picked":["beaked:Tradeoff+1","beaked:Cower+1"],"picked":"beaked:TuckingFeathers+1","floor":1},{"not_picked":["beaked:Devastation+1","beaked:Resilience+1"],"picked":"beaked:Tweet+1","floor":3},{"not_picked":["beaked:SacrificialAttack+1","beaked:MimicHuntress+1"],"picked":"beaked:Tradeoff+1","floor":5}],"player_experience":235227,"relics_obtained":[],"event_choices":[{"damage_healed":0,"gold_gain":0,"player_choice":"Bought 1 Potion","damage_taken":0,"max_hp_gain":0,"max_hp_loss":0,"event_name":"The Woman in Blue","floor":4,"gold_loss":0}],"is_beta":false,"boss_relics":[],"items_purged_floors":[],"is_endless":false,"potions_floor_spawned":[],"killed_by":"Lagavulin","ascension_level":0}}