{"host":"hszimsrtxxc2k25w","time":1607798920,"event":{"mods":["AchievementEnabler","BaseMod","Colored Map","DeckTracker","Minty Spire (QoL Compilation)","Rare Cards Sparkle","SuperFastMode"],"gold_per_floor":[111,111,130,280,205,232,248,248,248,148,148,161,161,179,179,256,256,267,267,33,47,47,47,66,66,66],"floor_reached":25,"playtime":806,"items_purged":["Doubt","Strike_G","Strike_G"],"score":372,"play_id":"ec904810-3afb-46e7-a74c-96a6b8668846","local_time":"20201213034840","is_ascension_mode":true,"campfire_choices":[{"data":"Envenom","floor":8.0,"key":"SMITH"},{"floor":15.0,"key":"REST"},{"data":"Prepared","floor":23,"key":"SMITH"}],"circlet_count":0,"master_deck":["AscendersBane","Strike_G","Strike_G","Strike_G","Defend_G","Defend_G","Defend_G","Defend_G","Defend_G","Survivor","Neutralize","Envenom+1","Blade Dance","Eviscerate","Well Laid Plans","Cloak And Dagger","Prepared+1","Dagger Throw","Storm of Steel","Choke"],"relics":["Ring of the Snake","Pantograph","StrikeDummy","InkBottle","Question Card","HoveringKite","Membership Card"],"acts_visited":["Exordium","TheCity"],"potions_floor_usage":[],"damage_taken":[{"damage":2.0,"enemies":"Small Slimes","floor":1.0,"turns":5.0},{"damage":11.0,"enemies":"Jaw Worm","floor":3.0,"turns":4.0},{"damage":31.0,"enemies":"Lagavulin","floor":6.0,"turns":9.0},{"damage":0.0,"enemies":"2 Louse","floor":7.0,"turns":2.0},{"damage":0.0,"enemies":"Looter","floor":12.0,"turns":3.0},{"damage":0.0,"enemies":"Red Slaver","floor":14.0,"turns":6.0},{"damage":22,"enemies":"The Guardian","floor":16,"turns":14},{"damage":17,"enemies":"2 Thieves","floor":18,"turns":4},{"damage":17,"enemies":"Spheric Guardian","floor":21,"turns":4},{"damage":15,"enemies":"Centurion and Healer","floor":24,"turns":6},{"damage":22,"enemies":"Snecko","floor":25,"turns":4}],"seed_played":"-391238767129611517","potions_obtained":[{"floor":1.0,"key":"DuplicationPotion"},{"floor":6.0,"key":"Block Potion"}],"is_trial":false,"path_per_floor":["M","?","M","?","$","E","M","R","T","$","?","M","T","M","R","B",null,"M","?","$","M","?","R","M","M"],"character_chosen":"THE_SILENT","items_purchased":["Membership Card"],"campfire_rested":1,"item_purchase_floors":[20],"current_hp_per_floor":[57,62,51,51,51,20,20,20,20,20,2,2,2,2,23,26,60,43,43,43,26,26,26,11,0,0],"gold":66,"neow_bonus":"ONE_RANDOM_RARE_CARD","is_daily":false,"chose_seed":false,"campfire_upgraded":2,"win_rate":0.0,"timestamp":1607798920,"path_taken":["M","?","M","?","$","E","M","R","T","$","?","M","?","?","R","BOSS","M","?","$","M","?","R","M","M"],"items_purchased_type":["Relic"],"build_version":"2020-11-30","purchased_purges":3,"victory":false,"max_hp_per_floor":[66,71,71,71,71,71,71,71,71,71,71,71,71,71,71,71,71,71,71,71,71,71,71,71,71,71],"card_choices":[{"not_picked":["All Out Attack","Reflex"],"picked":"Blade Dance","floor":1.0},{"not_picked":["Prepared","Sucker Punch"],"picked":"Eviscerate","floor":3.0},{"not_picked":["Underhanded Strike","Dodge and Roll"],"picked":"Well Laid Plans","floor":6.0},{"not_picked":["Footwork","Deflect"],"picked":"Cloak And Dagger","floor":7.0},{"not_picked":["Deadly Poison","Backflip"],"picked":"Prepared","floor":12.0},{"not_picked":["Dodge and Roll","Glass Knife","Bane"],"picked":"Dagger Throw","floor":14.0},{"not_picked":["Phantasmal Killer","Adrenaline","Grand Finale"],"picked":"Storm of Steel","floor":16},{"not_picked":["Dagger Spray","Dagger Throw","Masterful Stab"],"picked":"Choke","floor":18},{"not_picked":["Cloak And Dagger","Leg Sweep","Sucker Punch","Flying Knee"],"picked":"SKIP","floor":21},{"not_picked":["Cloak And Dagger","Choke","Dagger Throw","Expertise"],"picked":"SKIP","floor":24}],"player_experience":576829,"relics_obtained":[{"floor":6.0,"key":"Pantograph"},{"floor":9.0,"key":"StrikeDummy"},{"floor":13.0,"key":"Question Card"}],"event_choices":[{"damage_healed":0.0,"max_hp_gain":5.0,"max_hp_loss":0.0,"gold_gain":0.0,"event_name":"Big Fish","player_choice":"Donut","floor":2.0,"gold_loss":0.0,"damage_taken":0.0},{"damage_healed":0.0,"max_hp_gain":0.0,"max_hp_loss":0.0,"gold_gain":150.0,"event_name":"Liars Game","player_choice":"AGREE","floor":4.0,"gold_loss":0.0,"damage_taken":0.0,"cards_obtained":["Doubt"]},{"damage_healed":0.0,"max_hp_gain":0.0,"max_hp_loss":0.0,"gold_gain":0.0,"event_name":"Scrap Ooze","player_choice":"Success","floor":11.0,"gold_loss":0.0,"damage_taken":18.0,"relics_obtained":["InkBottle"]},{"damage_healed":0,"gold_gain":0,"player_choice":"Ignored","damage_taken":0,"max_hp_gain":0,"max_hp_loss":0,"event_name":"Ghosts","floor":19,"gold_loss":0},{"damage_healed":0,"gold_gain":0,"player_choice":"Ignored","damage_taken":0,"max_hp_gain":0,"max_hp_loss":0,"event_name":"Cursed Tome","floor":22,"gold_loss":0}],"is_beta":false,"boss_relics":[{"not_picked":["Fusion Hammer","SlaversCollar"],"picked":"HoveringKite"}],"items_purged_floors":[5,10,20],"is_endless":false,"potions_floor_spawned":[1,6,12],"killed_by":"Snecko","ascension_level":17}}