{"host":"0vd2boh2oi7jm085","time":1607765787,"event":{"mods":["BaseMod","Colored Map","Colored Powertips","Highlight Path","Minty Spire (QoL Compilation)","Quick Restart","StSLib","The IronCluck"],"gold_per_floor":[216,181,181,9,24,24,24,38,112,139,104,121,10,89,89,89,89],"floor_reached":16,"playtime":464,"items_purged":[],"score":180,"play_id":"8f1face4-568e-4fcf-8a1f-58d3ebebd3c0","local_time":"20201212013627","is_ascension_mode":true,"campfire_choices":[{"data":"Shockwave","floor":6,"key":"SMITH"},{"floor":15,"key":"REST"}],"circlet_count":0,"master_deck":["AscendersBane","Strike_R","Strike_R","Strike_R","Strike_R","Strike_R","Defend_R","Defend_R","Defend_R","Defend_R","Bash","Shockwave+1","Thunderclap","Heavy Blade","Wild Strike"],"relics":["Burning Blood","Strawberry","Chemical X","Bottled Flame","Bag of Preparation"],"acts_visited":["Exordium"],"potions_floor_usage":[16],"damage_taken":[{"damage":5,"enemies":"Jaw Worm","floor":1,"turns":5},{"damage":11,"enemies":"Small Slimes","floor":5,"turns":4},{"damage":2,"enemies":"Cultist","floor":8,"turns":4},{"damage":40,"enemies":"Lagavulin","floor":10,"turns":9},{"damage":15,"enemies":"Exordium Thugs","floor":11,"turns":5},{"damage":30,"enemies":"Large Slime","floor":12,"turns":6},{"damage":33,"enemies":"Hexaghost","floor":16,"turns":9}],"seed_played":"112275057847775213","potions_obtained":[{"floor":1,"key":"Dexterity Potion"},{"floor":10,"key":"SpeedPotion"}],"is_trial":false,"path_per_floor":["M","?","?","$","M","R","$","M","T","E","M","M","$","?","R","B"],"character_chosen":"IRONCLAD","items_purchased":["Chemical X","Heavy Blade","Wild Strike"],"campfire_rested":1,"item_purchase_floors":[4,13,13],"current_hp_per_floor":[69,75,82,82,77,77,77,81,81,47,38,14,14,14,38,5,5],"gold":89,"neow_bonus":"HUNDRED_GOLD","is_daily":false,"chose_seed":false,"campfire_upgraded":1,"win_rate":0.0,"timestamp":1607765787,"path_taken":["M","?","?","$","?","R","$","M","T","E","M","M","?","?","R","BOSS"],"items_purchased_type":["Relic","Card","Card"],"build_version":"2020-11-30","purchased_purges":0,"victory":false,"max_hp_per_floor":[75,75,82,82,82,82,82,82,82,82,82,82,82,82,82,82,82],"card_choices":[{"not_picked":["Perfected Strike","Whirlwind"],"picked":"Shockwave","floor":1},{"not_picked":["Clash","Shrug It Off","Shockwave"],"picked":"SKIP","floor":5},{"not_picked":["Armaments","Juggernaut"],"picked":"Thunderclap","floor":8},{"not_picked":["Perfected Strike","Clash","Power Through"],"picked":"SKIP","floor":10},{"not_picked":["Second Wind","Armaments","Havoc"],"picked":"SKIP","floor":11},{"not_picked":["Thunderclap","Rampage","Battle Trance"],"picked":"SKIP","floor":12}],"player_experience":75866,"relics_obtained":[{"floor":9,"key":"Bottled Flame"},{"floor":10,"key":"Bag of Preparation"}],"event_choices":[{"damage_healed":18,"gold_gain":0,"player_choice":"Healed","damage_taken":0,"max_hp_gain":0,"max_hp_loss":0,"event_name":"The Cleric","floor":2,"gold_loss":35},{"damage_healed":0,"gold_gain":0,"player_choice":"Gave Potion","damage_taken":0,"relics_obtained":["Strawberry"],"max_hp_gain":0,"max_hp_loss":0,"event_name":"WeMeetAgain","floor":3,"gold_loss":0},{"damage_healed":0,"gold_gain":79,"player_choice":"Gained Gold","damage_taken":0,"max_hp_gain":0,"max_hp_loss":0,"event_name":"Golden Wing","floor":14,"gold_loss":0}],"is_beta":false,"boss_relics":[],"items_purged_floors":[],"is_endless":false,"potions_floor_spawned":[1,10],"killed_by":"Hexaghost","ascension_level":16}}