{"host":"f5n4tidiz2n5sooh","time":1607751583,"event":{"mods":["BaseMod","Colored Map","Minty Spire (QoL Compilation)","Relic Stats","StSLib"],"gold_per_floor":[112,124,124,134,18,18,43,43,92,123,123,136,136,136,136,235,235,254,155,155,155,155,155,170,210,236,236,251,301,69,82,82,171,171,194,219,232,288,288,329,349,349,430,444,28,28,44,68,68,68,68],"floor_reached":50,"playtime":2380,"items_purged":["Strike_R","Bite"],"score":1100,"play_id":"eb5ac026-3b50-4947-bf8f-9b2248f1b836","local_time":"20201211233943","is_ascension_mode":true,"campfire_choices":[{"data":"Bash","floor":6.0,"key":"SMITH"},{"data":"Spot Weakness","floor":8.0,"key":"SMITH"},{"data":"Feel No Pain","floor":11.0,"key":"SMITH"},{"data":"Flame Barrier","floor":13.0,"key":"SMITH"},{"data":"Pommel Strike","floor":15.0,"key":"SMITH"},{"data":"Entrench","floor":23.0,"key":"SMITH"},{"data":"Demon Form","floor":27.0,"key":"SMITH"},{"data":"Feed","floor":32.0,"key":"SMITH"},{"data":"Limit Break","floor":46.0,"key":"SMITH"},{"floor":49.0,"key":"RECALL"}],"circlet_count":0,"master_deck":["AscendersBane","Defend_R","Defend_R","Defend_R","Bash+1","Pommel Strike+1","Spot Weakness+1","Sever Soul","Feel No Pain+1","Shrug It Off","Sword Boomerang","Flame Barrier+1","Demon Form+1","Entrench+1","True Grit","Bite","Bite","Bite","Bite","Flex+1","Burning Pact","Feed+1","Barricade","Shrug It Off","Limit Break+1","Feed+1","Disarm+1","Infernal Blade","Dark Embrace"],"relics":["Runic Pyramid","Omamori","Vajra","Bronze Scales","HornCleat","Golden Idol","Sozu","Toy Ornithopter","Art of War","ClockworkSouvenir","SacredBark","Thread and Needle","Lantern","Charon\u0027s Ashes"],"acts_visited":["Exordium","TheCity","TheBeyond"],"potions_floor_usage":[],"damage_taken":[{"damage":14.0,"enemies":"Small Slimes","floor":1.0,"turns":4.0},{"damage":4.0,"enemies":"2 Louse","floor":2.0,"turns":3.0},{"damage":1.0,"enemies":"Cultist","floor":4.0,"turns":3.0},{"damage":13.0,"enemies":"3 Sentries","floor":7.0,"turns":7.0},{"damage":27.0,"enemies":"Lagavulin","floor":10.0,"turns":5.0},{"damage":0.0,"enemies":"Blue Slaver","floor":12.0,"turns":3.0},{"damage":2.0,"enemies":"Hexaghost","floor":16.0,"turns":8.0},{"damage":17.0,"enemies":"2 Thieves","floor":18.0,"turns":3.0},{"damage":0.0,"enemies":"Spheric Guardian","floor":24.0,"turns":4.0},{"damage":38.0,"enemies":"Slavers","floor":25.0,"turns":5.0},{"damage":26.0,"enemies":"Centurion and Healer","floor":28.0,"turns":24.0},{"damage":6.0,"enemies":"Chosen and Byrds","floor":31.0,"turns":4.0},{"damage":7.0,"enemies":"Champ","floor":33.0,"turns":8.0},{"damage":27.0,"enemies":"3 Darklings","floor":35.0,"turns":7.0},{"damage":0.0,"enemies":"3 Shapes","floor":36.0,"turns":5.0},{"damage":6.0,"enemies":"Jaw Worm Horde","floor":37.0,"turns":5.0},{"damage":38.0,"enemies":"2 Orb Walkers","floor":38.0,"turns":4.0},{"damage":105.0,"enemies":"Giant Head","floor":40.0,"turns":7.0},{"damage":0.0,"enemies":"Maw","floor":41.0,"turns":7.0},{"damage":20.0,"enemies":"Transient","floor":44.0,"turns":6.0},{"damage":27.0,"enemies":"Sphere and 2 Shapes","floor":47.0,"turns":7.0},{"damage":0.0,"enemies":"Maw","floor":48.0,"turns":6.0},{"damage":42,"enemies":"Time Eater","floor":50,"turns":6}],"seed_played":"-4516838097163676371","potions_obtained":[{"floor":4.0,"key":"FairyPotion"},{"floor":7.0,"key":"BloodPotion"},{"floor":12.0,"key":"FairyPotion"},{"floor":16.0,"key":"CultistPotion"}],"is_trial":false,"path_per_floor":["M","M","?","M","$","R","E","R","T","E","R","M","R","?","R","B",null,"M","$","?","?","?","R","M","E","T","R","M","?","$","M","R","B",null,"M","M","M","?","?","E","M","?","T","M","$","R","M","M","R","B"],"character_chosen":"IRONCLAD","items_purchased":["Feel No Pain","Shrug It Off","True Grit","Feed","ClockworkSouvenir","Charon\u0027s Ashes"],"campfire_rested":0,"item_purchase_floors":[5,5,19,30,30,45],"current_hp_per_floor":[54,50,24,23,23,23,10,10,10,22,22,22,22,22,22,35,65,48,48,48,48,48,48,52,26,26,26,52,52,52,49,49,54,58,48,60,68,38,38,15,31,31,31,21,21,21,12,24,24,0,0],"gold":68,"neow_bonus":"BOSS_RELIC","is_daily":false,"chose_seed":false,"campfire_upgraded":9,"win_rate":0.0,"timestamp":1607751583,"path_taken":["M","M","?","M","$","R","E","R","T","E","R","M","R","?","R","BOSS","M","$","?","?","?","R","?","E","T","R","M","?","$","?","R","BOSS","M","M","M","?","?","E","?","?","T","?","$","R","M","M","R","BOSS"],"items_purchased_type":["Card","Card","Card","Card","Relic","Relic"],"build_version":"2020-11-30","purchased_purges":2,"victory":false,"max_hp_per_floor":[75,75,75,75,75,75,75,75,75,75,75,75,75,75,75,75,75,75,75,75,52,52,52,52,52,52,52,52,52,52,55,55,59,59,63,67,71,75,75,79,83,83,83,83,83,83,91,95,95,95,95],"relic_stats":{"Sozu":7,"counters":[23,141],"Golden Idol":106,"Bronze Scales":[295],"Charon\u0027s Ashes":[66],"Art of War":[20],"obtain_stats":[{"Lantern":40,"Golden Idol":14,"SacredBark":34,"Vajra":7,"Thread and Needle":38,"Charon\u0027s Ashes":45,"Omamori":3,"Burning Blood":0,"ClockworkSouvenir":30,"Sozu":17,"HornCleat":10,"Bronze Scales":9,"Art of War":26,"Toy Ornithopter":25,"Runic Pyramid":0},{"Lantern":18,"Golden Idol":6,"SacredBark":13,"Vajra":4,"Thread and Needle":17,"Charon\u0027s Ashes":20,"Omamori":2,"Burning Blood":0,"ClockworkSouvenir":11,"Sozu":7,"HornCleat":5,"Bronze Scales":4,"Art of War":10,"Toy Ornithopter":10,"Runic Pyramid":0},{"Lantern":109,"Golden Idol":25,"SacredBark":81,"Vajra":17,"Thread and Needle":102,"Charon\u0027s Ashes":122,"Omamori":7,"Burning Blood":0,"ClockworkSouvenir":69,"Sozu":33,"HornCleat":22,"Bronze Scales":17,"Art of War":45,"Toy Ornithopter":45,"Runic Pyramid":0}],"Toy Ornithopter":0},"card_choices":[{"not_picked":["Ghostly Armor","Clash"],"picked":"Pommel Strike","floor":1.0},{"not_picked":["Sentinel","Battle Trance"],"picked":"Spot Weakness","floor":2.0},{"not_picked":["Perfected Strike","Shrug It Off"],"picked":"Sever Soul","floor":4.0},{"not_picked":["Iron Wave","Infernal Blade"],"picked":"Sword Boomerang","floor":7.0},{"not_picked":["Headbutt","Perfected Strike","Cleave"],"picked":"SKIP","floor":10.0},{"not_picked":["Armaments","Shockwave"],"picked":"Flame Barrier","floor":12.0},{"not_picked":["Bludgeon","Juggernaut"],"picked":"Demon Form","floor":16.0},{"not_picked":["Wild Strike","Rupture"],"picked":"Entrench","floor":18.0},{"not_picked":["Hemokinesis","Cleave"],"picked":"Flex+1","floor":24.0},{"not_picked":["Anger","Shockwave"],"picked":"Burning Pact","floor":25.0},{"not_picked":["Pommel Strike","Infernal Blade+1","Anger"],"picked":"SKIP","floor":28.0},{"not_picked":["Perfected Strike","Thunderclap","Infernal Blade"],"picked":"SKIP","floor":31.0},{"not_picked":["Corruption","Exhume"],"picked":"Barricade","floor":33.0},{"not_picked":["True Grit","Perfected Strike","Rampage"],"picked":"SKIP","floor":35.0},{"not_picked":["Cleave","Heavy Blade","True Grit"],"picked":"SKIP","floor":36.0},{"not_picked":["Blood for Blood","Cleave"],"picked":"Shrug It Off","floor":37.0},{"not_picked":["Armaments+1","Flame Barrier+1"],"picked":"Limit Break","floor":38.0},{"not_picked":["Wild Strike","Thunderclap","Flex"],"picked":"SKIP","floor":40.0},{"not_picked":["Perfected Strike+1","Double Tap"],"picked":"Disarm+1","floor":41.0},{"not_picked":["Perfected Strike+1","Twin Strike","Cleave+1"],"picked":"SKIP","floor":44.0},{"not_picked":["Uppercut","Armaments","Pommel Strike"],"picked":"SKIP","floor":47.0},{"not_picked":["Evolve","Havoc"],"picked":"Dark Embrace","floor":48.0}],"player_experience":1870725,"relics_obtained":[{"floor":7.0,"key":"Vajra"},{"floor":9.0,"key":"Bronze Scales"},{"floor":10.0,"key":"HornCleat"},{"floor":25.0,"key":"Toy Ornithopter"},{"floor":26.0,"key":"Art of War"},{"floor":38.0,"key":"Thread and Needle"},{"floor":40.0,"key":"Lantern"}],"event_choices":[{"damage_healed":0.0,"max_hp_gain":0.0,"max_hp_loss":0.0,"gold_gain":0.0,"event_name":"Scrap Ooze","player_choice":"Success","floor":3.0,"gold_loss":0.0,"damage_taken":26.0,"relics_obtained":["Omamori"]},{"damage_healed":0.0,"max_hp_gain":0.0,"max_hp_loss":0.0,"gold_gain":0.0,"event_name":"Golden Idol","player_choice":"Take Wound","floor":14.0,"gold_loss":0.0,"damage_taken":0.0,"relics_obtained":["Golden Idol"],"cards_obtained":["Injury"]},{"damage_healed":0.0,"max_hp_gain":0.0,"max_hp_loss":0.0,"gold_gain":0.0,"event_name":"The Mausoleum","player_choice":"Ignored","floor":20.0,"gold_loss":0.0,"damage_taken":0.0},{"damage_healed":0.0,"max_hp_gain":0.0,"max_hp_loss":23.0,"gold_gain":0.0,"event_name":"Vampires","player_choice":"Became a vampire","floor":21.0,"gold_loss":0.0,"damage_taken":0.0,"cards_obtained":["Bite","Bite","Bite","Bite","Bite"]},{"damage_healed":0.0,"max_hp_gain":0.0,"max_hp_loss":0.0,"gold_gain":0.0,"event_name":"Match and Keep!","player_choice":"1 cards matched","floor":22.0,"gold_loss":0.0,"damage_taken":0.0,"cards_obtained":["Regret"]},{"damage_healed":0.0,"max_hp_gain":0.0,"max_hp_loss":0.0,"gold_gain":50.0,"event_name":"Golden Shrine","player_choice":"Pray","floor":29.0,"gold_loss":0.0,"damage_taken":0.0},{"damage_healed":0.0,"max_hp_gain":0.0,"max_hp_loss":0.0,"gold_gain":0.0,"event_name":"Mysterious Sphere","player_choice":"Fight","floor":38.0,"gold_loss":0.0,"damage_taken":0.0},{"damage_healed":0.0,"max_hp_gain":0.0,"max_hp_loss":0.0,"gold_gain":0.0,"event_name":"Duplicator","player_choice":"Copied","floor":39.0,"gold_loss":0.0,"damage_taken":0.0,"cards_obtained":["Feed"]},{"damage_healed":0.0,"max_hp_gain":0.0,"max_hp_loss":0.0,"gold_gain":0.0,"cards_transformed":["Defend_R"],"event_name":"Transmorgrifier","player_choice":"Transformed","floor":42.0,"gold_loss":0.0,"damage_taken":0.0,"cards_obtained":["Infernal Blade"]}],"is_beta":false,"boss_relics":[{"not_picked":["Busted Crown","Mark of Pain"],"picked":"Sozu"},{"not_picked":["Fusion Hammer","Velvet Choker"],"picked":"SacredBark"}],"items_purged_floors":[19,45],"is_endless":false,"potions_floor_spawned":[4,7,12,16,24,25,31,33,36,38,41],"killed_by":"Time Eater","ascension_level":20}}