{"host":"9mnb7pbo3pfmmmyl","time":1607797534,"event":{"mods":["Aspiration","BaseMod","Highlight Path","Lobotomy","Minty Spire (QoL Compilation)","MostiFishMod","Shop Mod","StSLib","TestMod","【遗物卡牌】REMEMod","篝火指南"],"gold_per_floor":[112,262,262,278,292,292,292,327,327,327,357,357,390,409,33,109,109,128,114,131,143,143,143,177,177,177,177,177,177],"floor_reached":28,"playtime":1010,"items_purged":["Doubt","Defend_R"],"score":583,"play_id":"1fca487d-418c-409c-930b-2f1faa03d997","local_time":"20201213022534","is_ascension_mode":true,"campfire_choices":[{"data":"MostiFishMod:GoodWordForIt","floor":6,"key":"SMITH"},{"data":"DeusExMachina","floor":12,"key":"SMITH"},{"data":"REME_Fury","floor":23,"key":"SMITH"},{"floor":27,"key":"REST"}],"circlet_count":0,"master_deck":["AscendersBane","Defend_R","Defend_R+1","Defend_R","Bash","MostiFishMod:GoodWordForIt+1","REME_FearOfPain","Ecstasy","DeusExMachina+1","Harmony+1","testmod-DeathImprint+1","Feel No Pain","REME_Fury+1","Seeing Red+1","Bite+1","Bite+1","Bite+1","Bite+1","Bite+1"],"relics":["Burning Blood","testmod-TestBox","DaveBox","REME_ComplimentaryCards","HereWithMe","testmod-Prudence","CogitoBucket","RabbitCall","Question Card","Molten Egg 2","White Beast Statue","aspiration:SeaSaltIceCream","aspiration:RitualStick","Self Forming Clay","BackwardClock","MerchantsRug","ImportantClient","REME_DuelDisc","REME_HourglassOfDeath","aspiration:RitualStick","testmod-IndustrialRevolution"],"acts_visited":["Exordium","TheCity"],"potions_floor_usage":[14,15,21,24,24],"damage_taken":[{"damage":0,"enemies":"Small Slimes","floor":1,"turns":2},{"damage":0,"enemies":"2 Louse","floor":4,"turns":2},{"damage":2,"enemies":"Jaw Worm","floor":5,"turns":2},{"damage":9,"enemies":"3 Sentries","floor":8,"turns":6},{"damage":6,"enemies":"Lagavulin","floor":11,"turns":4},{"damage":4,"enemies":"Gremlin Nob","floor":13,"turns":3},{"damage":10,"enemies":"Exordium Thugs","floor":14,"turns":8},{"damage":38,"enemies":"The Guardian","floor":16,"turns":7},{"damage":12,"enemies":"Chosen","floor":18,"turns":3},{"damage":29,"enemies":"Shell Parasite","floor":20,"turns":4},{"damage":8,"enemies":"Shelled Parasite and Fungi","floor":21,"turns":3},{"damage":9,"enemies":"Slavers","floor":24,"turns":2},{"damage":64,"enemies":"Sentry and Sphere","floor":28,"turns":3}],"seed_played":"5965689196083147984","potions_obtained":[{"floor":5,"key":"PowerPotion"},{"floor":11,"key":"LiquidBronze"},{"floor":13,"key":"BloodPotion"},{"floor":14,"key":"Dexterity Potion"},{"floor":16,"key":"SneckoOil"},{"floor":18,"key":"BlessingOfTheForge"},{"floor":20,"key":"Swift Potion"},{"floor":21,"key":"testmod-TestPotion"},{"floor":24,"key":"Fruit Juice"}],"is_trial":false,"path_per_floor":["M","?","?","M","M","R","?","E","T","?","E","R","E","M","R","B",null,"M","$","M","M","?","R","E","?","T","R","M"],"character_chosen":"IRONCLAD","items_purchased":["testmod-SpacePotion","MerchantsRug","Feel No Pain"],"campfire_rested":1,"item_purchase_floors":[15,15,15],"current_hp_per_floor":[74,74,63,69,73,73,73,70,70,47,47,47,49,60,60,28,63,57,57,34,32,32,32,40,26,26,43,0,0],"gold":177,"neow_bonus":"","is_daily":false,"chose_seed":false,"campfire_upgraded":3,"win_rate":0.0,"timestamp":1607797534,"path_taken":["M","?","?","M","M","R","?","E","T","?","E","R","E","M","R","BOSS","M","$","M","M","?","R","E","?","T","R","M"],"items_purchased_type":["Potion","Relic","Card"],"build_version":"2020-11-30","purchased_purges":2,"victory":false,"max_hp_per_floor":[75,75,75,75,75,75,75,75,75,75,75,75,75,75,75,75,75,75,75,75,75,52,52,57,57,57,57,57,57],"card_choices":[{"not_picked":["Clothesline","Dropkick"],"picked":"REME_FearOfPain","floor":1},{"not_picked":["Genetic Algorithm","REME_Repentance","DeceiveReality","CrushJoints+1"],"picked":"SKIP","floor":4},{"not_picked":["Cleave+1","Good Instincts","Ball Lightning+1"],"picked":"Ecstasy","floor":5},{"not_picked":["Crescendo","Evaluate","REME_GrazeFinale+1"],"picked":"DeusExMachina","floor":8},{"not_picked":["testmod-ConditionedReflex","Sweeping Beam+1","Indignation"],"picked":"Harmony+1","floor":11},{"not_picked":["Adaptation","Coolheaded","WristCuter+1","WaveOfTheHand"],"picked":"SKIP","floor":13},{"not_picked":["BowlingBash+1","Regret_ego","Flex"],"picked":"testmod-DeathImprint+1","floor":14},{"not_picked":["Fiend Fire+1","MostiFishMod:#F4004","MostiFishMod:NewArrival"],"picked":"REME_Fury","floor":16},{"not_picked":["Clash+1","Armaments","Warcry","Flex"],"picked":"SKIP","floor":18},{"not_picked":["Thunderclap+1","Dual Wield","Flex","Burning Pact"],"picked":"SKIP","floor":20},{"not_picked":["Thunderclap+1","Fire Breathing","Dark Embrace"],"picked":"Seeing Red+1","floor":21},{"not_picked":["Bloodletting","Havoc+1","Shrug It Off","Headbutt+1"],"picked":"SKIP","floor":24}],"player_experience":477823,"relics_obtained":[{"floor":1,"key":"Question Card"},{"floor":1,"key":"PrismaticShard"},{"floor":8,"key":"White Beast Statue"},{"floor":11,"key":"aspiration:SeaSaltIceCream"},{"floor":13,"key":"Self Forming Clay"},{"floor":16,"key":"ImportantClient"},{"floor":24,"key":"REME_HourglassOfDeath"},{"floor":26,"key":"testmod-IndustrialRevolution"}],"event_choices":[{"damage_healed":0,"gold_gain":150,"player_choice":"AGREE","damage_taken":0,"max_hp_gain":0,"max_hp_loss":0,"event_name":"Liars Game","floor":2,"gold_loss":0,"cards_obtained":["Doubt"]},{"damage_healed":0,"gold_gain":0,"player_choice":"Success","damage_taken":11,"relics_obtained":["Molten Egg 2"],"max_hp_gain":0,"max_hp_loss":0,"event_name":"Scrap Ooze","floor":3,"gold_loss":0},{"damage_healed":0,"gold_gain":0,"player_choice":"Ignored","damage_taken":0,"max_hp_gain":0,"max_hp_loss":0,"event_name":"给自己的盒子","floor":7,"gold_loss":0},{"damage_healed":0,"gold_gain":0,"player_choice":"Entered Light","damage_taken":23,"max_hp_gain":0,"max_hp_loss":0,"event_name":"Shining Light","floor":10,"gold_loss":0,"cards_upgraded":["Defend_R","Strike_R"]},{"damage_healed":0,"gold_gain":0,"player_choice":"Became a vampire","damage_taken":0,"max_hp_gain":0,"max_hp_loss":23,"event_name":"Vampires","floor":22,"gold_loss":0,"cards_obtained":["Bite","Bite","Bite","Bite","Bite"]}],"is_beta":false,"boss_relics":[{"not_picked":["aspiration:PoetsPen_weak","testmod-NegativeEmotionEnhancer"],"picked":"REME_DuelDisc"}],"items_purged_floors":[15,19],"is_endless":false,"potions_floor_spawned":[5,11,13,14,16,18,20,21,24],"killed_by":"Sentry and Sphere","ascension_level":20}}