{"host":"pgiw9wkmtk74e1ic","time":1607813662,"event":{"mods":["BaseMod","Colored Map","Colored Powertips","Marisa????????","Minty Spire (QoL Compilation)","Replay The Spire","StSLib"],"gold_per_floor":[117,117,292,111,129,156,156,156,156,7,7,7,20,55,66,83,83,178,178,193,193,193,193,213,247,247,274,300,320,21,21,21,0,0,99,99,119,119,132,144,110,110,130,233,233,243,243,138,171,28,28,28,28],"floor_reached":52,"playtime":5997,"items_purged":["Regret"],"score":776,"play_id":"fab463a4-a3d3-4c76-81f0-a1ac4f565bcd","local_time":"20201212155422","is_ascension_mode":false,"campfire_choices":[{"floor":17.0,"key":"DIG"},{"floor":26.0,"key":"REST"},{"floor":34.0,"key":"RECALL"},{"floor":42.0,"key":"REST"},{"floor":47.0,"key":"REST"},{"floor":51.0,"key":"REST"}],"circlet_count":0,"master_deck":["Defend_P","Defend_P","Defend_P","Defend_P","Eruption+1","Vigilance","ReachHeaven+1","Doubt","ThirdEye+1","LikeWater+1","Replay:ManipulateFuture","Nirvana+1","Evaluate","ClearTheMind","Replay:ManipulateFuture","Crescendo","Pot Of Greed","Pot Of Greed","SpiritShield+1","CurseOfTheBell","WreathOfFlame","RitualDagger","Worship","Nirvana","Prostrate","ReplayTheSpireMod:IOU","Study+1","PathToVictory","Replay:LoomingThreat+1","Wish+1","Fasting2+1","Alpha+1","Writhe","Replay:Vibes","Pot Of Greed","Parasite","DeceiveReality","Wireheading+1","LikeWater+1","ReplayTheSpireMod:Splinters","Study+1","Omniscience+1","Protect+1","Perseverance+1","Wireheading"],"relics":["PureWater","NeowsBlessing","Golden Egg","Gremlin Horn","Guide Book","Bag of Marbles","Damaru","Grinning Jar","Calling Bell","Juzu Bracelet","Unceasing Top","Replay:Bottled Snecko","Ring of Misfortune","ReplayTheSpireMod:Ring of Exchange","Du-Vu Doll","Boot","Ancient Tea Set","Replay:Wax Seal","Lee\u0027s Waffle","PreservedInsect","Astrolabe","Replay:Bottled Eggs","Shuriken","Orichalcum"],"acts_visited":["Exordium","TheCity","TheBeyond"],"potions_floor_usage":[52,52,52],"damage_taken":[{"damage":0.0,"enemies":"Small Slimes","floor":1.0,"turns":1.0},{"damage":0.0,"enemies":"2 Louse","floor":5.0,"turns":2.0},{"damage":0.0,"enemies":"3 Sentries","floor":6.0,"turns":1.0},{"damage":3.0,"enemies":"Cultist","floor":13.0,"turns":4.0},{"damage":0.0,"enemies":"Lagavulin","floor":14.0,"turns":6.0},{"damage":0.0,"enemies":"Gremlin Gang","floor":15.0,"turns":4.0},{"damage":4.0,"enemies":"Large Slime","floor":16.0,"turns":5.0},{"damage":31.0,"enemies":"The Guardian","floor":18.0,"turns":10.0},{"damage":3.0,"enemies":"Shell Parasite","floor":20.0,"turns":7.0},{"damage":5.0,"enemies":"Spheric Guardian","floor":24.0,"turns":6.0},{"damage":35.0,"enemies":"Book of Stabbing","floor":25.0,"turns":10.0},{"damage":5.0,"enemies":"Replay:Snechameleon","floor":27.0,"turns":8.0},{"damage":5.0,"enemies":"Shelled Parasite and Fungi","floor":29.0,"turns":5.0},{"damage":0.0,"enemies":"Champ","floor":35.0,"turns":10.0},{"damage":43.0,"enemies":"Orb Walker","floor":37.0,"turns":6.0},{"damage":4.0,"enemies":"3 Shapes","floor":39.0,"turns":8.0},{"damage":16.0,"enemies":"Writhing Mass","floor":40.0,"turns":8.0},{"damage":29.0,"enemies":"Spire Growth","floor":43.0,"turns":6.0},{"damage":0.0,"enemies":"Transient","floor":46.0,"turns":5.0},{"damage":48.0,"enemies":"Reptomancer","floor":49.0,"turns":8.0},{"damage":37,"enemies":"Awakened One","floor":52,"turns":4}],"seed_played":"888884401045258986","potions_obtained":[{"floor":1.0,"key":"Elixir"},{"floor":5.0,"key":"BlessingOfTheForge"},{"floor":14.0,"key":"Dexterity Potion"},{"floor":27.0,"key":"Milkshake"},{"floor":29.0,"key":"DistilledChaos"},{"floor":35.0,"key":"Strength Potion"},{"floor":40.0,"key":"BottledMiracle"},{"floor":49.0,"key":"Energy Potion"}],"is_trial":false,"path_per_floor":["M","?","?","$","M","E","?","PTL","PTL","$","T","?","M","E","M","M","R_BF","B",null,"M","?","?","?","M","E","R","E","T","M","$","?","$","?","R","B",null,"M","?","M","M","$","R","M","?","T","M","R","$","E","$","R","B"],"character_chosen":"WATCHER","items_purchased":["ThirdEye+1","LikeWater","Guide Book","Replay:Wax Seal","Lee\u0027s Waffle","PreservedInsect","Study","Wireheading","Protect","Perseverance","Orichalcum"],"campfire_rested":4,"item_purchase_floors":[4,4,10,30,30,30,30,41,48,48,50],"current_hp_per_floor":[72,72,72,72,72,72,72,72,72,72,72,72,69,69,69,65,65,34,72,69,69,69,63,58,23,44,39,39,34,79,79,79,79,79,79,79,36,56,52,36,36,59,30,30,30,30,53,53,5,5,28,0,0],"gold":28,"neow_bonus":"THREE_ENEMY_KILL","is_daily":false,"chose_seed":false,"campfire_upgraded":0,"win_rate":0.0,"timestamp":1607813662,"path_taken":["M","?","?","$","M","E","?","PTL","PTL","$","T","?","?","E","M","M","R_BF","BOSS","M","?","?","?","M","E","R","E","T","M","$","?","$","?","R","BOSS","M","?","M","M","$","R","M","?","T","M","R","$","E","$","R","BOSS"],"items_purchased_type":["Card","Card","Relic","Relic","Relic","Relic","Card","Card","Card","Card","Relic"],"build_version":"2020-11-30","purchased_purges":1,"victory":false,"max_hp_per_floor":[72,72,72,72,72,72,72,72,72,72,72,72,72,72,72,72,72,72,72,72,72,72,72,72,72,72,72,72,72,79,79,79,79,79,79,79,79,79,79,79,79,79,79,79,79,79,79,79,79,79,79,79,79],"card_choices":[{"not_picked":["Meditate","Crescendo"],"picked":"ReachHeaven","floor":1.0},{"not_picked":["CrushJoints","TalkToTheHand"],"picked":"Replay:ManipulateFuture","floor":5.0},{"not_picked":["Replay:ManipulateFuture","CrushJoints"],"picked":"Nirvana","floor":6.0},{"not_picked":["ClearTheMind","PathToVictory"],"picked":"Evaluate","floor":13.0},{"not_picked":["BowlingBash","EmptyFist"],"picked":"ClearTheMind","floor":14.0},{"not_picked":["SignatureMove","Replay:AllIn"],"picked":"Replay:ManipulateFuture","floor":15.0},{"not_picked":["Meditate","CrushJoints"],"picked":"Crescendo","floor":16.0},{"not_picked":["Scrawl","Replay:AllIn"],"picked":"SpiritShield","floor":18.0},{"not_picked":["CutThroughFate","Weave"],"picked":"WreathOfFlame","floor":20.0},{"not_picked":["EmptyBody","Replay:ManipulateFuture+1","Protect"],"picked":"SKIP","floor":24.0},{"not_picked":["Wallop","Swivel"],"picked":"Worship","floor":25.0},{"not_picked":["Halt","EmptyBody"],"picked":"Nirvana","floor":27.0},{"not_picked":["Adaptation","Weave"],"picked":"Prostrate","floor":29.0},{"not_picked":["Replay:AllIn","Wish"],"picked":"Replay:LoomingThreat","floor":35.0},{"not_picked":["Replay:BluntJabs","FlyingSleeves","Replay:Battleflow"],"picked":"SKIP","floor":37.0},{"not_picked":["ClearTheMind","Consecrate+1"],"picked":"Replay:Vibes","floor":39.0},{"not_picked":["SignatureMove+1","Weave+1"],"picked":"DeceiveReality","floor":40.0},{"not_picked":["SashWhip+1","FollowUp+1"],"picked":"LikeWater","floor":43.0},{"not_picked":["Tantrum+1","WheelKick+1"],"picked":"Study+1","floor":44.0},{"not_picked":["Replay:Anticipation","JustLucky"],"picked":"Omniscience","floor":44.0},{"not_picked":["Crescendo","Meditate","Vengeance+1"],"picked":"SKIP","floor":46.0},{"not_picked":["TalkToTheHand","FollowUp"],"picked":"Wireheading","floor":49.0}],"player_experience":239734,"relics_obtained":[{"floor":6.0,"key":"Gremlin Horn"},{"floor":14.0,"key":"Damaru"},{"floor":17.0,"key":"Grinning Jar"},{"floor":19.0,"key":"Juzu Bracelet"},{"floor":19.0,"key":"Unceasing Top"},{"floor":19.0,"key":"Replay:Bottled Snecko"},{"floor":21.0,"key":"Ring of Misfortune"},{"floor":21.0,"key":"ReplayTheSpireMod:Ring of Exchange"},{"floor":25.0,"key":"Du-Vu Doll"},{"floor":27.0,"key":"Boot"},{"floor":28.0,"key":"Ancient Tea Set"},{"floor":45.0,"key":"Replay:Bottled Eggs"},{"floor":49.0,"key":"Shuriken"}],"event_choices":[{"damage_healed":0.0,"max_hp_gain":0.0,"max_hp_loss":0.0,"gold_gain":0.0,"event_name":"Big Fish","player_choice":"Box","floor":2.0,"gold_loss":0.0,"damage_taken":0.0,"relics_obtained":["Golden Egg"],"cards_obtained":["Regret"]},{"damage_healed":0.0,"max_hp_gain":0.0,"max_hp_loss":0.0,"gold_gain":175.0,"event_name":"Liars Game","player_choice":"AGREE","floor":3.0,"gold_loss":0.0,"damage_taken":0.0,"cards_obtained":["Doubt"]},{"damage_healed":0.0,"max_hp_gain":0.0,"max_hp_loss":0.0,"gold_gain":0.0,"event_name":"Living Wall","player_choice":"Grow","floor":7.0,"gold_loss":0.0,"damage_taken":0.0,"cards_upgraded":["Eruption"]},{"damage_healed":0.0,"max_hp_gain":0.0,"max_hp_loss":0.0,"gold_gain":0.0,"event_name":"WeMeetAgain","player_choice":"Gave Potion","floor":12.0,"gold_loss":0.0,"damage_taken":0.0,"relics_obtained":["Bag of Marbles"]},{"damage_healed":0.0,"max_hp_gain":0.0,"max_hp_loss":0.0,"gold_gain":0.0,"event_name":"Vampires","player_choice":"Ignored","floor":22.0,"gold_loss":0.0,"damage_taken":0.0},{"damage_healed":0.0,"max_hp_gain":0.0,"max_hp_loss":0.0,"gold_gain":0.0,"event_name":"Nest","player_choice":"Joined the Cult","floor":23.0,"gold_loss":0.0,"damage_taken":6.0,"cards_obtained":["RitualDagger"]},{"damage_healed":0.0,"max_hp_gain":0.0,"max_hp_loss":0.0,"gold_gain":0.0,"cards_transformed":["Strike_P"],"event_name":"Transmorgrifier","player_choice":"Transformed","floor":31.0,"gold_loss":0.0,"damage_taken":0.0,"cards_obtained":["PathToVictory"]},{"damage_healed":0.0,"max_hp_gain":0.0,"max_hp_loss":0.0,"gold_gain":0.0,"event_name":"Masked Bandits","player_choice":"Paid Fearfully","floor":33.0,"gold_loss":21.0,"damage_taken":0.0},{"damage_healed":20.0,"max_hp_gain":0.0,"max_hp_loss":0.0,"gold_gain":0.0,"event_name":"Winding Halls","player_choice":"Writhe","floor":38.0,"gold_loss":0.0,"damage_taken":0.0,"cards_obtained":["Writhe"]}],"is_beta":false,"boss_relics":[{"not_picked":["Fusion Hammer","Philosopher\u0027s Stone"],"picked":"Calling Bell"},{"not_picked":["HolyWater","Runic Pyramid"],"picked":"Astrolabe"}],"items_purged_floors":[4],"is_endless":false,"potions_floor_spawned":[1,5,14,27,29,35,40,43,49],"killed_by":"Awakened One","ascension_level":0}}