{"host":"bbjnqymry46jz0fa","time":1607750920,"event":{"mods":["BaseMod","DeckTracker","Minty Spire (QoL Compilation)","Quick Restart","StSLib","SuperFastMode"],"gold_per_floor":[12,12,26,26,26,57,57,76,76,91,125,200,125,50,50,50,50],"floor_reached":16,"playtime":325,"items_purged":["Defend_G"],"score":216,"play_id":"0ae5f247-a574-4eb6-9be2-298b5011d9ac","local_time":"20201212142840","is_ascension_mode":true,"campfire_choices":[{"data":"Terror","floor":7,"key":"SMITH"},{"data":"Caltrops","floor":15,"key":"SMITH"}],"circlet_count":0,"master_deck":["AscendersBane","Strike_G","Strike_G","Strike_G","Defend_G","Defend_G","Defend_G","Survivor","Neutralize","Distraction","Cloak And Dagger","Terror+1","Footwork","Endless Agony","Backflip","Caltrops+1","Deadly Poison"],"relics":["Ring of the Snake","Golden Idol","Pantograph","Omamori"],"acts_visited":["Exordium"],"potions_floor_usage":[6,11,16],"damage_taken":[{"damage":0,"enemies":"2 Louse","floor":1,"turns":4},{"damage":6,"enemies":"Small Slimes","floor":3,"turns":5},{"damage":17,"enemies":"Gremlin Nob","floor":6,"turns":3},{"damage":0,"enemies":"Cultist","floor":8,"turns":3},{"damage":8,"enemies":"Blue Slaver","floor":10,"turns":4},{"damage":5,"enemies":"Lagavulin","floor":11,"turns":7},{"damage":39,"enemies":"Hexaghost","floor":16,"turns":9}],"seed_played":"-5874005399038562741","potions_obtained":[{"floor":3,"key":"SteroidPotion"},{"floor":5,"key":"Ancient Potion"},{"floor":6,"key":"Energy Potion"},{"floor":11,"key":"Block Potion"}],"is_trial":false,"path_per_floor":["M","?","M","?","?","E","R","M","T","M","E","?","?","$","R","B"],"character_chosen":"THE_SILENT","items_purchased":[],"campfire_rested":0,"item_purchase_floors":[],"current_hp_per_floor":[59,59,53,53,53,36,36,36,36,28,23,12,12,12,12,0,0],"gold":50,"neow_bonus":"TRANSFORM_TWO_CARDS","is_daily":false,"chose_seed":false,"campfire_upgraded":2,"win_rate":0.0,"timestamp":1607750920,"path_taken":["M","?","M","?","?","E","R","?","T","M","E","?","?","$","R","BOSS"],"items_purchased_type":[],"build_version":"2020-11-30","purchased_purges":1,"victory":false,"max_hp_per_floor":[66,60,60,60,60,60,60,60,60,60,60,60,60,60,60,60,60],"card_choices":[{"not_picked":["Bane","Acrobatics"],"picked":"Terror","floor":1},{"not_picked":["Leg Sweep","Calculated Gamble"],"picked":"Footwork","floor":3},{"not_picked":["Burst","Dash"],"picked":"Endless Agony","floor":6},{"not_picked":["Prepared","Infinite Blades"],"picked":"Backflip","floor":8},{"not_picked":["Leg Sweep","Dagger Throw"],"picked":"Caltrops","floor":10},{"not_picked":["Die Die Die","Deflect"],"picked":"Deadly Poison","floor":11}],"player_experience":704654,"relics_obtained":[{"floor":6,"key":"Pantograph"},{"floor":11,"key":"Omamori"}],"event_choices":[{"damage_healed":0,"gold_gain":0,"player_choice":"Lose Max HP","damage_taken":0,"relics_obtained":["Golden Idol"],"max_hp_gain":0,"max_hp_loss":6,"event_name":"Golden Idol","floor":2,"gold_loss":0},{"damage_healed":0,"gold_gain":0,"player_choice":"Ignored","damage_taken":0,"max_hp_gain":0,"max_hp_loss":0,"event_name":"Liars Game","floor":4,"gold_loss":0},{"damage_healed":0,"gold_gain":0,"player_choice":"Got Potions","damage_taken":0,"max_hp_gain":0,"max_hp_loss":0,"event_name":"Lab","floor":5,"gold_loss":0},{"damage_healed":0,"gold_gain":75,"player_choice":"Gather Gold","damage_taken":11,"max_hp_gain":0,"max_hp_loss":0,"event_name":"World of Goop","floor":12,"gold_loss":0},{"cards_removed":["Strike_G"],"damage_healed":0,"gold_gain":0,"player_choice":"Card Removal","damage_taken":0,"max_hp_gain":0,"max_hp_loss":0,"event_name":"The Cleric","floor":13,"gold_loss":75}],"is_beta":false,"boss_relics":[],"items_purged_floors":[14],"is_endless":false,"potions_floor_spawned":[3,6,10,11],"killed_by":"Hexaghost","ascension_level":20}}