{"host":"dh4nu8nelr2izibb","time":1607812412,"event":{"mods":["Act Like it!","BaseMod","Better Third Choice","Card Forge","Displayed Cursed Tome","HololiveMod","Marisa????????","Minty Spire (QoL Compilation)","Puzzle Mod","Quick Restart","StSLib","The Poker Player","The Servant 0.9.4","WarShipGirlsR/????R mod","???????????mod"],"gold_per_floor":[219,236,216,66,84,84,103,103,156,156,156,169,199,164,164,236,236,236,236],"floor_reached":18,"playtime":688,"items_purged":["Defend_G"],"score":320,"play_id":"223aede5-c4fc-4e11-b67a-c0cd09654d4f","local_time":"20201212173332","is_ascension_mode":true,"campfire_choices":[{"data":"Neutralize","floor":6,"key":"SMITH"},{"data":"Cloak And Dagger","floor":8,"key":"SMITH"},{"data":"Leg Sweep","floor":10,"key":"SMITH"},{"data":"Dash","floor":15,"key":"SMITH"}],"circlet_count":0,"master_deck":["AscendersBane","Strike_G","Strike_G","Strike_G","Strike_G","Defend_G","Defend_G","Defend_G","Survivor+1","Neutralize+1","Cloak And Dagger+1","Leg Sweep+1","Footwork+1","Deflect","Dash+1","Acrobatics+1","Tools of the Trade"],"relics":["Ring of the Snake","Hammer of Thor","Seething Fire","Anvil of the Gods","Dream Catcher","War Paint","WristBlade"],"acts_visited":["Exordium","TheCity"],"potions_floor_usage":[7,13],"damage_taken":[{"damage":4,"enemies":"Jaw Worm","floor":1,"turns":6},{"damage":3,"enemies":"Cultist","floor":2,"turns":4},{"damage":0,"enemies":"2 Louse","floor":5,"turns":3},{"damage":0,"enemies":"Lots of Slimes","floor":7,"turns":5},{"damage":10,"enemies":"3 Louse","floor":12,"turns":4},{"damage":15,"enemies":"3 Sentries","floor":13,"turns":16},{"damage":11,"enemies":"The Guardian","floor":16,"turns":20},{"damage":0,"enemies":"2 Thieves","floor":18,"turns":1}],"seed_played":"-5628863683717746981","potions_obtained":[{"floor":2,"key":"DistilledChaos"},{"floor":3,"key":"LiquidMemories"},{"floor":16,"key":"Dexterity Potion"}],"is_trial":false,"path_per_floor":["M","M","?","$","M","R","M","R","T","R","?","M","E","?","R","B",null,"M"],"character_chosen":"THE_SILENT","items_purchased":["Leg Sweep"],"campfire_rested":0,"item_purchase_floors":[4],"current_hp_per_floor":[55,52,52,52,52,52,52,52,52,52,66,56,41,57,57,46,61,61,61],"gold":236,"neow_bonus":"HUNDRED_GOLD","is_daily":false,"chose_seed":false,"campfire_upgraded":4,"win_rate":0.0,"timestamp":1607812412,"path_taken":["M","M","?","?","M","R","M","R","T","R","?","?","E","?","R","BOSS","M"],"items_purchased_type":["Card"],"build_version":"2020-11-30","purchased_purges":1,"victory":false,"max_hp_per_floor":[66,66,66,66,66,66,66,66,66,66,66,66,66,66,66,66,66,66,66],"card_choices":[{"not_picked":["Acrobatics","Dodge and Roll"],"picked":"Cloak And Dagger","floor":1},{"not_picked":["Poisoned Stab","Endless Agony"],"picked":"Infinite Blades","floor":2},{"not_picked":["Riddle With Holes","Slice"],"picked":"Footwork","floor":5},{"not_picked":["Dodge and Roll","Poisoned Stab"],"picked":"Deflect","floor":7},{"not_picked":["Acrobatics","Bane"],"picked":"Dash","floor":12},{"not_picked":["Sucker Punch","Prepared"],"picked":"Acrobatics","floor":13},{"not_picked":["Bullet Time","Night Terror"],"picked":"Tools of the Trade","floor":16}],"player_experience":1100280,"relics_obtained":[{"floor":9,"key":"Dream Catcher"},{"floor":13,"key":"War Paint"}],"event_choices":[{"damage_healed":0,"gold_gain":0,"player_choice":"Bought 1 Potion","damage_taken":0,"max_hp_gain":0,"max_hp_loss":0,"event_name":"The Woman in Blue","floor":3,"gold_loss":0},{"cards_removed":["Infinite Blades"],"damage_healed":14,"gold_gain":0,"player_choice":"Offered Uncommon","damage_taken":0,"max_hp_gain":0,"max_hp_loss":0,"event_name":"Bonfire Elementals","floor":11,"gold_loss":0},{"damage_healed":16,"gold_gain":0,"player_choice":"Healed","damage_taken":0,"max_hp_gain":0,"max_hp_loss":0,"event_name":"The Cleric","floor":14,"gold_loss":35}],"is_beta":false,"boss_relics":[{"not_picked":["Hololive_TopUpMoneyS","Ectoplasm"],"picked":"WristBlade"}],"items_purged_floors":[4],"is_endless":false,"potions_floor_spawned":[2,5,16],"killed_by":"2 Thieves","ascension_level":20}}