{"host":"a9gsz7kv8aebwp1f","time":1607800576,"event":{"mods":["AchievementEnabler","BaseMod","Minty Spire (QoL Compilation)"],"gold_per_floor":[113,188,188,200,43,43,43,43,70,101,113,159,194,230,242,366,437,476,526,538,574,614,626,658,679,745,778,790,802,843,882,894,1016,1037,1068,418,439,498,507,507,532,559,586,595,595,595],"floor_reached":45,"playtime":2259,"items_purged":[],"score":693,"play_id":"a4585b6e-b815-4bef-8b63-6b659b56ae8c","local_time":"20201213041616","is_ascension_mode":true,"campfire_choices":[{"data":"Dualcast","floor":6,"key":"SMITH"},{"data":"Zap","floor":8,"key":"SMITH"},{"data":"Glacier","floor":11,"key":"SMITH"},{"data":"Glacier","floor":15,"key":"SMITH"},{"floor":23,"key":"REST"},{"floor":28,"key":"REST"},{"floor":32,"key":"REST"},{"floor":40,"key":"DIG"}],"circlet_count":0,"master_deck":["AscendersBane","Strike_B+1","Strike_B+1","Strike_B+1","Strike_B+1","Defend_B+1","Defend_B+1","Defend_B+1","Defend_B+1","Zap+1","Dualcast+1","Glacier+1","Hello World+1","Steam+1","Gash","Glacier+1","Seek","Ball Lightning","Genetic Algorithm+1","Gash+1","Auto Shields","Melter","Genetic Algorithm","Flash of Steel","Chill","Beam Cell","Cold Snap+1","Seek","CurseOfTheBell","Go for the Eyes","Leap+1","Conserve Battery","Capacitor","Ball Lightning","Finesse+1","Loop+1","Beam Cell+1","Pain","Leap+1","Redo+1","Madness"],"relics":["Cracked Core","Pen Nib","DataDisk","CeramicFish","MawBank","Odd Mushroom","Tiny House","Red Mask","Oddly Smooth Stone","Calling Bell","Juzu Bracelet","Mummified Hand","Shovel","Anchor","Centennial Puzzle","Medical Kit","Emotion Chip","WarpedTongs","Blood Vial","War Paint"],"acts_visited":["Exordium","TheCity","TheBeyond"],"potions_floor_usage":[21,22,33,33],"damage_taken":[{"damage":7,"enemies":"Jaw Worm","floor":1,"turns":3},{"damage":6,"enemies":"Cultist","floor":4,"turns":4},{"damage":20,"enemies":"Gremlin Nob","floor":10,"turns":6},{"damage":3,"enemies":"The Mushroom Lair","floor":12,"turns":4},{"damage":0,"enemies":"2 Louse","floor":13,"turns":3},{"damage":1,"enemies":"2 Fungi Beasts","floor":14,"turns":3},{"damage":28,"enemies":"The Guardian","floor":16,"turns":12},{"damage":11,"enemies":"Chosen","floor":18,"turns":5},{"damage":40,"enemies":"Masked Bandits","floor":19,"turns":6},{"damage":9,"enemies":"Shell Parasite","floor":21,"turns":4},{"damage":4,"enemies":"Snecko","floor":22,"turns":5},{"damage":9,"enemies":"Centurion and Healer","floor":24,"turns":9},{"damage":7,"enemies":"Snake Plant","floor":27,"turns":8},{"damage":0,"enemies":"Snecko","floor":30,"turns":8},{"damage":0,"enemies":"Sentry and Sphere","floor":31,"turns":2},{"damage":34,"enemies":"Champ","floor":33,"turns":14},{"damage":8,"enemies":"3 Shapes","floor":35,"turns":3},{"damage":0,"enemies":"Orb Walker","floor":37,"turns":4},{"damage":0,"enemies":"Mind Bloom Boss Battle","floor":38,"turns":9},{"damage":27,"enemies":"Maw","floor":41,"turns":10},{"damage":9,"enemies":"Spire Growth","floor":42,"turns":6},{"damage":34,"enemies":"Nemesis","floor":45,"turns":7}],"seed_played":"7764123811280181505","potions_obtained":[{"floor":4,"key":"SpeedPotion"},{"floor":10,"key":"FearPotion"},{"floor":13,"key":"Energy Potion"},{"floor":17,"key":"Strength Potion"},{"floor":22,"key":"Swift Potion"},{"floor":31,"key":"FearPotion"},{"floor":33,"key":"LiquidBronze"},{"floor":35,"key":"EssenceOfDarkness"}],"is_trial":false,"path_per_floor":["M","?","?","M","$","R","?","R","T","E","R","?","M","M","R","B",null,"M","?","?","M","M","R","M","?","T","M","R","?","M","M","R","B",null,"M","$","M","?","?","R","M","M","T","?","E"],"character_chosen":"DEFECT","items_purchased":["DataDisk","Leap","Conserve Battery","Anchor","Centennial Puzzle","Medical Kit","Capacitor","Ball Lightning","Finesse"],"campfire_rested":3,"item_purchase_floors":[5,36,36,36,36,36,36,36,36],"current_hp_per_floor":[61,50,75,69,69,69,69,69,69,49,49,46,46,45,45,17,66,55,15,41,32,28,52,43,31,31,24,48,48,48,48,72,38,70,62,62,62,62,62,62,37,30,30,30,0,0],"gold":595,"neow_bonus":"RANDOM_COMMON_RELIC","is_daily":false,"chose_seed":false,"campfire_upgraded":4,"win_rate":0.0,"timestamp":1607800576,"path_taken":["M","?","?","?","$","R","?","R","T","E","R","?","M","M","R","BOSS","M","?","?","M","M","R","M","?","T","?","R","?","M","M","R","BOSS","M","$","M","?","?","R","M","M","T","?","E"],"items_purchased_type":["Relic","Card","Card","Relic","Relic","Relic","Card","Card","Card"],"build_version":"2020-11-30","purchased_purges":0,"victory":false,"max_hp_per_floor":[75,75,75,75,75,75,75,75,75,75,75,75,75,75,75,75,80,80,80,80,80,80,80,80,80,80,80,80,80,80,80,80,80,80,80,80,80,80,80,80,80,80,80,80,80,80],"card_choices":[{"not_picked":["Turbo","Aggregate"],"picked":"Glacier","floor":1},{"not_picked":["Conserve Battery","Rebound"],"picked":"Hello World","floor":4},{"not_picked":["Heatsinks","Hello World","Double Energy"],"picked":"SKIP","floor":10},{"not_picked":["Barrage","Compile Driver"],"picked":"Steam","floor":12},{"not_picked":["Stack","Beam Cell"],"picked":"Gash","floor":13},{"not_picked":["Coolheaded","Barrage"],"picked":"Glacier","floor":14},{"not_picked":["Echo Form","Hyperbeam"],"picked":"Seek","floor":16},{"not_picked":["Tempest","Reinforced Body"],"picked":"Ball Lightning","floor":17},{"not_picked":["Steam","Rebound"],"picked":"Genetic Algorithm+1","floor":18},{"not_picked":["Stack","Streamline"],"picked":"Gash+1","floor":19},{"not_picked":["Gash","Cold Snap"],"picked":"Auto Shields","floor":21},{"not_picked":["Rebound","Creative AI"],"picked":"Melter","floor":22},{"not_picked":["Beam Cell","Barrage"],"picked":"Genetic Algorithm","floor":24},{"not_picked":["Double Energy","Reinforced Body+1"],"picked":"Chill","floor":27},{"not_picked":["Streamline","Compile Driver+1"],"picked":"Beam Cell","floor":30},{"not_picked":["Darkness+1","Amplify"],"picked":"Cold Snap+1","floor":31},{"not_picked":["Amplify","Meteor Strike"],"picked":"Seek","floor":33},{"not_picked":["Aggregate+1","Storm+1"],"picked":"Go for the Eyes","floor":35},{"not_picked":["BootSequence","Self Repair+1"],"picked":"Loop+1","floor":37},{"not_picked":["Chill","Steam Power"],"picked":"Beam Cell+1","floor":38},{"not_picked":["Self Repair","Steam+1"],"picked":"Leap+1","floor":41},{"not_picked":["Go for the Eyes","Streamline+1"],"picked":"Redo+1","floor":42},{"not_picked":["Thinking Ahead","Sadistic Nature"],"picked":"Madness","floor":44}],"player_experience":414374,"relics_obtained":[{"floor":9,"key":"CeramicFish"},{"floor":10,"key":"MawBank"},{"floor":12,"key":"Odd Mushroom"},{"floor":19,"key":"Red Mask"},{"floor":26,"key":"Oddly Smooth Stone"},{"floor":34,"key":"Juzu Bracelet"},{"floor":34,"key":"Mummified Hand"},{"floor":34,"key":"Shovel"},{"floor":38,"key":"Emotion Chip"},{"floor":40,"key":"Blood Vial"},{"floor":43,"key":"War Paint"}],"event_choices":[{"damage_healed":0,"gold_gain":75,"player_choice":"Gather Gold","damage_taken":11,"max_hp_gain":0,"max_hp_loss":0,"event_name":"World of Goop","floor":2,"gold_loss":0},{"damage_healed":25,"gold_gain":0,"player_choice":"Full Heal","damage_taken":0,"max_hp_gain":0,"max_hp_loss":0,"event_name":"Wheel of Change","floor":3,"gold_loss":0},{"damage_healed":0,"gold_gain":0,"player_choice":"Grow","damage_taken":0,"max_hp_gain":0,"max_hp_loss":0,"event_name":"Living Wall","floor":7,"gold_loss":0,"cards_upgraded":["Hello World"]},{"damage_healed":0,"gold_gain":0,"player_choice":"Fought Mushrooms","damage_taken":0,"max_hp_gain":0,"max_hp_loss":0,"event_name":"Mushrooms","floor":12,"gold_loss":0},{"damage_healed":0,"gold_gain":0,"player_choice":"Fought Bandits","damage_taken":0,"max_hp_gain":0,"max_hp_loss":0,"event_name":"Masked Bandits","floor":19,"gold_loss":0},{"damage_healed":26,"gold_gain":0,"player_choice":"Heal","damage_taken":0,"max_hp_gain":0,"max_hp_loss":0,"event_name":"The Library","floor":20,"gold_loss":0},{"damage_healed":0,"gold_gain":0,"player_choice":"CARD ","damage_taken":12,"max_hp_gain":0,"max_hp_loss":0,"event_name":"Knowing Skull","floor":25,"potions_obtained":[],"gold_loss":0,"cards_obtained":["Flash of Steel"]},{"damage_healed":0,"gold_gain":0,"player_choice":"Simplicity","damage_taken":0,"max_hp_gain":0,"max_hp_loss":0,"event_name":"Back to Basics","floor":29,"gold_loss":0,"cards_upgraded":["Strike_B","Strike_B","Strike_B","Strike_B","Defend_B","Defend_B","Defend_B","Defend_B"]},{"damage_healed":0,"gold_gain":0,"player_choice":"Fight","damage_taken":0,"max_hp_gain":0,"max_hp_loss":0,"event_name":"MindBloom","floor":38,"gold_loss":0},{"damage_healed":0,"gold_gain":0,"player_choice":"Rummage","damage_taken":0,"relics_obtained":["WarpedTongs"],"max_hp_gain":0,"max_hp_loss":0,"event_name":"Accursed Blacksmith","floor":39,"gold_loss":0,"cards_obtained":["Pain"]},{"damage_healed":0,"gold_gain":0,"player_choice":"Memory 1","damage_taken":0,"max_hp_gain":0,"max_hp_loss":0,"event_name":"SensoryStone","floor":44,"gold_loss":0}],"is_beta":false,"boss_relics":[{"not_picked":["Ectoplasm","FrozenCore"],"picked":"Tiny House"},{"not_picked":["Pandora\u0027s Box","Philosopher\u0027s Stone"],"picked":"Calling Bell"}],"items_purged_floors":[],"is_endless":false,"potions_floor_spawned":[4,10,13,14,18,19,22,31,33,35,38],"killed_by":"Nemesis","ascension_level":11}}