{"host":"ne76zto1t2nsyewv","time":1607792802,"event":{"mods":["2.2 Compatiblity","AchievementEnabler","Act Like it!","BaseMod","Better Altar","Better Match","Better Note","Better Sensory Stone","Better Skull","Better Third Choice","BetterRewards","Colored Map","Colored Powertips","Energized Spire","Gensokyo","GungeonMod","Hallownest","HololiveMod","Infinite Spire","Koishi","Marisa????????","Minty Spire (QoL Compilation)","Remilia??????","Replay The Spire","Spicy Shops","StSLib","The Alterego","The Animator","The Bug Knight","The Servant 0.9.4","TheSwordswoman"],"gold_per_floor":[112,131,142,142,142,142,155,155,181,214,214,229,229,249,249,344,344,356,375,385,156,156,156,187,203,285,315,315,315,315,325,325,422,422,432,347,347,401,417,443,443,477,524,4,4,21,21,21,21,120,120,120,3,38,38],"floor_reached":56,"playtime":5294,"items_purged":["Defend_MRS","ReplayTheSpireMod:Splinters","Defend_MRS"],"score":1018,"play_id":"26dc57cd-94dc-4817-ad61-bc0de63f7c18","local_time":"20201212180642","is_ascension_mode":false,"campfire_choices":[{"data":"MilkyWay","floor":6.0,"key":"SMITH"},{"data":"MysteriousBeam","floor":8.0,"key":"SMITH"},{"data":"DoubleSpark","floor":13.0,"key":"SMITH"},{"data":"PulseMagic","floor":15.0,"key":"SMITH"},{"data":"ManaRampage","floor":23.0,"key":"SMITH"},{"data":"MillisecondPulsars","floor":28.0,"key":"SMITH"},{"floor":32.0,"key":"REST"},{"floor":41,"key":"RECALL"},{"floor":49,"key":"REST"},{"data":"OortCloud","floor":52,"key":"SMITH"}],"circlet_count":0,"master_deck":["Strike_MRS","Strike_MRS","Strike_MRS","Defend_MRS","Defend_MRS","MasterSpark","UpSweep","MilkyWay+1","MagicAbsorber+1","MysteriousBeam+1","Singularity+1","DoubleSpark+1","NonDirectionalLaser","PulseMagic+1","ManaRampage+1","GrandCross+1","AsteroidBelt","PowerUp","MysteriousBeam+1","MillisecondPulsars+1","AlicesGift","EnergyRecoil+1","LuminesStrike","UltimateShortwave+1","PowerUp+1","Hallownest:skillKingdomsEdgeMap+1","LuminesStrike+1","StarBarrage","MilkyWay+1","GalacticHalo+1","Parasite","Parasite","AlicesGift+1","OortCloud+1","Occultation+1","Pride","DeepEcoloBomb+1","StarDustReverie+1","Pot Of Greed+1","Pot Of Greed+1","Pot Of Greed+1","Pot Of Greed+1","NonDirectionalLaser+1","OrrerysSun+1"],"relics":["MiniHakkero","NeowsBlessing","Pen Nib","Blood Vial","energizedSpire:DeadBattery","DollysMirror","BreadOfAWashokuLover","Toxic Egg 2","DemoMod:RingOfEthereal","CultistMask","Runic Pyramid","HandmadeGrimoire","Replay:Wax Seal","ShroomBag","Guide Book","Regal Pillow","HandDrill","Grinning Jar","Happy Flower"],"acts_visited":["Exordium","TheCity","Hallownest:KingdomsEdge","TheEnding"],"potions_floor_usage":[35,42,50,54],"damage_taken":[{"damage":0.0,"enemies":"2 Louse","floor":1.0,"turns":1.0},{"damage":0.0,"enemies":"Jaw Worm","floor":2.0,"turns":1.0},{"damage":0.0,"enemies":"Cultist","floor":3.0,"turns":1.0},{"damage":4.0,"enemies":"Red Slaver","floor":7.0,"turns":3.0},{"damage":27.0,"enemies":"Gremlin Nob","floor":10.0,"turns":5.0},{"damage":0.0,"enemies":"Blue Slaver","floor":12.0,"turns":3.0},{"damage":0.0,"enemies":"Large Slime","floor":14.0,"turns":2.0},{"damage":9.0,"enemies":"Hexaghost","floor":16.0,"turns":7.0},{"damage":0.0,"enemies":"2 Thieves","floor":18.0,"turns":2.0},{"damage":0.0,"enemies":"Shell Parasite","floor":19.0,"turns":3.0},{"damage":0.0,"enemies":"Snecko","floor":20.0,"turns":2.0},{"damage":12.0,"enemies":"Slavers","floor":24.0,"turns":2.0},{"damage":11.0,"enemies":"Sentry and Sphere","floor":25.0,"turns":4.0},{"damage":23.0,"enemies":"HollowMod:Nosk","floor":27.0,"turns":3.0},{"damage":16.0,"enemies":"Snake Plant","floor":31.0,"turns":4.0},{"damage":34,"enemies":"Automaton","floor":33,"turns":6},{"damage":10,"enemies":"Hallownest:Shield_Heavy","floor":35,"turns":3},{"damage":6,"enemies":"Hallownest:3_Siblings","floor":39,"turns":2},{"damage":5,"enemies":"Hallownest:eliteCollector","floor":40,"turns":5},{"damage":19,"enemies":"Nightmare","floor":42,"turns":5},{"damage":12,"enemies":"Hallownest:2_Soldiers_and_1_Guardian","floor":46,"turns":3},{"damage":32,"enemies":"Hallownest:BossGreyPrinceZote","floor":50,"turns":6},{"damage":73,"enemies":"Shield and Spear","floor":54,"turns":4},{"damage":1,"enemies":"The Heart","floor":55,"turns":1}],"seed_played":"-8790302374256160756","potions_obtained":[{"floor":7.0,"key":"LiquidMemories"},{"floor":12.0,"key":"ColorlessPotion"},{"floor":14.0,"key":"Fire Potion"},{"floor":18.0,"key":"ColorlessPotion"},{"floor":20.0,"key":"PowerPotion"},{"floor":25.0,"key":"Swift Potion"},{"floor":31.0,"key":"Ancient Potion"},{"floor":39,"key":"Swift Potion"},{"floor":46,"key":"Swift Potion"},{"floor":50,"key":"Ancient Potion"}],"is_trial":false,"path_per_floor":["M","M","M","?","?","R","M","R","T","E","?","M","R","M","R_BF","B",null,"M","M","M","$","?","R","E","M","T","E","R","?","?","M","R","B",null,"M","?","?","?","M","E","R","NM","T","$","?","M","AVR","?","R","B",null,"R","$","E","B",null],"character_chosen":"MARISA","items_purchased":["DollysMirror","OortCloud","Occultation+1","Guide Book","Regal Pillow","Grinning Jar","NonDirectionalLaser+1"],"campfire_rested":2,"item_purchase_floors":[21,44,44,44,44,53,53],"current_hp_per_floor":[75,75,75,75,75,75,71,71,71,44,44,46,46,48,48,41,75,75,75,75,75,75,75,63,54,54,33,33,33,26,12,34,2,75,65,65,75,75,69,66,66,49,49,49,49,40,40,40,75,47,75,75,75,2,3],"gold":38,"neow_bonus":"THREE_ENEMY_KILL","is_daily":false,"chose_seed":false,"campfire_upgraded":7,"win_rate":0.0,"timestamp":1607792802,"path_taken":["M","M","M","?","?","R","M","R","T","E","?","?","R","M","R_BF","BOSS","M","M","M","$","?","R","E","M","T","E","R","?","?","M","R","BOSS","M","?","?","?","M","E","R","NM","T","$","?","M","AVR","?","R","BOSS","R","$","E","BOSS"],"items_purchased_type":["Relic","Card","Card","Relic","Relic","Relic","Card"],"build_version":"2020-11-30","purchased_purges":3,"victory":true,"max_hp_per_floor":[75,75,75,75,75,75,75,75,75,75,75,75,75,75,75,75,75,75,75,75,75,75,75,75,75,75,75,75,75,75,75,75,75,75,75,75,75,75,75,75,75,75,75,75,75,75,75,75,75,75,75,75,75,75,75],"card_choices":[{"not_picked":["UnstableBomb","GravityBeat"],"picked":"MilkyWay","floor":1.0},{"not_picked":["Occultation","WitchLeyline"],"picked":"MagicAbsorber","floor":2.0},{"not_picked":["LuminesStrike","EarthLightRay"],"picked":"MysteriousBeam","floor":3.0},{"not_picked":["DragonMeteor","MagicChant"],"picked":"Singularity","floor":7.0},{"not_picked":["SuperNova","SuperPerseids"],"picked":"DoubleSpark","floor":10.0},{"not_picked":["MilkyWay","GalacticHalo"],"picked":"NonDirectionalLaser","floor":12.0},{"not_picked":["Acceleration","NonDirectionalLaser"],"picked":"PulseMagic","floor":14.0},{"not_picked":["BlazingStar","SatelliteIllusion"],"picked":"ManaRampage","floor":16.0},{"not_picked":["NonDirectionalLaser","GravityBeat"],"picked":"GrandCross+1","floor":18.0},{"not_picked":["Acceleration+1","PropBag"],"picked":"AsteroidBelt","floor":19.0},{"not_picked":["FairyDestructionRay","GalacticHalo"],"picked":"PowerUp","floor":20.0},{"not_picked":["Acceleration","Occultation+1"],"picked":"MillisecondPulsars","floor":24.0},{"not_picked":["Acceleration","GravityBeat"],"picked":"AlicesGift","floor":25.0},{"not_picked":["GravityBeat","DC"],"picked":"EnergyRecoil+1","floor":27.0},{"not_picked":["RefractionSpark","Singularity"],"picked":"LuminesStrike","floor":31.0},{"not_picked":["MillisecondPulsars","ManaRampage+1"],"picked":"UltimateShortwave+1","floor":33},{"not_picked":["ChargingUp+1","DoubleSpark+1"],"picked":"PowerUp+1","floor":35},{"not_picked":["GravityBeat","Robbery"],"picked":"LuminesStrike+1","floor":38},{"not_picked":["ChargeUpSpray","PowerUp+1"],"picked":"StarBarrage","floor":38},{"not_picked":["SuperPerseids+1","ChargingUp+1"],"picked":"MilkyWay+1","floor":39},{"not_picked":["OneTimeOff+1","DC+1"],"picked":"GalacticHalo+1","floor":40},{"not_picked":["GalacticHalo+1","OpenUniverse+1"],"picked":"AlicesGift+1","floor":42},{"not_picked":["IllusionStar+1","EnergyRecoil+1"],"picked":"DeepEcoloBomb+1","floor":46},{"not_picked":["MillisecondPulsars","EscapeVelocity"],"picked":"StarDustReverie+1","floor":50},{"not_picked":["Acceleration+1","SprinkleStarSeal+1"],"picked":"OrrerysSun+1","floor":54}],"player_experience":765236,"relics_obtained":[{"floor":9.0,"key":"Pen Nib"},{"floor":10.0,"key":"Blood Vial"},{"floor":24.0,"key":"BreadOfAWashokuLover"},{"floor":26.0,"key":"Toxic Egg 2"},{"floor":27.0,"key":"DemoMod:RingOfEthereal"},{"floor":38,"key":"HandmadeGrimoire"},{"floor":40,"key":"Replay:Wax Seal"},{"floor":42,"key":"ShroomBag"},{"floor":54,"key":"Happy Flower"}],"event_choices":[{"damage_healed":0.0,"max_hp_gain":0.0,"max_hp_loss":0.0,"gold_gain":1.0,"event_name":"betterThird:BetterScrap","player_choice":"LEAVE","floor":4.0,"gold_loss":0.0,"damage_taken":0.0,"cards_obtained":["Noxious Fumes"]},{"cards_removed":["Strike_MRS"],"damage_healed":0.0,"max_hp_gain":0.0,"max_hp_loss":0.0,"gold_gain":0.0,"event_name":"Purifier","player_choice":"Purged","floor":11.0,"gold_loss":0.0,"damage_taken":0.0},{"damage_healed":4.0,"max_hp_gain":0.0,"max_hp_loss":0.0,"gold_gain":0.0,"event_name":"betterSkull:BetterSkull","player_choice":"LEAVE ","floor":22.0,"gold_loss":0.0,"damage_taken":0.0,"cards_upgraded":[],"relics_obtained":[]},{"damage_healed":0.0,"max_hp_gain":0.0,"max_hp_loss":0.0,"gold_gain":0.0,"event_name":"FaceTrader","player_choice":"Trade","floor":29.0,"gold_loss":0.0,"damage_taken":0.0,"relics_obtained":["CultistMask"]},{"damage_healed":0.0,"max_hp_gain":0.0,"max_hp_loss":0.0,"gold_gain":0.0,"event_name":"Wheel of Change","player_choice":"Damaged","floor":30.0,"gold_loss":0.0,"damage_taken":7.0}],"is_beta":false,"boss_relics":[{"not_picked":["Calling Bell","energizedSpire:CursedPentagram"],"picked":"energizedSpire:DeadBattery"},{"not_picked":["ChewingGum","energizedSpire:SpiderWeb"],"picked":"Runic Pyramid"}],"items_purged_floors":[21,44,47],"is_endless":false,"potions_floor_spawned":[7,12,14,18,20,25,31,39,46,50],"ascension_level":0}}