{"host":"2461dio7vetlq1z3","time":1607777174,"event":{"mods":["AchievementEnabler","Aspiration","BaseMod","Hermit","Lobotomy","Minty Spire (QoL Compilation)","Relic Stats","Spicy Shops","StSLib","Waifu the Spire"],"gold_per_floor":[115,115,40,40,61,95,95,111,161,161,211,211,251,251,251,372,372,385,58,72,0,19,63,86,124,124,157,157,157],"floor_reached":28,"playtime":1612,"items_purged":["hermit:Strike_Hermit","hermit:Strike_Hermit"],"score":443,"play_id":"0ae26aaf-f1fe-4851-a859-bde07200ecb8","local_time":"20201212134614","is_ascension_mode":true,"campfire_choices":[{"data":"hermit:CursedWeapon","floor":7,"key":"SMITH"},{"data":"hermit:Roulette","floor":10,"key":"SMITH"},{"data":"hermit:FatalDesire","floor":12,"key":"SMITH"},{"data":"hermit:ShadowCloak","floor":15,"key":"SMITH"}],"circlet_count":0,"master_deck":["hermit:Strike_Hermit","hermit:Defend_Hermit","hermit:Defend_Hermit","hermit:Defend_Hermit","hermit:Defend_Hermit+1","hermit:Snapshot","hermit:Covet+1","CurseOfTheBell","hermit:CursedWeapon+1","Injury","hermit:LoneWolf","hermit:FatalDesire+1","hermit:Roulette+1","hermit:ShadowCloak+1","Pain","hermit:OverwhelmingPower","hermit:ShadowCloak","hermit:Malice","hermit:Midnight","hermit:Roulette+1","hermit:Dissolve","hermit:Adapt"],"relics":["Calling Bell","War Paint","Letter Opener","Ice Cream","Golden Idol","MealTicket","Nunchaku","TungstenRod","WarpedTongs","aspiration:RunicSpoon","Gambling Chip","Du-Vu Doll","Strawberry","Mango","Darkstone Periapt","Incense Burner"],"acts_visited":["Exordium","TheCity"],"potions_floor_usage":[20,24,28],"damage_taken":[{"damage":0,"enemies":"Small Slimes","floor":1,"turns":4},{"damage":4,"enemies":"Jaw Worm","floor":5,"turns":4},{"damage":29,"enemies":"Lagavulin","floor":6,"turns":9},{"damage":3,"enemies":"Cultist","floor":8,"turns":4},{"damage":12,"enemies":"Gremlin Nob","floor":13,"turns":3},{"damage":1,"enemies":"The Guardian","floor":16,"turns":7},{"damage":4,"enemies":"Spheric Guardian","floor":18,"turns":3},{"damage":14,"enemies":"2 Thieves","floor":20,"turns":3},{"damage":1,"enemies":"Snecko","floor":22,"turns":3},{"damage":35,"enemies":"Slavers","floor":23,"turns":5},{"damage":17,"enemies":"Snake Plant","floor":24,"turns":3},{"damage":7,"enemies":"Gremlin Leader","floor":25,"turns":6},{"damage":10,"enemies":"Book of Stabbing","floor":27,"turns":5},{"damage":30,"enemies":"Centurion and Healer","floor":28,"turns":2}],"seed_played":"-5037803311504573856","potions_obtained":[{"floor":6,"key":"ColorlessPotion"},{"floor":8,"key":"Explosive Potion"},{"floor":13,"key":"Block Potion"},{"floor":20,"key":"Block Potion"},{"floor":25,"key":"CultistPotion"}],"is_trial":false,"path_per_floor":["M","?","$","?","M","E","R","M","T","R","?","R","E","?","R","B",null,"M","$","M","$","M","E","M","E","T","E","M"],"character_chosen":"HERMIT","items_purchased":["Gambling Chip","hermit:Malice","Du-Vu Doll"],"campfire_rested":0,"item_purchase_floors":[19,19,21],"current_hp_per_floor":[75,75,75,75,71,42,42,39,39,39,39,39,27,27,27,26,63,59,74,60,75,74,46,29,36,36,26,0,0],"gold":157,"neow_bonus":"BOSS_RELIC","is_daily":false,"chose_seed":false,"campfire_upgraded":4,"win_rate":0.0,"timestamp":1607777174,"path_taken":["M","?","$","?","M","E","R","?","T","R","?","R","E","?","R","BOSS","M","$","M","$","M","E","?","E","T","E","M"],"items_purchased_type":["Relic","Card","Relic"],"build_version":"2020-11-30","purchased_purges":2,"victory":false,"max_hp_per_floor":[75,75,75,75,75,75,75,75,75,75,75,75,75,75,75,75,75,75,75,75,75,75,82,82,96,96,96,96,96],"relic_stats":{"Darkstone Periapt":0,"Nunchaku":[6],"counters":[14,61],"Golden Idol":85,"aspiration:RunicSpoon":[38],"Gambling Chip":[18],"MealTicket":30,"Letter Opener":[92],"War Paint":["hermit:Covet","hermit:Defend_Hermit"],"obtain_stats":[{"Ice Cream":0,"Darkstone Periapt":26,"Golden Idol":2,"aspiration:RunicSpoon":17,"Mango":25,"Incense Burner":27,"Letter Opener":0,"War Paint":0,"WarpedTongs":14,"Calling Bell":0,"Du-Vu Doll":21,"Nunchaku":9,"Gambling Chip":19,"Strawberry":23,"MealTicket":6,"hermit:Momento":0,"TungstenRod":13},{"Ice Cream":0,"Darkstone Periapt":12,"Golden Idol":1,"aspiration:RunicSpoon":6,"Mango":12,"Incense Burner":13,"Letter Opener":0,"War Paint":0,"WarpedTongs":5,"Calling Bell":0,"Du-Vu Doll":8,"Nunchaku":4,"Gambling Chip":7,"Strawberry":10,"MealTicket":3,"hermit:Momento":0,"TungstenRod":5},{"Ice Cream":0,"Darkstone Periapt":54,"Golden Idol":4,"aspiration:RunicSpoon":31,"Mango":54,"Incense Burner":59,"Letter Opener":0,"War Paint":0,"WarpedTongs":24,"Calling Bell":0,"Du-Vu Doll":37,"Nunchaku":21,"Gambling Chip":34,"Strawberry":45,"MealTicket":17,"hermit:Momento":0,"TungstenRod":24}],"TungstenRod":82,"WarpedTongs":[35]},"card_choices":[{"not_picked":["hermit:Gestalt","hermit:BodyArmor"],"picked":"hermit:CursedWeapon","floor":1},{"not_picked":["hermit:BodyArmor","hermit:EyeOfTheStorm"],"picked":"hermit:LoneWolf","floor":5},{"not_picked":["hermit:EyeOfTheStorm","hermit:Virtue"],"picked":"hermit:FatalDesire","floor":6},{"not_picked":["hermit:LowProfile","hermit:Glare"],"picked":"hermit:Roulette","floor":8},{"not_picked":["hermit:Malice","hermit:Magnum"],"picked":"hermit:ShadowCloak","floor":13},{"not_picked":["hermit:Gambit","hermit:Reprieve"],"picked":"hermit:OverwhelmingPower","floor":16},{"not_picked":["hermit:PistolWhip","hermit:Coalescence+1"],"picked":"hermit:ShadowCloak","floor":18},{"not_picked":["hermit:ItchyTrigger+1","hermit:Ricochet"],"picked":"hermit:Midnight","floor":20},{"not_picked":["hermit:Quickdraw","hermit:Desperado+1"],"picked":"hermit:Roulette+1","floor":22},{"not_picked":["hermit:Cheat","hermit:WideOpen"],"picked":"hermit:Dissolve","floor":23},{"not_picked":["hermit:TakeCover","hermit:SprayPray","hermit:Coalescence"],"picked":"SKIP","floor":24},{"not_picked":["hermit:HighNoon","hermit:Horror","hermit:Misfire+1"],"picked":"SKIP","floor":25},{"not_picked":["hermit:Roughhouse","hermit:TrackingShot"],"picked":"hermit:Adapt","floor":27}],"player_experience":643340,"relics_obtained":[{"floor":0,"key":"War Paint"},{"floor":0,"key":"Letter Opener"},{"floor":0,"key":"Ice Cream"},{"floor":6,"key":"MealTicket"},{"floor":9,"key":"Nunchaku"},{"floor":13,"key":"TungstenRod"},{"floor":23,"key":"Strawberry"},{"floor":25,"key":"Mango"},{"floor":26,"key":"Darkstone Periapt"},{"floor":27,"key":"Incense Burner"}],"event_choices":[{"damage_healed":0,"gold_gain":0,"player_choice":"Take Wound","damage_taken":0,"relics_obtained":["Golden Idol"],"max_hp_gain":0,"max_hp_loss":0,"event_name":"Golden Idol","floor":2,"gold_loss":0,"cards_obtained":["Injury"]},{"cards_removed":["hermit:Strike_Hermit"],"damage_healed":0,"gold_gain":0,"player_choice":"Offered Basic","damage_taken":0,"max_hp_gain":0,"max_hp_loss":0,"event_name":"Bonfire Elementals","floor":4,"gold_loss":0},{"damage_healed":0,"gold_gain":50,"player_choice":"Gained Gold","damage_taken":0,"max_hp_gain":0,"max_hp_loss":0,"event_name":"Golden Wing","floor":11,"gold_loss":0},{"damage_healed":0,"gold_gain":0,"player_choice":"Rummage","damage_taken":0,"relics_obtained":["WarpedTongs"],"max_hp_gain":0,"max_hp_loss":0,"event_name":"Accursed Blacksmith","floor":14,"gold_loss":0,"cards_obtained":["Pain"]}],"is_beta":false,"boss_relics":[{"not_picked":["hermit:DentedPlate","Runic Dome"],"picked":"aspiration:RunicSpoon"}],"items_purged_floors":[3,19],"is_endless":false,"potions_floor_spawned":[6,8,13,20,23,25],"killed_by":"Centurion and Healer","ascension_level":5}}