{"host":"91qk9v3o49otpvon","time":1607809618,"event":{"mods":["A Magickal Journey","Act Like it!","Astrologer","BaseMod","Downfall","Elementarium","Fireblade Mod","GungeonMod","Hallownest","Hermit","JesterMod","Luminous","Minty Spire (QoL Compilation)","Quick Restart","Remilia??????","SOS???????","StSLib","The Animator","The Bug Knight","The Exalted","The Judge","The Kombatant","The Necromancer","The Servant 0.9.4","The Wild Card","TheHero","TheSwordswoman"],"gold_per_floor":[112,131,131,131,147,147,147],"floor_reached":6,"playtime":386,"items_purged":[],"score":36,"play_id":"0dde0860-9383-45a3-8bc8-615a909e206a","local_time":"20201212214658","is_ascension_mode":false,"campfire_choices":[],"circlet_count":0,"master_deck":["Luminous:Light_Flash_Shower","Luminous:Light_Flash_Shower","Luminous:Light_Flash_Shower","Luminous:Dark_Abyssal_Drop","Luminous:Dark_Abyssal_Drop","Luminous:Dark_Abyssal_Drop","Luminous:Defend_Luminous","Luminous:Defend_Luminous","Luminous:Defend_Luminous","Luminous:Defend_Luminous","Luminous:Switch_Luminous+1","Luminous:Sympathy_Luminous","Luminous:Blinding_Pillar_Luminous","Luminous:Light_Disperse"],"relics":["Luminous:MirrorRelic"],"acts_visited":["Exordium"],"potions_floor_usage":[6,6],"damage_taken":[{"damage":3,"enemies":"Jaw Worm","floor":1,"turns":4},{"damage":8,"enemies":"2 Louse","floor":2,"turns":3},{"damage":0,"enemies":"Small Slimes","floor":5,"turns":4},{"damage":83,"enemies":"3 Sentries","floor":6,"turns":12}],"seed_played":"-5807009246360946220","potions_obtained":[{"floor":2,"key":"sneckomod:MuddlingPotion"},{"floor":5,"key":"Explosive Potion"}],"is_trial":false,"path_per_floor":["M","M","?","?","M","E"],"character_chosen":"LuminousClass","items_purchased":[],"campfire_rested":0,"item_purchase_floors":[],"current_hp_per_floor":[79,71,71,82,82,0,0],"gold":147,"neow_bonus":"TEN_PERCENT_HP_BONUS","is_daily":false,"chose_seed":false,"campfire_upgraded":0,"win_rate":0.0,"timestamp":1607809618,"path_taken":["M","M","?","?","M","E"],"items_purchased_type":[],"build_version":"2020-11-30","purchased_purges":0,"victory":false,"max_hp_per_floor":[82,82,82,82,82,82,82],"card_choices":[{"not_picked":["Luminous:Phantom_Treasure_Luminous","Luminous:Lunar_Tide_Luminous"],"picked":"Luminous:Sympathy_Luminous","floor":1},{"not_picked":["Luminous:Light_Wash_Luminous","Luminous:Tune_Luminous"],"picked":"Luminous:Blinding_Pillar_Luminous","floor":2},{"not_picked":["Luminous:Dark_Apocalypse","Luminous:Magic_Accelerate_Luminous"],"picked":"Luminous:Light_Disperse","floor":5}],"player_experience":211891,"relics_obtained":[],"event_choices":[{"damage_healed":0,"gold_gain":0,"player_choice":"Grow","damage_taken":0,"max_hp_gain":0,"max_hp_loss":0,"event_name":"Living Wall","floor":3,"gold_loss":0,"cards_upgraded":["Luminous:Switch_Luminous"]},{"damage_healed":27,"gold_gain":0,"player_choice":"Banana","damage_taken":0,"max_hp_gain":0,"max_hp_loss":0,"event_name":"Big Fish","floor":4,"gold_loss":0}],"is_beta":false,"boss_relics":[],"items_purged_floors":[],"is_endless":false,"potions_floor_spawned":[2,5],"killed_by":"3 Sentries","ascension_level":0}}