{"host":"qqjv58wfhopf6ysa","time":1607762517,"event":{"mods":["AchievementEnabler","Aspiration","BaseMod","Conspire","Hubris","Infinite Spire","Minty Spire (QoL Compilation)","Quick Restart","Replay The Spire","StSLib","SuperFastMode","vexMod"],"gold_per_floor":[110,285,157,157,168,168,180,180,180,180,180,195,195,208,208,208,208],"floor_reached":16,"playtime":2075,"items_purged":["Doubt"],"score":90,"play_id":"cff84f3b-8d65-402f-80de-080f7867ee56","local_time":"20201212174157","is_ascension_mode":false,"campfire_choices":[{"data":"Redo","floor":6,"key":"SMITH"},{"data":"Zap","floor":8,"key":"SMITH"},{"data":"Dualcast","floor":13,"key":"SMITH"},{"data":"FTL","floor":15,"key":"SMITH"}],"circlet_count":0,"master_deck":["Strike_B","Strike_B","Strike_B","Strike_B","Defend_B","Defend_B","Defend_B","Defend_B","Zap+1","Dualcast+1","FTL+1","Redo+1"],"relics":["Cracked Core","aspiration:Nostalgia","Ring of the Snake","infinitespire:ShieldingShard","Golden Idol","Replay:Wax Seal"],"acts_visited":["Exordium"],"potions_floor_usage":[],"damage_taken":[{"damage":0,"enemies":"Cultist","floor":1,"turns":3},{"damage":0,"enemies":"Jaw Worm","floor":5,"turns":4},{"damage":0,"enemies":"Small Slimes","floor":7,"turns":3},{"damage":2,"enemies":"Looter","floor":12,"turns":3},{"damage":0,"enemies":"3 Louse","floor":14,"turns":1},{"damage":63,"enemies":"Fading Forest","floor":16,"turns":10}],"seed_played":"-1344737535412009615","potions_obtained":[{"floor":1,"key":"Dexterity Potion"},{"floor":7,"key":"Death Potion"}],"is_trial":false,"path_per_floor":["M","?","$","?","M","R","M","R","T","?","?","M","R","M","R","B"],"character_chosen":"DEFECT","items_purchased":["Redo"],"campfire_rested":0,"item_purchase_floors":[3],"current_hp_per_floor":[75,75,75,75,75,75,75,75,75,69,57,55,55,55,55,0,0],"gold":208,"neow_bonus":"NOSTALGIA","is_daily":false,"chose_seed":false,"campfire_upgraded":4,"win_rate":0.0,"timestamp":1607762517,"path_taken":["M","?","$","?","?","R","M","R","T","?","?","M","R","M","R","BOSS"],"items_purchased_type":["Card"],"build_version":"2020-11-30","purchased_purges":1,"victory":false,"max_hp_per_floor":[75,75,75,75,75,75,75,75,75,69,69,69,69,69,69,69,69],"card_choices":[{"not_picked":["Steam","Leap"],"picked":"FTL","floor":1},{"not_picked":["Rebound","FTL","Sweeping Beam"],"picked":"SKIP","floor":5},{"not_picked":["BasicCrystalCard","Chill","Undo"],"picked":"SKIP","floor":7},{"not_picked":["Reprogram","BasicCrystalCard","Ball Lightning"],"picked":"SKIP","floor":12},{"not_picked":["Rebound","Steam","Cold Snap"],"picked":"SKIP","floor":14}],"player_experience":315764,"relics_obtained":[{"floor":9,"key":"infinitespire:ShieldingShard"}],"event_choices":[{"damage_healed":0,"gold_gain":175,"player_choice":"AGREE","damage_taken":0,"max_hp_gain":0,"max_hp_loss":0,"event_name":"Liars Game","floor":2,"gold_loss":0,"cards_obtained":["Doubt"]},{"damage_healed":0,"gold_gain":0,"player_choice":"Ignored","damage_taken":0,"max_hp_gain":0,"max_hp_loss":0,"event_name":"NoteForYourself","floor":4,"gold_loss":0},{"damage_healed":0,"gold_gain":0,"player_choice":"Lose Max HP","damage_taken":0,"relics_obtained":["Golden Idol"],"max_hp_gain":0,"max_hp_loss":6,"event_name":"Golden Idol","floor":10,"gold_loss":0},{"damage_healed":0,"gold_gain":0,"player_choice":"Success","damage_taken":12,"relics_obtained":["Replay:Wax Seal"],"max_hp_gain":0,"max_hp_loss":0,"event_name":"Scrap Ooze","floor":11,"gold_loss":0}],"is_beta":false,"boss_relics":[],"items_purged_floors":[3],"is_endless":false,"potions_floor_spawned":[1,7],"killed_by":"Fading Forest","ascension_level":0}}