{"host":"fevvm7bbzuh4s1jc","time":1607752520,"event":{"mods":["BaseMod","Highlight Path","Minty Spire (QoL Compilation)","Relic Stats"],"gold_per_floor":[110,110,110,125,149,185,185,220,272,288,302,302,302,315,315,410,410,435,435,435,385,408,439,439,460,460,495,137,150,194,218,218,218,218],"floor_reached":33,"playtime":2114,"items_purged":["Strike_B"],"score":654,"play_id":"66a449b9-86fc-4551-ab03-e47877b6050d","local_time":"20201212005520","is_ascension_mode":true,"campfire_choices":[{"floor":7,"key":"REST"},{"data":"Self Repair","floor":12,"key":"SMITH"},{"data":"Tempest","floor":15,"key":"SMITH"},{"data":"Reboot","floor":24,"key":"SMITH"},{"data":"Defragment","floor":32,"key":"SMITH"}],"circlet_count":0,"master_deck":["AscendersBane","Strike_B","Strike_B","Strike_B","Defend_B","Defend_B","Defend_B","Defend_B","Zap","Dualcast","Self Repair+1","Compile Driver","Tempest+1","Barrage+1","Glacier","Doom and Gloom+1","Hologram","Thunder Strike+1","Biased Cognition+1","Defragment+1","Ghostly","Ghostly","Ghostly","Sweeping Beam+1","Reboot+1","Reinforced Body","Recycle","Undo","Coolheaded"],"relics":["Cracked Core","Golden Idol","Molten Egg 2","Centennial Puzzle","Regal Pillow","Coffee Dripper","Bottled Lightning","Frozen Egg 2","Sundial","Membership Card","Potion Belt","Art of War"],"acts_visited":["Exordium","TheCity"],"potions_floor_usage":[6,13,13,22,23,30,33,33],"damage_taken":[{"damage":10,"enemies":"2 Louse","floor":1,"turns":3},{"damage":2,"enemies":"Cultist","floor":4,"turns":4},{"damage":11,"enemies":"Small Slimes","floor":5,"turns":3},{"damage":55,"enemies":"3 Sentries","floor":6,"turns":8},{"damage":25,"enemies":"Lagavulin","floor":8,"turns":7},{"damage":2,"enemies":"Blue Slaver","floor":10,"turns":4},{"damage":1,"enemies":"2 Fungi Beasts","floor":11,"turns":3},{"damage":12,"enemies":"3 Sentries","floor":13,"turns":4},{"damage":4,"enemies":"Red Slaver","floor":14,"turns":4},{"damage":27,"enemies":"Hexaghost","floor":16,"turns":9},{"damage":18,"enemies":"2 Thieves","floor":18,"turns":4},{"damage":7,"enemies":"3 Byrds","floor":22,"turns":4},{"damage":22,"enemies":"Slavers","floor":23,"turns":6},{"damage":3,"enemies":"Snake Plant","floor":25,"turns":4},{"damage":13,"enemies":"Book of Stabbing","floor":27,"turns":4},{"damage":0,"enemies":"Snecko","floor":29,"turns":5},{"damage":12,"enemies":"Gremlin Leader","floor":30,"turns":6},{"damage":0,"enemies":"Centurion and Healer","floor":31,"turns":6},{"damage":39,"enemies":"Collector","floor":33,"turns":7}],"seed_played":"-1535257868623522896","potions_obtained":[{"floor":1,"key":"ColorlessPotion"},{"floor":6,"key":"GamblersBrew"},{"floor":11,"key":"SmokeBomb"},{"floor":14,"key":"Ancient Potion"},{"floor":16,"key":"Weak Potion"},{"floor":22,"key":"Swift Potion"},{"floor":25,"key":"SpeedPotion"},{"floor":31,"key":"FocusPotion"}],"is_trial":false,"path_per_floor":["M","?","?","M","M","E","R","E","T","M","M","R","E","M","R","B",null,"M","?","?","?","M","E","R","M","T","E","$","M","E","M","R","B"],"character_chosen":"DEFECT","items_purchased":["Membership Card","Potion Belt","Undo","PowerPotion","SkillPotion"],"campfire_rested":1,"item_purchase_floors":[28,28,28,28,28],"current_hp_per_floor":[61,61,61,66,62,14,35,17,17,22,28,28,26,32,32,15,57,49,35,35,35,35,23,23,30,30,27,27,35,33,35,35,0,0],"gold":218,"neow_bonus":"TEN_PERCENT_HP_BONUS","is_daily":false,"chose_seed":false,"campfire_upgraded":4,"win_rate":0.0,"timestamp":1607752520,"path_taken":["M","?","?","M","M","E","R","E","T","M","?","R","E","M","R","BOSS","M","?","?","?","M","E","R","M","T","E","$","?","E","M","R","BOSS"],"items_purchased_type":["Relic","Relic","Card","Potion","Potion"],"build_version":"2020-11-30","purchased_purges":1,"victory":false,"max_hp_per_floor":[78,71,71,71,71,71,71,71,71,71,71,71,71,71,71,71,71,71,35,35,35,35,35,35,35,35,35,35,35,35,35,35,35,35],"relic_stats":{"Centennial Puzzle":[36],"Regal Pillow":0,"counters":[19,95],"Golden Idol":100,"Sundial":[4],"Art of War":[3],"obtain_stats":[{"Potion Belt":28,"Centennial Puzzle":8,"Regal Pillow":9,"Golden Idol":2,"Sundial":27,"Molten Egg 2":6,"Coffee Dripper":17,"Art of War":30,"Bottled Lightning":23,"Membership Card":28,"Frozen Egg 2":26,"Cracked Core":0},{"Potion Belt":15,"Centennial Puzzle":5,"Regal Pillow":5,"Golden Idol":1,"Sundial":15,"Molten Egg 2":4,"Coffee Dripper":10,"Art of War":17,"Bottled Lightning":13,"Membership Card":15,"Frozen Egg 2":14,"Cracked Core":0},{"Potion Belt":71,"Centennial Puzzle":25,"Regal Pillow":25,"Golden Idol":3,"Sundial":71,"Molten Egg 2":18,"Coffee Dripper":49,"Art of War":82,"Bottled Lightning":63,"Membership Card":71,"Frozen Egg 2":67,"Cracked Core":0}]},"card_choices":[{"not_picked":["Chaos","Stack"],"picked":"Self Repair","floor":1},{"not_picked":["Redo","Barrage"],"picked":"Compile Driver","floor":4},{"not_picked":["Hologram","Melter"],"picked":"Tempest","floor":5},{"not_picked":["Double Energy","Chaos"],"picked":"Barrage+1","floor":6},{"not_picked":["Loop","Sunder+1"],"picked":"Glacier","floor":8},{"not_picked":["Rip and Tear+1","Chaos"],"picked":"Doom and Gloom+1","floor":10},{"not_picked":["Gash+1","Scrape+1"],"picked":"Hologram","floor":11},{"not_picked":["Barrage+1","Loop"],"picked":"Thunder Strike+1","floor":14},{"not_picked":["Rainbow","Echo Form"],"picked":"Biased Cognition","floor":16},{"not_picked":["Coolheaded","Loop"],"picked":"Defragment","floor":18},{"not_picked":["Double Energy","Barrage+1"],"picked":"Sweeping Beam+1","floor":22},{"not_picked":["FTL+1","Stack"],"picked":"Reboot","floor":23},{"not_picked":["Chaos","Sweeping Beam+1"],"picked":"Reinforced Body","floor":25},{"not_picked":["Blizzard+1","Scrape+1"],"picked":"Recycle","floor":27},{"not_picked":["Ball Lightning+1","Conserve Battery"],"picked":"Coolheaded","floor":29},{"not_picked":["Redo+1","Hyperbeam+1","Cold Snap+1"],"picked":"SKIP","floor":30},{"not_picked":["Beam Cell+1","Reprogram","Leap"],"picked":"SKIP","floor":31}],"player_experience":2536084,"relics_obtained":[{"floor":6,"key":"Molten Egg 2"},{"floor":8,"key":"Centennial Puzzle"},{"floor":9,"key":"Regal Pillow"},{"floor":23,"key":"Bottled Lightning"},{"floor":26,"key":"Frozen Egg 2"},{"floor":27,"key":"Sundial"},{"floor":30,"key":"Art of War"}],"event_choices":[{"damage_healed":0,"gold_gain":0,"player_choice":"Lose Max HP","damage_taken":0,"relics_obtained":["Golden Idol"],"max_hp_gain":0,"max_hp_loss":7,"event_name":"Golden Idol","floor":2,"gold_loss":0},{"damage_healed":0,"gold_gain":0,"player_choice":"0 cards matched","damage_taken":0,"max_hp_gain":0,"max_hp_loss":0,"event_name":"Match and Keep!","floor":3,"gold_loss":0,"cards_obtained":[]},{"damage_healed":0,"gold_gain":0,"player_choice":"Became a Ghost","damage_taken":0,"max_hp_gain":0,"max_hp_loss":36,"event_name":"Ghosts","floor":19,"gold_loss":0,"cards_obtained":["Ghostly","Ghostly","Ghostly"]},{"damage_healed":0,"gold_gain":0,"player_choice":"Ignored","damage_taken":0,"max_hp_gain":0,"max_hp_loss":0,"event_name":"The Mausoleum","floor":20,"gold_loss":0},{"damage_healed":0,"gold_gain":0,"player_choice":"Upgrade","damage_taken":0,"max_hp_gain":0,"max_hp_loss":0,"event_name":"Designer","floor":21,"gold_loss":50,"cards_upgraded":["Biased Cognition"]}],"is_beta":false,"boss_relics":[{"not_picked":["FrozenCore","SacredBark"],"picked":"Coffee Dripper"}],"items_purged_floors":[28],"is_endless":false,"potions_floor_spawned":[1,6,11,14,16,22,25,27,31],"killed_by":"Collector","ascension_level":20}}