{"host":"gc6vr5n3q8f0hswe","time":1607795675,"event":{"mods":["Act Like it!","Aspiration","BaseMod","Better Altar","Better Sensory Stone","Better Third Choice","Block Reminder","Conspire","Gensokyo","Hallownest","Highlight Path","Hubris","Infinite Spire","Lobotomy","LobotomyExtend","MarisaÅiñ∂âJÅ@ñÇóùçπÅj","Minty Spire (QoL Compilation)","Pale of the Ancients","Relic Stats","Replay The Spire","Somnambulant","StSLib","The Alterego","The Bug Knight","The Jungle","The Poker Player","The Wild Card","Uncapped","Wandering Minibosses","vexMod"],"gold_per_floor":[114,125,39,39,39,64,10,10,10],"floor_reached":8,"playtime":468,"items_purged":[],"score":69,"play_id":"eb1c9047-7e05-4c91-9675-82f3903d3956","local_time":"20201212175435","is_ascension_mode":true,"campfire_choices":[],"circlet_count":0,"master_deck":["Strike_MRS","Strike_MRS","Strike_MRS","Strike_MRS","Defend_MRS","Defend_MRS","Defend_MRS","Defend_MRS","MasterSpark","UpSweep","BlazeAway","conspire:Banana","EnergyRecoil","WitchOfGreed"],"relics":["MiniHakkero","aspiration:Nostalgia","m_SpellCore","LetterFromLob","Gensokyo:CelestialsFlawlessClothing","hubris:FunFungus"],"acts_visited":["Exordium"],"potions_floor_usage":[8],"damage_taken":[{"damage":3,"enemies":"Gensokyo:3_Fairies","floor":1,"turns":4},{"damage":9,"enemies":"Gensokyo:Gryphon","floor":2,"turns":3},{"damage":2,"enemies":"Gensokyo:Mamizou","floor":6,"turns":7},{"damage":83,"enemies":"Gensokyo:Cirno","floor":8,"turns":13}],"seed_played":"-5446426056568589068","potions_obtained":[{"floor":2,"key":"BottledSpark"}],"is_trial":false,"path_per_floor":["M","M","$","?","?","E","$","E"],"character_chosen":"MARISA","items_purchased":["conspire:Banana","WitchOfGreed"],"campfire_rested":0,"item_purchase_floors":[3,7],"current_hp_per_floor":[65,56,56,56,38,37,37,0,0],"gold":10,"neow_bonus":"NOSTALGIA","is_daily":false,"chose_seed":false,"campfire_upgraded":0,"win_rate":0.0,"timestamp":1607795675,"path_taken":["M","M","$","?","?","E","$","E"],"items_purchased_type":["Card","Card"],"build_version":"2020-11-30","purchased_purges":0,"victory":false,"max_hp_per_floor":[75,75,75,75,75,76,76,77,77],"relic_stats":{"counters":[4,26],"obtain_stats":[{"m_SpellCore":0,"aspiration:Nostalgia":0,"hubris:FunFungus":6,"LetterFromLob":1,"MiniHakkero":0,"Gensokyo:CelestialsFlawlessClothing":5},{"m_SpellCore":0,"aspiration:Nostalgia":0,"hubris:FunFungus":3,"LetterFromLob":1,"MiniHakkero":0,"Gensokyo:CelestialsFlawlessClothing":2},{"m_SpellCore":0,"aspiration:Nostalgia":0,"hubris:FunFungus":14,"LetterFromLob":4,"MiniHakkero":0,"Gensokyo:CelestialsFlawlessClothing":7}]},"card_choices":[{"not_picked":["DoubleSpark","Redo"],"picked":"BlazeAway","floor":1},{"not_picked":["SporeBomb","BasicCrystalCard","ChargeUpSpray"],"picked":"SKIP","floor":2},{"not_picked":["FTL","NonDirectionalLaser"],"picked":"EnergyRecoil","floor":4},{"not_picked":["PowerUp","NonDirectionalLaser","MilkyWay"],"picked":"SKIP","floor":6}],"player_experience":458658,"relics_obtained":[{"floor":1,"key":"LetterFromLob"},{"floor":6,"key":"hubris:FunFungus"}],"event_choices":[],"is_beta":false,"boss_relics":[],"items_purged_floors":[],"is_endless":false,"potions_floor_spawned":[2],"killed_by":"Gensokyo:Cirno","ascension_level":7}}