{"host":"hemshb5b6cie9gjx","time":1607741526,"event":{"gold_per_floor":[113,153,7,21,0,0,14,14,63,80,60,73,92,92,92,92,92],"floor_reached":16,"playtime":523,"items_purged":["Defend_P"],"score":96,"play_id":"dcbe193b-53b3-49ed-ae7a-490dfa39af16","local_time":"20201212135206","is_ascension_mode":false,"campfire_choices":[{"data":"Crystallizer","floor":6,"key":"SMITH"},{"floor":8,"key":"REST"},{"floor":15,"key":"REST"}],"neow_cost":"BASIC_CARDS","seed_source_timestamp":11149158529736,"circlet_count":0,"master_deck":["Strike_B","Strike_B","Strike_B","Strike_B","Defend_B","Defend_B","Defend_B","Defend_B","Zap","Dualcast","Strike_G","Transmutation","Crystallizer+1","Cold Snap","Loop","Enlightenment","Time Bomb","BasicCrystalCard","Panic Button","Cold Snap"],"relics":["Cracked Core","Lantern"],"potions_floor_usage":[12,14],"damage_taken":[{"damage":20,"enemies":"Jaw Worm","floor":1,"turns":6},{"damage":0,"enemies":"2 Louse","floor":2,"turns":3},{"damage":12,"enemies":"Cultist","floor":4,"turns":5},{"damage":23,"enemies":"Exordium Thugs","floor":7,"turns":4},{"damage":14,"enemies":"Blue Slaver","floor":10,"turns":3},{"damage":3,"enemies":"2 Fungi Beasts","floor":12,"turns":3},{"damage":32,"enemies":"Exordium Thugs","floor":13,"turns":6},{"damage":0,"enemies":"Exordium Wildlife","floor":14,"turns":1},{"damage":31,"enemies":"Fading Forest","floor":16,"turns":7}],"seed_played":"-2030721283960275415","potions_obtained":[{"floor":1,"key":"Adrenaline Potion"},{"floor":2,"key":"SmokeBomb"},{"floor":4,"key":"Strength Potion"},{"floor":12,"key":"Venom Potion"}],"is_trial":false,"path_per_floor":["M","M","$","M","?","R","M","R","T","M","?","M","M","M","R","B"],"character_chosen":"DEFECT","items_purchased":["Loop"],"campfire_rested":2,"item_purchase_floors":[3],"current_hp_per_floor":[55,55,55,43,49,49,26,50,50,36,36,33,1,1,25,0,0],"gold":92,"neow_bonus":"RANDOM_COLORLESS_2","is_prod":false,"is_daily":false,"chose_seed":false,"campfire_upgraded":1,"win_rate":0,"timestamp":1607741526,"path_taken":["M","M","$","M","?","R","M","R","T","M","?","?","M","M","R","BOSS"],"build_version":"2020-11-30","purchased_purges":1,"victory":false,"max_hp_per_floor":[75,75,75,75,81,81,81,81,81,81,81,81,81,81,81,81,81],"relic_stats":{"counters":[9,38],"obtain_stats":[{"Lantern":9,"Cracked Core":0},{"Lantern":4,"Cracked Core":0},{"Lantern":18,"Cracked Core":0}]},"card_choices":[{"not_picked":["Secret Technique","Secret Weapon"],"picked":"Transmutation","floor":0},{"not_picked":["Panic Button","Compile Driver"],"picked":"Crystallizer","floor":1},{"not_picked":["Stack","Beam Cell"],"picked":"Cold Snap","floor":2},{"not_picked":["Streamline","Double Energy","Stack"],"picked":"SKIP","floor":4},{"not_picked":["Streamline","Gash"],"picked":"Time Bomb","floor":7},{"not_picked":["Leap","Go for the Eyes"],"picked":"BasicCrystalCard","floor":10},{"not_picked":["Leap","Go for the Eyes"],"picked":"Panic Button","floor":12},{"not_picked":["Scrape","Recycle"],"picked":"Cold Snap","floor":13}],"player_experience":449717,"relics_obtained":[{"floor":9,"key":"Lantern"}],"event_choices":[{"damage_healed":0,"gold_gain":0,"player_choice":"RENOUNCE","damage_taken":21,"max_hp_gain":0,"max_hp_loss":0,"event_name":"betterThird:BetterSerpent","floor":5,"gold_loss":21,"cards_obtained":["Enlightenment"]},{"damage_healed":0,"gold_gain":0,"player_choice":"Bought 1 Potion","damage_taken":0,"max_hp_gain":0,"max_hp_loss":0,"event_name":"The Woman in Blue","floor":11,"gold_loss":0}],"is_beta":false,"boss_relics":[],"items_purged_floors":[3],"is_endless":false,"potions_floor_spawned":[1,2,4,10,12],"killed_by":"Fading Forest","ascension_level":0}}