{"host":"vst42roffpepocse","time":1607740782,"event":{"mods":["BaseMod","BetterRewards","Marisa????????","Minty Spire (QoL Compilation)","StSLib","SuperFastMode","The Cursed","The Servant 0.9.4"],"gold_per_floor":[118,134,152,167,180,180,194,194,221,221,221,233,307,346,358,466,478,500,522,544,556,568,580,592,654,692,720,732,761,784,578,578,683,683,693,708,530,530,530,530],"floor_reached":39,"playtime":1388,"items_purged":[],"score":433,"play_id":"9df7439f-9bed-499c-b759-0ea7bcae600f","local_time":"20201212033942","is_ascension_mode":false,"campfire_choices":[{"data":"MasterSpark","floor":6.0,"key":"SMITH"},{"data":"UpSweep","floor":8.0,"key":"SMITH"},{"data":"EnergyFlow","floor":10.0,"key":"SMITH"},{"floor":15,"key":"REST"},{"floor":23,"key":"REST"},{"floor":28,"key":"REST"},{"floor":32,"key":"REST"}],"circlet_count":0,"master_deck":["Strike_MRS","Strike_MRS","Strike_MRS","Defend_MRS","Defend_MRS+1","Defend_MRS+1","Defend_MRS","MasterSpark+1","UpSweep+1","EnergyFlow+1","DC","GravityBeat","SprinkleStarSeal","ChargingUp","PowerUp","WitchLeyline","NonDirectionalLaser","RitualDagger","Apotheosis","6A","CollectingQuirk","DragonMeteor","ChargingUp+1","HandOfGreed"],"relics":["MiniHakkero","Regal Pillow","MawBank","Nunchaku","Toy Ornithopter","SlaversCollar","MutagenicStrength","War Paint","Black Star"],"acts_visited":["TheCity","TheBeyond"],"potions_floor_usage":[],"damage_taken":[{"damage":0.0,"enemies":"Small Slimes","floor":1.0,"turns":3.0},{"damage":13.0,"enemies":"2 Louse","floor":2.0,"turns":2.0},{"damage":6.0,"enemies":"Cultist","floor":3.0,"turns":3.0},{"damage":9.0,"enemies":"2 Fungi Beasts","floor":4.0,"turns":3.0},{"damage":16.0,"enemies":"Exordium Wildlife","floor":5.0,"turns":3.0},{"damage":13.0,"enemies":"Blue Slaver","floor":7.0,"turns":4.0},{"damage":17.0,"enemies":"Gremlin Nob","floor":13.0,"turns":4.0},{"damage":21.0,"enemies":"Lagavulin","floor":14.0,"turns":5.0},{"damage":73,"enemies":"Slime Boss","floor":16,"turns":12},{"damage":20,"enemies":"Chosen","floor":18,"turns":5},{"damage":32,"enemies":"2 Thieves","floor":19,"turns":4},{"damage":47,"enemies":"Shelled Parasite and Fungi","floor":20,"turns":5},{"damage":41,"enemies":"Centurion and Healer","floor":27,"turns":5},{"damage":27,"enemies":"Cultist and Chosen","floor":29,"turns":6},{"damage":28,"enemies":"Snake Plant","floor":30,"turns":4},{"damage":133,"enemies":"Collector","floor":33,"turns":12},{"damage":85,"enemies":"3 Shapes","floor":35,"turns":5},{"damage":93,"enemies":"3 Darklings","floor":36,"turns":8},{"damage":53,"enemies":"Jaw Worm Horde","floor":39,"turns":3}],"seed_played":"-3905058913890872101","potions_obtained":[{"floor":1.0,"key":"BottledSpark"},{"floor":4.0,"key":"Swift Potion"},{"floor":7.0,"key":"PowerPotion"}],"is_trial":false,"path_per_floor":["M","M","M","M","M","R","M","R","T","R","?","$","?","E","R","B",null,"M","M","M","?","?","R","?","?","T","M","R","M","M","$","R","B",null,"M","M","$","?","M"],"character_chosen":"MARISA","items_purchased":["Apotheosis","6A","HandOfGreed"],"campfire_rested":4,"item_purchase_floors":[31,31,37],"current_hp_per_floor":[102,99,103,104,98,108,105,115,125,135,133,143,136,115,196,123,222,202,170,123,123,123,204,198,198,198,157,222,195,167,167,222,89,222,137,44,44,44,0,0],"gold":530,"neow_bonus":"TEN_PERCENT_HP_BONUS","is_daily":false,"chose_seed":false,"campfire_upgraded":3,"win_rate":0.0,"timestamp":1607740782,"path_taken":["M","M","M","M","M","R","M","R","T","R","?","$","?","E","R","BOSS","M","M","M","?","?","R","?","?","T","M","R","M","M","$","R","BOSS","M","?","$","?","M"],"items_purchased_type":["Card","Card","Card"],"build_version":"2020-11-30","purchased_purges":0,"victory":false,"max_hp_per_floor":[102,112,122,132,142,152,162,172,182,192,202,212,222,222,222,222,222,222,222,222,222,222,222,222,222,222,222,222,222,222,222,222,222,222,222,222,222,222,222,222],"card_choices":[{"not_picked":["MagicAbsorber","MilkyWay","UnstableBomb"],"picked":"SKIP","floor":1.0},{"not_picked":["Robbery","ManaConvection"],"picked":"EnergyFlow","floor":2.0},{"not_picked":["DeepEcoloBomb","Orbital"],"picked":"DC","floor":3.0},{"not_picked":["StarBarrage","DarkSpark"],"picked":"GravityBeat","floor":4.0},{"not_picked":["GravityBeat","MachineGunSpark"],"picked":"SprinkleStarSeal","floor":5.0},{"not_picked":["MillisecondPulsars","Occultation"],"picked":"ChargingUp","floor":7.0},{"not_picked":["MeteoricShower","GalacticHalo","RefractionSpark"],"picked":"SKIP","floor":14},{"not_picked":["MachineGunSpark","6A"],"picked":"PowerUp","floor":18},{"not_picked":["OneTimeOff","MagicChant+1"],"picked":"WitchLeyline","floor":19},{"not_picked":["IllusionStar","DC","ManaConvection+1"],"picked":"SKIP","floor":20},{"not_picked":["NonDirectionalLaser","TreasureHunter","SporeBomb+1"],"picked":"SKIP","floor":27},{"not_picked":["LuminesStrike","SuperPerseids","GalacticHalo"],"picked":"SKIP","floor":29},{"not_picked":["Orbital+1","IllusionStar","AlicesGift"],"picked":"SKIP","floor":30},{"not_picked":["UltimateShortwave","BigCrunch"],"picked":"CollectingQuirk","floor":33},{"not_picked":["EnergyRecoil+1","PropBag"],"picked":"DragonMeteor","floor":35},{"not_picked":["AsteroidBelt","Acceleration+1"],"picked":"ChargingUp+1","floor":36}],"player_experience":10593,"relics_obtained":[{"floor":9.0,"key":"Regal Pillow"},{"floor":13.0,"key":"Nunchaku"},{"floor":14,"key":"Toy Ornithopter"},{"floor":26,"key":"War Paint"}],"event_choices":[{"damage_healed":0.0,"max_hp_gain":0.0,"max_hp_loss":0.0,"gold_gain":0.0,"event_name":"Scrap Ooze","player_choice":"Success","floor":11.0,"gold_loss":0.0,"damage_taken":12.0,"relics_obtained":["MawBank"]},{"damage_healed":0.0,"max_hp_gain":0.0,"max_hp_loss":0.0,"gold_gain":30.0,"event_name":"Dead Adventurer","player_choice":"Searched \u00273\u0027 times","floor":13.0,"gold_loss":0.0,"damage_taken":0.0},{"damage_healed":0,"gold_gain":0,"player_choice":"Read","damage_taken":0,"max_hp_gain":0,"max_hp_loss":0,"event_name":"The Library","floor":21,"gold_loss":0,"cards_obtained":["NonDirectionalLaser"]},{"damage_healed":0,"gold_gain":0,"player_choice":"Inject Mutagens","damage_taken":0,"relics_obtained":["MutagenicStrength"],"max_hp_gain":0,"max_hp_loss":0,"event_name":"Drug Dealer","floor":22,"gold_loss":0},{"damage_healed":0,"gold_gain":0,"player_choice":"Joined the Cult","damage_taken":6,"max_hp_gain":0,"max_hp_loss":0,"event_name":"Nest","floor":24,"gold_loss":0,"cards_obtained":["RitualDagger"]},{"damage_healed":0,"gold_gain":100,"player_choice":"Bet on Murderer","damage_taken":0,"max_hp_gain":0,"max_hp_loss":0,"event_name":"The Joust","floor":25,"gold_loss":50},{"cards_removed":["Strike_MRS"],"damage_healed":0,"gold_gain":0,"player_choice":"Removed Attack","damage_taken":0,"max_hp_gain":0,"max_hp_loss":0,"event_name":"Falling","floor":38,"gold_loss":0}],"is_beta":false,"boss_relics":[{"not_picked":["Ectoplasm","Fusion Hammer"],"picked":"SlaversCollar"},{"not_picked":["Sozu","Tiny House"],"picked":"Black Star"}],"items_purged_floors":[],"is_endless":false,"potions_floor_spawned":[1,4,7,13,18,19,27,29],"killed_by":"Jaw Worm Horde","ascension_level":0}}