{"host":"am551fa6890rb9vo","time":1612888574,"event":{"mods":["BaseMod","DeckTracker","Minty Spire (QoL Compilation)","Morshu Shopkeeper - ENHANCED","Rare Cards Sparkle","Relic Stats","Smile Girya","StSLib","The IronCluck","everything is the same but u backflip on backflip","slay the spire mod where everything is the same but ironclad has a cowboy hat"],"gold_per_floor":[115,130,130,5,22,56,72,88,138,138,138,157,157,169,169,270,270,285,299,309,156,156,191,191,191,191,202,117,117,43,62,62,62,62],"floor_reached":33,"language":"ENG","playtime":1607,"items_purged":["Strike_G"],"score":282,"play_id":"515ba6b5-a787-4ce2-a61c-94dd401ddbe9","local_time":"20210209163614","is_ascension_mode":true,"campfire_choices":[{"data":"Calculated Gamble","floor":10,"key":"SMITH"},{"data":"Catalyst","floor":13,"key":"SMITH"},{"data":"Accuracy","floor":15,"key":"SMITH"},{"data":"Accuracy","floor":25,"key":"SMITH"},{"data":"Neutralize","floor":29,"key":"SMITH"},{"data":"Tools of the Trade","floor":32,"key":"SMITH"}],"circlet_count":0,"master_deck":["Defend_G","Defend_G","Defend_G","Defend_G","Defend_G","Survivor","Neutralize+1","Crippling Poison+1","PiercingWail","Infinite Blades","Catalyst+1","Flechettes","Calculated Gamble+1","Deadly Poison","Accuracy+1","Tools of the Trade+1","Blade Dance+1","Dodge and Roll","Accuracy+1","Expertise","Predator+1","Dagger Spray+1","Corpse Explosion","Crippling Poison"],"relics":["Coffee Dripper","Gremlin Horn","Pen Nib","Empty Cage","Molten Egg 2","Tiny Chest","Juzu Bracelet"],"acts_visited":["Exordium","TheCity"],"potions_floor_usage":[5,6,6,16,23,33],"damage_taken":[{"damage":3,"enemies":"Jaw Worm","floor":1,"turns":4},{"damage":0,"enemies":"Cultist","floor":2,"turns":5},{"damage":0,"enemies":"Small Slimes","floor":5,"turns":4},{"damage":23,"enemies":"Gremlin Nob","floor":6,"turns":5},{"damage":4,"enemies":"Blue Slaver","floor":7,"turns":4},{"damage":0,"enemies":"2 Fungi Beasts","floor":8,"turns":4},{"damage":1,"enemies":"3 Louse","floor":12,"turns":3},{"damage":0,"enemies":"Blue Slaver","floor":14,"turns":3},{"damage":20,"enemies":"The Guardian","floor":16,"turns":10},{"damage":5,"enemies":"3 Byrds","floor":18,"turns":5},{"damage":0,"enemies":"Chosen","floor":19,"turns":4},{"damage":3,"enemies":"Shelled Parasite and Fungi","floor":20,"turns":4},{"damage":20,"enemies":"Gremlin Leader","floor":23,"turns":5},{"damage":19,"enemies":"Snecko","floor":27,"turns":8},{"damage":6,"enemies":"Cultist and Chosen","floor":31,"turns":4},{"damage":31,"enemies":"Champ","floor":33,"turns":7}],"seed_played":"-6118897230773768253","potions_obtained":[{"floor":1,"key":"Fire Potion"},{"floor":5,"key":"CunningPotion"},{"floor":6,"key":"FairyPotion"},{"floor":7,"key":"SteroidPotion"},{"floor":8,"key":"LiquidMemories"},{"floor":19,"key":"PowerPotion"},{"floor":27,"key":"SmokeBomb"}],"is_trial":false,"path_per_floor":["M","M","?","$","M","E","M","M","T","R","?","M","R","M","R","B",null,"M","M","M","$","?","E","?","R","T","M","?","R","$","M","R","B"],"character_chosen":"THE_SILENT","items_purchased":["Infinite Blades","SkillPotion","Accuracy","Corpse Explosion"],"campfire_rested":0,"item_purchase_floors":[4,4,21,30],"current_hp_per_floor":[67,67,67,67,67,44,40,40,40,40,40,39,39,39,39,19,70,65,65,62,62,49,29,29,29,29,10,10,10,10,4,4,0,0],"gold":62,"neow_bonus":"BOSS_RELIC","is_daily":false,"chose_seed":false,"campfire_upgraded":6,"win_rate":0.0,"timestamp":1612888574,"path_taken":["M","M","?","$","?","E","M","M","T","R","?","?","R","M","R","BOSS","M","M","M","$","?","E","?","R","T","M","?","R","$","M","R","BOSS"],"items_purchased_type":["Card","Potion","Card","Card"],"build_version":"2020-12-22","purchased_purges":1,"victory":false,"max_hp_per_floor":[70,70,70,70,70,70,70,70,70,70,70,70,70,70,70,70,70,70,70,70,70,75,75,75,75,75,75,75,75,75,75,75,75,75],"relic_stats":{"Gremlin Horn":[5,5],"counters":[16,79],"Tiny Chest":0,"Pen Nib":[8],"Juzu Bracelet":0,"obtain_stats":[{"Gremlin Horn":6,"Molten Egg 2":23,"Tiny Chest":26,"Pen Nib":9,"Coffee Dripper":0,"Juzu Bracelet":28,"Empty Cage":17,"Ring of the Snake":0},{"Gremlin Horn":4,"Molten Egg 2":13,"Tiny Chest":13,"Pen Nib":6,"Coffee Dripper":0,"Juzu Bracelet":14,"Empty Cage":9,"Ring of the Snake":0},{"Gremlin Horn":18,"Molten Egg 2":60,"Tiny Chest":60,"Pen Nib":26,"Coffee Dripper":0,"Juzu Bracelet":68,"Empty Cage":42,"Ring of the Snake":0}]},"card_choices":[{"not_picked":["Backstab","Dash"],"picked":"Crippling Poison","floor":1},{"not_picked":["Choke","Distraction"],"picked":"PiercingWail","floor":2},{"not_picked":["Poisoned Stab","Dagger Spray"],"picked":"Catalyst","floor":5},{"not_picked":["Slice","Predator"],"picked":"Flechettes","floor":6},{"not_picked":["Deadly Poison","Cloak And Dagger"],"picked":"Calculated Gamble","floor":7},{"not_picked":["Underhanded Strike","Prepared"],"picked":"Distraction","floor":8},{"not_picked":["Blade Dance","Dodge and Roll"],"picked":"Deadly Poison","floor":12},{"not_picked":["Well Laid Plans","Blur"],"picked":"Accuracy","floor":14},{"not_picked":["Bullet Time","Venomology"],"picked":"Tools of the Trade","floor":16},{"not_picked":["Slice+1","Expertise+1"],"picked":"Blade Dance+1","floor":18},{"not_picked":["Poisoned Stab","Backflip+1"],"picked":"Dodge and Roll","floor":19},{"not_picked":["Flechettes","Riddle With Holes","Deadly Poison"],"picked":"SKIP","floor":20},{"not_picked":["Calculated Gamble+1","Well Laid Plans","All Out Attack+1"],"picked":"SKIP","floor":23},{"not_picked":["Distraction+1","Deflect"],"picked":"Dagger Spray+1","floor":27},{"not_picked":["Backflip","PiercingWail+1"],"picked":"Crippling Poison","floor":31}],"player_experience":64379,"relics_obtained":[{"floor":6,"key":"Gremlin Horn"},{"floor":9,"key":"Pen Nib"},{"floor":23,"key":"Molten Egg 2"},{"floor":26,"key":"Tiny Chest"}],"event_choices":[{"cards_removed":["Strike_G"],"damage_healed":0,"gold_gain":0,"player_choice":"Offered Basic","damage_taken":0,"max_hp_gain":0,"max_hp_loss":0,"event_name":"Bonfire Elementals","floor":3,"gold_loss":0},{"damage_healed":0,"gold_gain":0,"player_choice":"Forge","damage_taken":0,"max_hp_gain":0,"max_hp_loss":0,"event_name":"Accursed Blacksmith","floor":11,"gold_loss":0,"cards_upgraded":["Crippling Poison"]},{"damage_healed":0,"gold_gain":0,"player_choice":"Shed Blood","damage_taken":18,"max_hp_gain":5,"max_hp_loss":0,"event_name":"Forgotten Altar","floor":22,"gold_loss":0},{"damage_healed":0,"gold_gain":0,"cards_transformed":["Distraction","Strike_G"],"player_choice":"Became Test Subject","damage_taken":0,"max_hp_gain":0,"max_hp_loss":0,"event_name":"Drug Dealer","floor":24,"gold_loss":0,"cards_obtained":["Expertise","Predator"]},{"damage_healed":0,"gold_gain":0,"player_choice":"Obtained Relic","damage_taken":0,"relics_obtained":["Juzu Bracelet"],"max_hp_gain":0,"max_hp_loss":0,"event_name":"Addict","floor":28,"gold_loss":85}],"is_beta":false,"boss_relics":[{"not_picked":["SlaversCollar","Fusion Hammer"],"picked":"Empty Cage"}],"items_purged_floors":[21],"is_endless":false,"potions_floor_spawned":[1,5,6,7,8,19,20,27,31],"killed_by":"Champ","ascension_level":1}}