{"host":"kk6i5v7sjcm8i50x","time":1612841179,"event":{"mods":["BaseMod","Bestiary","Colored Map","Downfall","Minty Spire (QoL Compilation)","StSLib","The Saiyan"],"gold_per_floor":[99,119,219,7,7,182,182,201,213,241,241,258,258,271,282,381,381,381,396,230,230,242,253,280,296,311,311,311,311],"floor_reached":27,"language":"ENG","playtime":1918,"items_purged":[],"score":242,"play_id":"34f3aeb7-89aa-40f0-9645-47b7bd56a2b0","local_time":"20210208222619","is_ascension_mode":false,"campfire_choices":[{"data":"bronze:Replicate","floor":1,"key":"SMITH"},{"data":"expansioncontent:DashGenerateEvil","floor":13,"key":"SMITH"},{"data":"bronze:Format","floor":18,"key":"SMITH"}],"circlet_count":0,"master_deck":["bronze:Strike","bronze:Strike","bronze:Strike","bronze:Strike","bronze:Defend","bronze:Defend","bronze:Defend","bronze:Defend","bronze:Replicate+1","bronze:Goto","bronze:WhirlingStrike","bronze:Format+1","expansioncontent:DashGenerateEvil+1","bronze:Optimize","bronze:Spike","bronze:Explode","bronze:Frontload","Doubt","bronze:FineTuning","bronze:Flail+1","bronze:DelayedSlice+1","Parasite","bronze:WhirlingStrike+1","bronze:Mutator","bronze:Allocate","bronze:WildBeam+1","bronze:GetLatest+1","bronze:Flail+1","bronze:Fortify+1","bronze:ChildClass","bronze:Turbo+1","bronze:Branch+1","bronze:FollowUp+1","bronze:Iterate+1","bronze:DelayedSlice+1"],"relics":["bronze:BronzeCore","Molten Egg 2","Blue Candle","bronze:MakeshiftBattery","Orrery"],"acts_visited":["Exordium","TheCity"],"potions_floor_usage":[16,16,16,26],"damage_taken":[{"damage":1,"enemies":"Jaw Worm","floor":2,"turns":3},{"damage":10,"enemies":"downfall:FleeingMerchant","floor":4,"turns":4},{"damage":16,"enemies":"downfall:FleeingMerchant","floor":5,"turns":4},{"damage":0,"enemies":"Small Slimes","floor":8,"turns":3},{"damage":0,"enemies":"2 Louse","floor":9,"turns":1},{"damage":9,"enemies":"3 Sentries","floor":10,"turns":2},{"damage":2,"enemies":"2 Fungi Beasts","floor":12,"turns":2},{"damage":13,"enemies":"Blue Slaver","floor":14,"turns":2},{"damage":2,"enemies":"3 Louse","floor":15,"turns":2},{"damage":39,"enemies":"DF_ARCHETYPE_STREAMLINE","floor":16,"turns":6},{"damage":12,"enemies":"Shell Parasite","floor":19,"turns":4},{"damage":2,"enemies":"downfall:FleeingMerchant","floor":20,"turns":4},{"damage":12,"enemies":"3 Byrds","floor":22,"turns":4},{"damage":6,"enemies":"Shelled Parasite and Fungi","floor":23,"turns":3},{"damage":18,"enemies":"Cultist and Chosen","floor":25,"turns":4},{"damage":12,"enemies":"Centurion and Healer","floor":26,"turns":3},{"damage":19,"enemies":"Slavers","floor":27,"turns":1}],"seed_played":"4911895840847524379","potions_obtained":[{"floor":5,"key":"bronze:FreeFunctionsPotion"},{"floor":9,"key":"Regen Potion"},{"floor":10,"key":"BlessingOfTheForge"},{"floor":12,"key":"Regen Potion"},{"floor":16,"key":"FearPotion"},{"floor":25,"key":"Explosive Potion"}],"is_trial":false,"path_per_floor":["R","M","?","$","?","?","T","M","M","E","?","M","R","M","M","B",null,"R","M","$","?","M","M","T","M","M","E"],"character_chosen":"THE_AUTOMATON","items_purchased":["expansioncontent:DashGenerateEvil","bronze:Optimize","Orrery"],"campfire_rested":0,"item_purchase_floors":[4,4,20],"current_hp_per_floor":[77,76,76,66,50,50,50,50,50,41,60,58,58,45,43,44,77,77,65,63,63,51,45,45,27,15,0,0,0],"gold":311,"neow_bonus":"TEN_PERCENT_HP_BONUS","is_daily":false,"chose_seed":false,"campfire_upgraded":3,"win_rate":0.0,"timestamp":1612841179,"path_taken":["R","M","?","$","?","?","T","M","M","E","?","M","R","M","M","BOSS","R","M","$","?","M","M","T","M","M","E"],"items_purchased_type":["Card","Card","Relic"],"build_version":"2020-12-22","purchased_purges":0,"victory":false,"max_hp_per_floor":[77,77,77,77,77,77,77,77,77,77,77,77,77,77,77,77,77,77,77,77,77,77,77,77,77,77,77,77,77],"card_choices":[{"not_picked":["bronze:Overheat","bronze:BuggyMess"],"picked":"bronze:WhirlingStrike","floor":2},{"not_picked":["bronze:Invalidate","bronze:Safeguard"],"picked":"bronze:Format","floor":4},{"not_picked":[],"picked":"bronze:Spike","floor":5},{"not_picked":[],"picked":"bronze:Explode","floor":5},{"not_picked":["bronze:NullPointer","bronze:Return"],"picked":"bronze:Frontload","floor":5},{"not_picked":["bronze:ForLoop","bronze:Invalidate"],"picked":"bronze:FineTuning","floor":8},{"not_picked":["bronze:ChosenStrike+1","bronze:GetLatest"],"picked":"bronze:Flail+1","floor":9},{"not_picked":["bronze:BronzeOrb+1","bronze:ClassDefault"],"picked":"bronze:DelayedSlice+1","floor":10},{"not_picked":["bronze:DarkDash+1","bronze:Shield","bronze:Frontload"],"picked":"SKIP","floor":12},{"not_picked":["bronze:SpaghettiCode","bronze:Overheat+1"],"picked":"bronze:WhirlingStrike+1","floor":14},{"not_picked":["bronze:BugBarrage+1","bronze:Branch+1","bronze:OilSpill+1"],"picked":"SKIP","floor":15},{"not_picked":["bronze:Format","bronze:BurnOut+1"],"picked":"bronze:Mutator","floor":16},{"not_picked":["bronze:Invalidate+1","bronze:Shield"],"picked":"bronze:Allocate","floor":19},{"not_picked":["bronze:Deprecate","bronze:NullPointer+1"],"picked":"bronze:WildBeam+1","floor":20},{"not_picked":["bronze:CutThrough+1","bronze:BurnOut+1"],"picked":"bronze:GetLatest+1","floor":20},{"not_picked":["bronze:CutThrough+1","bronze:Shield+1"],"picked":"bronze:Flail+1","floor":20},{"not_picked":["bronze:GetLatest","bronze:Shield"],"picked":"bronze:Fortify+1","floor":20},{"not_picked":["bronze:MaxOutput","bronze:DarkDash+1"],"picked":"bronze:ChildClass","floor":20},{"not_picked":["bronze:FineTuning","bronze:WhirlingStrike+1"],"picked":"bronze:Turbo+1","floor":20},{"not_picked":["bronze:FineTuning","bronze:GetLatest"],"picked":"bronze:Branch+1","floor":22},{"not_picked":["bronze:Overheat+1","bronze:CutThrough+1"],"picked":"bronze:FollowUp+1","floor":23},{"not_picked":["bronze:WildBeam+1","bronze:WhirlingStrike+1"],"picked":"bronze:Iterate+1","floor":25},{"not_picked":["bronze:ForLoop","bronze:Mutator"],"picked":"bronze:DelayedSlice+1","floor":26}],"player_experience":173360,"relics_obtained":[{"floor":7,"key":"Molten Egg 2"},{"floor":10,"key":"Blue Candle"}],"event_choices":[{"damage_healed":19,"gold_gain":0,"player_choice":"Healed and dodged fight","damage_taken":0,"max_hp_gain":0,"max_hp_loss":0,"event_name":"Mushrooms","floor":11,"gold_loss":0,"cards_obtained":["Parasite"]}],"is_beta":false,"boss_relics":[{"not_picked":["Velvet Choker","Cursed Key"],"picked":"bronze:MakeshiftBattery"}],"items_purged_floors":[],"is_endless":false,"potions_floor_spawned":[5,9,10,12,15,16,25],"killed_by":"Slavers","ascension_level":0}}