{"host":"e8qlq9m73szgw1mp","time":1612902032,"event":{"mods":["2.2 Compatiblity","AchievementEnabler","BaseMod","Colored Powertips","Downfall","Highlight Path","Minty Spire (QoL Compilation)","Quick Restart","StSLib"],"gold_per_floor":[99,99,99,99,99,127,127,52,86,86,71,71,101,101,116,217,217,217,227,227,241,255,269,340,374,374,174,187,213,213,75,88,192,192,192,210,210,15,25,57,104,104,104,104],"floor_reached":42,"language":"ENG","playtime":3589,"items_purged":["hexamod:Strike","hexamod:Strike","hexamod:Strike"],"score":606,"play_id":"b6039bd9-6d8b-4557-ac34-25a1d4e1f398","local_time":"20210209122032","is_ascension_mode":true,"campfire_choices":[{"data":"hexamod:Float","floor":1.0,"key":"SMITH"},{"data":"hexamod:SearingWound","floor":18.0,"key":"SMITH"},{"floor":27.0,"key":"REST"},{"floor":30.0,"key":"REST"},{"floor":35,"key":"RECALL"}],"circlet_count":0,"master_deck":["hexamod:Defend","hexamod:Defend","hexamod:Defend+1","hexamod:Defend+1","hexamod:Sear","hexamod:Float+1","hexamod:ChargedBarrage","hexamod:SuperheatedStrike+1","hexamod:FastForward+1","hexamod:ExtraCrispy","hexamod:SuperheatedStrike+1","hexamod:SoulSteal+1","hexamod:RainOfEmbers+1","hexamod:SearingWound+1","hexamod:Incineration+1","hexamod:AdvancingGuard","hexamod:ForkedFlame+1","hexamod:BurningTouch+1","hexamod:Hexaguard","hexamod:GhostflameBarrier+1","hexamod:AdvancingGuard+1","hexamod:ThermalTransfer+1"],"relics":["hexamod:UnbrokenSoul","downfall:HeartsMalice","The Courier","Question Card","Molten Egg 2","War Paint","Black Star","Art of War","StrikeDummy","GremlinMask","downfall:HeartBlessingGreen","downfall:HeartBlessingBlue","TungstenRod","hexamod:MatchstickCase","Thread and Needle","Singing Bowl","Pen Nib","Bottled Tornado","Orichalcum"],"acts_visited":["Exordium","TheCity","TheBeyond"],"potions_floor_usage":[42],"damage_taken":[{"damage":0.0,"enemies":"Small Slimes","floor":2.0,"turns":1.0},{"damage":0.0,"enemies":"Jaw Worm","floor":3.0,"turns":1.0},{"damage":0.0,"enemies":"Gremlin Nob","floor":6.0,"turns":1.0},{"damage":0.0,"enemies":"downfall:FleeingMerchant","floor":8.0,"turns":4.0},{"damage":16.0,"enemies":"3 Sentries","floor":9.0,"turns":6.0},{"damage":0.0,"enemies":"Cultist","floor":10.0,"turns":1.0},{"damage":5.0,"enemies":"downfall:FleeingMerchant","floor":11.0,"turns":4.0},{"damage":9.0,"enemies":"Gremlin Nob","floor":13.0,"turns":3.0},{"damage":12.0,"enemies":"Exordium Thugs","floor":15.0,"turns":4.0},{"damage":10.0,"enemies":"SI_SHIV_ARCHETYPE","floor":16.0,"turns":6.0},{"damage":14.0,"enemies":"Spheric Guardian","floor":19.0,"turns":4.0},{"damage":16.0,"enemies":"Shell Parasite","floor":21.0,"turns":3.0},{"damage":4.0,"enemies":"Cultist and Chosen","floor":22.0,"turns":3.0},{"damage":0.0,"enemies":"Snake Plant","floor":23.0,"turns":2.0},{"damage":22.0,"enemies":"Gremlin Leader","floor":25.0,"turns":5.0},{"damage":8.0,"enemies":"Centurion and Healer","floor":28.0,"turns":5.0},{"damage":29.0,"enemies":"Slavers","floor":29.0,"turns":3.0},{"damage":1.0,"enemies":"downfall:FleeingMerchant","floor":31.0,"turns":4.0},{"damage":4.0,"enemies":"3 Cultists","floor":32.0,"turns":4.0},{"damage":14.0,"enemies":"IC_MUSHROOM_ARCHETYPE","floor":33.0,"turns":5.0},{"damage":18,"enemies":"3 Shapes","floor":36,"turns":3},{"damage":0,"enemies":"downfall:FleeingMerchant","floor":38,"turns":3},{"damage":0,"enemies":"Orb Walker","floor":39,"turns":3},{"damage":32,"enemies":"Nemesis","floor":40,"turns":5},{"damage":59,"enemies":"Transient","floor":42,"turns":5}],"seed_played":"5530378880192211360","potions_obtained":[{"floor":9.0,"key":"DistilledChaos"},{"floor":13.0,"key":"sneckomod:MuddlingPotion"},{"floor":22.0,"key":"PowerPotion"},{"floor":23.0,"key":"LiquidMemories"},{"floor":28.0,"key":"hexamod:DoubleChargePotion"},{"floor":32.0,"key":"EssenceOfSteel"},{"floor":36,"key":"LiquidBronze"}],"is_trial":false,"path_per_floor":["R","M","M","?","?","E","T","$","E","M","$","?","E","?","M","B",null,"R","M","?","M","M","M","T","E","?","R","M","E","R","$","M","B",null,"R","M","?","$","M","E","T","M"],"character_chosen":"THE_SPIRIT","items_purchased":["hexamod:Hexaguard","Thread and Needle","Singing Bowl"],"campfire_rested":2,"item_purchase_floors":[31,38,38],"current_hp_per_floor":[70,70,70,70,75,75,75,75,59,59,54,54,45,45,33,23,75,75,61,53,37,33,33,33,11,11,46,38,9,34,33,29,15,85,85,67,67,67,69,39,39,0,0,0],"gold":104,"neow_bonus":"THREE_ENEMY_KILL","is_daily":false,"chose_seed":false,"campfire_upgraded":2,"win_rate":0.0,"timestamp":1612902032,"path_taken":["R","M","M","?","?","E","T","?","E","?","$","?","E","?","M","BOSS","R","?","?","M","M","?","T","E","?","R","M","E","R","?","M","BOSS","R","M","?","$","M","E","T","M"],"items_purchased_type":["Card","Relic","Relic"],"build_version":"2020-12-22","purchased_purges":3,"victory":false,"max_hp_per_floor":[70,70,70,70,75,75,75,75,75,75,75,75,75,75,75,75,75,75,75,75,75,75,75,75,75,75,85,85,85,85,85,85,85,85,85,85,85,85,87,89,89,89,89,89],"card_choices":[{"not_picked":["hexamod:NightmareGuise","hexamod:InspiringFlames"],"picked":"hexamod:ChargedBarrage","floor":2.0},{"not_picked":["hexamod:HauntingEcho","hexamod:SkipABeat"],"picked":"hexamod:SuperheatedStrike","floor":3.0},{"not_picked":["hexamod:EmpoweredFlame","hexamod:BacktrackSmack"],"picked":"hexamod:FastForward","floor":6.0},{"not_picked":["hexamod:FastForward","hexamod:SwordOfDarkness","hexamod:InspiringFlames","hexamod:ShieldOfDarkness"],"picked":"SKIP","floor":8.0},{"not_picked":["hexamod:SpectralAdrenaline","hexamod:FourthSeal","hexamod:RetreatToShadows"],"picked":"hexamod:ExtraCrispy","floor":9.0},{"not_picked":["hexamod:BacktrackSmack+1","hexamod:HauntingEcho+1","hexamod:SkipABeat"],"picked":"hexamod:SuperheatedStrike+1","floor":10.0},{"not_picked":["hexamod:NightmareStrike+1","hexamod:SixthSeal","hexamod:ThermalTransfer+1"],"picked":"hexamod:SoulSteal","floor":11.0},{"not_picked":["hexamod:Haunt","hexamod:NecessarySacrifice","hexamod:SkipABeat","hexamod:AdvancingGuard"],"picked":"SKIP","floor":13.0},{"not_picked":["hexamod:Firestarter+1","hexamod:SwordOfDarkness+1","hexamod:InspiringFlames"],"picked":"hexamod:RainOfEmbers+1","floor":15.0},{"not_picked":["hexamod:VolcanoVisage","hexamod:UnleashSpirits+1","hexamod:HexaLevel"],"picked":"hexamod:SearingWound","floor":16.0},{"not_picked":["hexamod:SpectersWail+1","hexamod:GhostLash+1","hexamod:Hexaguard+1"],"picked":"hexamod:Incineration+1","floor":19.0},{"not_picked":["hexamod:Incineration+1","hexamod:BacktrackSmack+1","hexamod:PhantomFireball+1"],"picked":"hexamod:AdvancingGuard","floor":21.0},{"not_picked":["hexamod:SoulSteal+1","hexamod:PhantomFireball+1","hexamod:NightmareGuise","hexamod:EtherealExpedition"],"picked":"SKIP","floor":22.0},{"not_picked":["hexamod:Again","hexamod:AdvancingGuard","hexamod:HeatMetal+1","hexamod:Firestarter+1"],"picked":"SKIP","floor":23.0},{"not_picked":["hexamod:Rewind","hexamod:SpectralAdrenaline+1","hexamod:Firestarter+1"],"picked":"hexamod:ForkedFlame+1","floor":25.0},{"not_picked":["hexamod:ShieldOfDarkness+1","hexamod:HeatMetal+1","hexamod:Rewind","hexamod:NightmareStrike+1"],"picked":"SKIP","floor":28.0},{"not_picked":["hexamod:GhostOfSpireFuture","hexamod:ExtraCrispy","hexamod:ThermalTransfer+1","hexamod:ShieldOfDarkness"],"picked":"SKIP","floor":29.0},{"not_picked":["hexamod:FlamesFromBeyond","hexamod:ExtraCrispy","hexamod:UnlimitedPower"],"picked":"hexamod:BurningTouch+1","floor":31.0},{"not_picked":["hexamod:SuperheatedStrike+1","hexamod:NecessarySacrifice","hexamod:SwordOfDarkness+1"],"picked":"hexamod:GhostflameBarrier+1","floor":32.0},{"not_picked":["hexamod:BurningTouch","hexamod:NightmareStrike+1","hexamod:HeatMetal+1"],"picked":"hexamod:AdvancingGuard+1","floor":36},{"not_picked":["hexamod:NecessarySacrifice","hexamod:SpectersWail+1","hexamod:GiftsFromTheDead"],"picked":"hexamod:ThermalTransfer+1","floor":38},{"not_picked":["hexamod:AdvancingGuard","hexamod:BacktrackSmack+1","hexamod:HauntingEcho+1","hexamod:BurningTouch+1"],"picked":"Singing Bowl","floor":39},{"not_picked":["hexamod:RetreatToShadows+1","hexamod:SuperheatedStrike+1","hexamod:GhostShield","hexamod:NightmareGuise+1"],"picked":"Singing Bowl","floor":40}],"player_experience":1319939,"relics_obtained":[{"floor":6.0,"key":"The Courier"},{"floor":7.0,"key":"Question Card"},{"floor":9.0,"key":"Molten Egg 2"},{"floor":13.0,"key":"War Paint"},{"floor":25.0,"key":"Art of War"},{"floor":25.0,"key":"StrikeDummy"},{"floor":29.0,"key":"TungstenRod"},{"floor":29.0,"key":"hexamod:MatchstickCase"},{"floor":40,"key":"Pen Nib"},{"floor":40,"key":"Bottled Tornado"},{"floor":41,"key":"Orichalcum"}],"event_choices":[{"damage_healed":0.0,"max_hp_gain":5.0,"max_hp_loss":0.0,"gold_gain":0.0,"event_name":"Big Fish","player_choice":"Donut","floor":5.0,"gold_loss":0.0,"damage_taken":0.0},{"cards_removed":["downfall:Malfunctioning"],"damage_healed":0.0,"max_hp_gain":0.0,"max_hp_loss":0.0,"gold_gain":0.0,"event_name":"Wheel of Change","player_choice":"Card Removal","floor":14.0,"gold_loss":0.0,"damage_taken":0.0},{"damage_healed":0.0,"max_hp_gain":0.0,"max_hp_loss":0.0,"gold_gain":0.0,"event_name":"FaceTrader","player_choice":"Trade","floor":26.0,"gold_loss":0.0,"damage_taken":0.0,"relics_obtained":["GremlinMask"]}],"is_beta":false,"boss_relics":[{"not_picked":["Runic Pyramid","SacredBark"],"picked":"Black Star"},{"not_picked":["Astrolabe","Tiny House"],"picked":"hexamod:UnbrokenSoul"}],"items_purged_floors":[8,31,38],"is_endless":false,"potions_floor_spawned":[9,13,22,23,28,32,36],"killed_by":"Transient","ascension_level":2}}