{"host":"at0t1xvvdwuey7rt","time":1612854184,"event":{"mods":["BaseMod","Downfall","Minty Spire (QoL Compilation)","StSLib"],"gold_per_floor":[117,117,135,148,158,158,189,189,189,189,189,205,60,73,73,168,168,180,279,279,290,77,77,37,37,337,347,363,377,292,312,312,416,416,431,481,495,513,513,513,123,123,123,143,143,72,84,103,103,103,103],"floor_reached":50,"language":"ENG","playtime":3182,"items_purged":[],"score":748,"play_id":"b970c7db-1796-42fb-ab6e-7544a925b339","local_time":"20210209010304","daily_mods":["Draft"],"is_ascension_mode":false,"campfire_choices":[{"data":"TalkToTheHand","floor":6,"key":"SMITH"},{"data":"TalkToTheHand","floor":8,"key":"SMITH"},{"data":"Conclude","floor":11,"key":"SMITH"},{"data":"BattleHymn","floor":15,"key":"SMITH"},{"floor":23,"key":"REST"},{"data":"Devotion","floor":25,"key":"SMITH"},{"floor":32,"key":"REST"},{"floor":40,"key":"REST"},{"floor":42,"key":"REST"},{"floor":49,"key":"REST"}],"circlet_count":0,"master_deck":["Adaptation","CarveReality","Prostrate","BowlingBash","BowlingBash","EmptyBody+1","TalkToTheHand+1","TalkToTheHand+1","Halt","BowlingBash","Conclude+1","EmptyBody","Prostrate","ClearTheMind","WindmillStrike","Prostrate","EmptyFist","Halt","SashWhip","SpiritShield","FearNoEvil","BattleHymn+1","Perseverance","Prostrate","Establishment","EmptyFist","WaveOfTheHand","Devotion+1","Halt+1","Conclude","EmptyBody+1","BowlingBash","Worship","Brilliance","Collect+1","Wallop","EmptyBody+1","CarveReality+1","ConjureBlade","Bandage Up","CrushJoints","LikeWater"],"relics":["HolyWater","Gremlin Horn","InkBottle","SacredBark","Old Coin","Pear","Lizard Tail","Akabeko","Meat on the Bone"],"acts_visited":["Exordium","TheCity","TheBeyond"],"potions_floor_usage":[7,7,16,18,27,29,38,45,50],"damage_taken":[{"damage":0,"enemies":"Jaw Worm","floor":1,"turns":3},{"damage":0,"enemies":"Cultist","floor":3,"turns":3},{"damage":0,"enemies":"Small Slimes","floor":4,"turns":1},{"damage":6,"enemies":"Gremlin Gang","floor":5,"turns":4},{"damage":0,"enemies":"Lagavulin","floor":7,"turns":5},{"damage":0,"enemies":"3 Louse","floor":12,"turns":1},{"damage":3,"enemies":"Large Slime","floor":14,"turns":4},{"damage":13,"enemies":"Slime Boss","floor":16,"turns":6},{"damage":12,"enemies":"2 Thieves","floor":18,"turns":3},{"damage":13,"enemies":"Spheric Guardian","floor":21,"turns":4},{"damage":1,"enemies":"Centurion and Healer","floor":27,"turns":4},{"damage":16,"enemies":"Snake Plant","floor":28,"turns":4},{"damage":0,"enemies":"Cultist and Chosen","floor":29,"turns":4},{"damage":17,"enemies":"Centurion and Healer","floor":31,"turns":3},{"damage":31,"enemies":"Collector","floor":33,"turns":9},{"damage":8,"enemies":"3 Shapes","floor":35,"turns":5},{"damage":15,"enemies":"Mind Bloom Boss Battle","floor":36,"turns":5},{"damage":10,"enemies":"Orb Walker","floor":37,"turns":4},{"damage":11,"enemies":"Jaw Worm Horde","floor":38,"turns":3},{"damage":32,"enemies":"4 Shapes","floor":44,"turns":4},{"damage":0,"enemies":"Writhing Mass","floor":45,"turns":1},{"damage":36,"enemies":"Transient","floor":47,"turns":5},{"damage":15,"enemies":"Jaw Worm Horde","floor":48,"turns":5},{"damage":124,"enemies":"Time Eater","floor":50,"turns":9}],"seed_played":"-8110045744813408379","potions_obtained":[{"floor":3,"key":"Block Potion"},{"floor":4,"key":"AttackPotion"},{"floor":12,"key":"Regen Potion"},{"floor":16,"key":"ColorlessPotion"},{"floor":21,"key":"SkillPotion"},{"floor":28,"key":"LiquidBronze"},{"floor":37,"key":"SpeedPotion"},{"floor":38,"key":"SmokeBomb"},{"floor":48,"key":"GamblersBrew"}],"is_trial":true,"path_per_floor":["M","?","M","M","M","R","E","R","T","?","R","M","$","M","R","B",null,"M","?","$","M","$","R","?","R","T","M","M","M","?","M","R","B",null,"M","?","M","M","?","R","$","R","T","M","M","$","M","M","R","B"],"character_chosen":"WATCHER","items_purchased":["BattleHymn","Perseverance","Devotion","Halt","ConjureBlade","Bandage Up","Akabeko","LikeWater"],"campfire_rested":5,"item_purchase_floors":[13,13,22,22,41,41,41,46],"current_hp_per_floor":[72,72,72,72,66,66,66,66,66,66,66,66,66,63,63,59,72,60,60,60,47,47,68,68,68,68,67,51,51,61,44,68,37,82,74,59,49,38,38,62,62,82,82,54,54,54,30,31,55,0,0],"gold":103,"neow_bonus":"","is_daily":false,"chose_seed":false,"campfire_upgraded":5,"win_rate":0.0,"timestamp":1612854184,"path_taken":["M","?","M","M","?","R","E","R","T","?","R","?","$","M","R","BOSS","M","?","$","M","$","R","?","R","T","?","M","M","?","M","R","BOSS","M","?","M","M","?","R","$","R","T","M","?","?","M","M","R","BOSS"],"items_purchased_type":["Card","Card","Card","Card","Card","Card","Relic","Card"],"build_version":"2020-12-22","purchased_purges":0,"victory":false,"max_hp_per_floor":[72,72,72,72,72,72,72,72,72,72,72,72,72,72,72,72,72,72,72,72,72,72,72,72,72,72,72,72,72,82,82,82,82,82,82,82,82,82,82,82,82,82,82,82,82,82,82,82,82,82,82],"card_choices":[{"not_picked":["Evaluate","Worship"],"picked":"Adaptation","floor":0},{"not_picked":["ThirdEye","EmptyBody"],"picked":"CarveReality","floor":0},{"not_picked":["FollowUp","Evaluate"],"picked":"Prostrate","floor":0},{"not_picked":["Perseverance","SashWhip"],"picked":"BowlingBash","floor":0},{"not_picked":["FollowUp","JustLucky"],"picked":"BowlingBash","floor":0},{"not_picked":["PathToVictory","ForeignInfluence"],"picked":"EmptyBody","floor":0},{"not_picked":["BowlingBash","EmptyBody"],"picked":"TalkToTheHand","floor":0},{"not_picked":["ThirdEye","SashWhip"],"picked":"TalkToTheHand","floor":0},{"not_picked":["PathToVictory","FlurryOfBlows"],"picked":"Halt","floor":0},{"not_picked":["SashWhip","WreathOfFlame"],"picked":"BowlingBash","floor":0},{"not_picked":["Prostrate","Worship"],"picked":"Conclude","floor":0},{"not_picked":["Consecrate","PathToVictory"],"picked":"EmptyBody","floor":0},{"not_picked":["Evaluate","FlyingSleeves"],"picked":"Prostrate","floor":0},{"not_picked":["Nirvana","JustLucky"],"picked":"ClearTheMind","floor":0},{"not_picked":["FlyingSleeves","Evaluate"],"picked":"WindmillStrike","floor":0},{"not_picked":["ClearTheMind","Perseverance"],"picked":"Prostrate","floor":1},{"not_picked":["EmptyBody","PathToVictory"],"picked":"EmptyFist","floor":3},{"not_picked":["Sanctity","WaveOfTheHand"],"picked":"Halt","floor":4},{"not_picked":["Evaluate","CutThroughFate"],"picked":"SashWhip","floor":5},{"not_picked":["JustLucky","Crescendo"],"picked":"SpiritShield","floor":7},{"not_picked":["FollowUp","Weave"],"picked":"FearNoEvil","floor":12},{"not_picked":["Adaptation","ForeignInfluence"],"picked":"Prostrate","floor":14},{"not_picked":["Brilliance","Ragnarok"],"picked":"Establishment","floor":16},{"not_picked":["PathToVictory","JustLucky"],"picked":"EmptyFist","floor":18},{"not_picked":["Evaluate","CrushJoints"],"picked":"WaveOfTheHand","floor":21},{"not_picked":["BowlingBash","FlyingSleeves"],"picked":"Conclude","floor":27},{"not_picked":["WaveOfTheHand","Sanctity"],"picked":"EmptyBody+1","floor":28},{"not_picked":["PathToVictory","Adaptation"],"picked":"BowlingBash","floor":29},{"not_picked":["ThirdEye","SashWhip+1"],"picked":"Worship","floor":31},{"not_picked":["Judgement","Omniscience"],"picked":"Brilliance","floor":33},{"not_picked":["ThirdEye","BowlingBash"],"picked":"Collect+1","floor":35},{"not_picked":["EmptyFist","Nirvana+1"],"picked":"Wallop","floor":36},{"not_picked":["CarveReality+1","Wallop"],"picked":"EmptyBody+1","floor":37},{"not_picked":["JustLucky+1","Fasting2"],"picked":"CarveReality+1","floor":38},{"not_picked":["Study","ClearTheMind+1"],"picked":"CrushJoints","floor":44},{"not_picked":["Adaptation+1","Wish","FlurryOfBlows"],"picked":"SKIP","floor":47},{"not_picked":["Nirvana","BowlingBash","SignatureMove"],"picked":"SKIP","floor":48}],"player_experience":140432,"relics_obtained":[{"floor":7,"key":"Gremlin Horn"},{"floor":9,"key":"InkBottle"},{"floor":26,"key":"Old Coin"},{"floor":36,"key":"Lizard Tail"},{"floor":43,"key":"Meat on the Bone"}],"event_choices":[{"damage_healed":0,"gold_gain":0,"player_choice":"Ignored","damage_taken":0,"max_hp_gain":0,"max_hp_loss":0,"event_name":"NoteForYourself","floor":2,"gold_loss":0},{"damage_healed":0,"gold_gain":0,"player_choice":"Cursed","damage_taken":0,"max_hp_gain":0,"max_hp_loss":0,"event_name":"Wheel of Change","floor":10,"gold_loss":0,"cards_obtained":["Decay"]},{"damage_healed":0,"gold_gain":99,"player_choice":"Stole From Cult","damage_taken":0,"max_hp_gain":0,"max_hp_loss":0,"event_name":"Nest","floor":19,"gold_loss":0},{"damage_healed":0,"gold_gain":0,"player_choice":"Upgraded Two","damage_taken":0,"max_hp_gain":0,"max_hp_loss":0,"event_name":"Designer","floor":24,"gold_loss":40,"cards_upgraded":["Halt","EmptyBody"]},{"damage_healed":0,"gold_gain":0,"player_choice":"Obtained Relic","damage_taken":0,"relics_obtained":["Pear"],"max_hp_gain":0,"max_hp_loss":0,"event_name":"Addict","floor":30,"gold_loss":85},{"damage_healed":0,"gold_gain":0,"player_choice":"Fight","damage_taken":0,"max_hp_gain":0,"max_hp_loss":0,"event_name":"MindBloom","floor":36,"gold_loss":0},{"cards_removed":["Decay"],"damage_healed":0,"gold_gain":0,"player_choice":"Purged","damage_taken":0,"max_hp_gain":0,"max_hp_loss":0,"event_name":"Purifier","floor":39,"gold_loss":0}],"is_beta":false,"boss_relics":[{"not_picked":["bronze:MakeshiftBattery","Fusion Hammer"],"picked":"SacredBark"},{"not_picked":["Calling Bell","Velvet Choker"],"picked":"HolyWater"}],"items_purged_floors":[],"is_endless":true,"potions_floor_spawned":[3,4,12,16,21,28,37,38,48],"killed_by":"Time Eater","ascension_level":0}}