{"host":"v4tuy5ykrbdcm9o9","time":1612845044,"event":{"mods":["BaseMod","Duelist Mod","Minty Spire (QoL Compilation)","Replay The Spire","StSLib"],"gold_per_floor":[110,122,89,282,296,296,331,342,342,342,374,392,423,438,438,541,541,556,224,236,236,250,250,250],"floor_reached":23,"language":"ENG","playtime":1799,"items_purged":[],"score":323,"play_id":"9cd7d318-196c-41c7-8f88-1f0e367cb2b0","local_time":"20210208233044","is_ascension_mode":true,"campfire_choices":[{"floor":6,"key":"RECALL"},{"floor":10,"key":"REST"},{"floor":15,"key":"REST"}],"circlet_count":0,"master_deck":["Strike_P","Strike_P","Strike_P","Strike_P","Defend_P","Defend_P","Defend_P","Defend_P","Eruption","Vigilance","EmptyFist","CutThroughFate","ReplayTheSpireMod:Splinters","CutThroughFate","FollowUp","CutThroughFate","CrushJoints","ReachHeaven","Crescendo","FollowUp","FollowUp","DevaForm+1","EmptyFist","Collect","Replay:BluntJabs+1","FlyingSleeves"],"relics":["PureWater","TeardropLocket","Gremlin Horn","Mango","Replay:Bronze Core","Iron Hammer"],"acts_visited":["Exordium","TheCity"],"potions_floor_usage":[7,16,22],"damage_taken":[{"damage":0,"enemies":"Jaw Worm","floor":1,"turns":3},{"damage":0,"enemies":"2 Louse","floor":2,"turns":2},{"damage":1,"enemies":"Cultist","floor":5,"turns":4},{"damage":16,"enemies":"Gremlin Nob","floor":7,"turns":3},{"damage":10,"enemies":"Exordium Wildlife","floor":8,"turns":4},{"damage":13,"enemies":"3 Sentries","floor":11,"turns":5},{"damage":0,"enemies":"Gremlin Gang","floor":12,"turns":2},{"damage":4,"enemies":"Gremlin Nob","floor":13,"turns":2},{"damage":4,"enemies":"Large Slime","floor":14,"turns":3},{"damage":69,"enemies":"The Guardian","floor":16,"turns":9},{"damage":10,"enemies":"3 Byrds","floor":18,"turns":3},{"damage":6,"enemies":"Spheric Guardian","floor":20,"turns":3},{"damage":16,"enemies":"Snake Plant","floor":22,"turns":2},{"damage":43,"enemies":"theDuelist:KaibaA2","floor":23,"turns":3}],"seed_played":"-2706747856012952153","potions_obtained":[{"floor":1,"key":"Toxic Potion"},{"floor":13,"key":"Block Potion"},{"floor":14,"key":"BottledMiracle"},{"floor":16,"key":"Reflective Coating"},{"floor":18,"key":"Milkshake"},{"floor":22,"key":"SteroidPotion"}],"is_trial":false,"path_per_floor":["M","M","?","?","M","R","E","M","T","R","E","M","E","M","R","B",null,"M","$","M","?","M","E"],"character_chosen":"WATCHER","items_purchased":["Iron Hammer","Collect"],"campfire_rested":2,"item_purchase_floors":[19,19],"current_hp_per_floor":[72,72,72,72,71,71,55,45,45,68,55,55,65,61,88,19,75,65,65,59,59,43,0,0],"gold":250,"neow_bonus":"TEN_PERCENT_HP_BONUS","is_daily":false,"chose_seed":false,"campfire_upgraded":0,"win_rate":0.0,"timestamp":1612845044,"path_taken":["M","M","?","?","M","R","E","M","T","R","E","M","E","M","R","BOSS","M","$","?","?","M","E"],"items_purchased_type":["Relic","Card"],"build_version":"2020-12-22","purchased_purges":0,"victory":false,"max_hp_per_floor":[79,79,79,79,79,79,79,79,79,79,79,79,93,93,93,93,93,93,93,93,93,93,93,93],"card_choices":[{"not_picked":["WheelKick","PathToVictory"],"picked":"EmptyFist","floor":1},{"not_picked":["Halt","Study"],"picked":"CutThroughFate","floor":2},{"not_picked":["FlyingSleeves","Vault"],"picked":"CutThroughFate","floor":4},{"not_picked":["Adaptation","JustLucky"],"picked":"FollowUp","floor":5},{"not_picked":["Protect","PathToVictory"],"picked":"CutThroughFate","floor":7},{"not_picked":["Tantrum","FlyingSleeves"],"picked":"CrushJoints","floor":8},{"not_picked":["Protect","Wireheading"],"picked":"ReachHeaven","floor":11},{"not_picked":["Protect","Replay:Vibes"],"picked":"Crescendo","floor":12},{"not_picked":["Replay:AllIn","SashWhip"],"picked":"FollowUp","floor":13},{"not_picked":["BowlingBash","PathToVictory"],"picked":"FollowUp","floor":14},{"not_picked":["Ragnarok","Vault"],"picked":"DevaForm","floor":16},{"not_picked":["Evaluate","Crescendo"],"picked":"EmptyFist","floor":18},{"not_picked":["LikeWater","Prostrate"],"picked":"Replay:BluntJabs+1","floor":20},{"not_picked":["Replay:Battleflow","Prostrate"],"picked":"FlyingSleeves","floor":22}],"player_experience":817596,"relics_obtained":[{"floor":7,"key":"TeardropLocket"},{"floor":11,"key":"Gremlin Horn"},{"floor":13,"key":"Mango"}],"event_choices":[{"damage_healed":0,"gold_gain":0,"player_choice":"Left Gold","damage_taken":0,"max_hp_gain":0,"max_hp_loss":0,"event_name":"World of Goop","floor":3,"gold_loss":33},{"damage_healed":0,"gold_gain":0,"player_choice":"Forge","damage_taken":0,"max_hp_gain":0,"max_hp_loss":0,"event_name":"Accursed Blacksmith","floor":21,"gold_loss":0,"cards_upgraded":["DevaForm"]}],"is_beta":false,"boss_relics":[{"not_picked":["Ring of Chaos","Abe\u0027s Treasure"],"picked":"Replay:Bronze Core"}],"items_purged_floors":[],"is_endless":false,"potions_floor_spawned":[1,13,14,16,18,22],"killed_by":"theDuelist:KaibaA2","ascension_level":8}}