{"host":"p4v0hquynnreu717","time":1612836569,"event":{"mods":["BaseMod","Better Vampires","DeckTracker","Googly Eyes","Minty Spire (QoL Compilation)","Quick Restart","StSLib","SuperFastMode"],"gold_per_floor":[116,128,128,141,154,154,59,59,59,89,13,13,29,29,29,104,104,122,122,134,134,134],"floor_reached":21,"language":"ZHS","playtime":801,"items_purged":[],"score":401,"play_id":"c22c907b-e181-4d28-b579-73100833844a","local_time":"20210209100929","is_ascension_mode":true,"campfire_choices":[{"data":"Neutralize","floor":6.0,"key":"SMITH"},{"data":"Deadly Poison","floor":12.0,"key":"SMITH"},{"data":"Catalyst","floor":15.0,"key":"SMITH"}],"circlet_count":0,"master_deck":["AscendersBane","Strike_G","Strike_G","Strike_G","Defend_G","Defend_G","Defend_G","Defend_G","Survivor","Neutralize+1","Dagger Spray","Catalyst+1","Tactician","Poisoned Stab","Tools of the Trade","Calculated Gamble","Purity","Deadly Poison+1","Catalyst","Calculated Gamble"],"relics":["Ring of the Snake","StoneCalendar","Sozu"],"acts_visited":["Exordium","TheCity"],"potions_floor_usage":[21],"damage_taken":[{"damage":2.0,"enemies":"Small Slimes","floor":1.0,"turns":5.0},{"damage":0.0,"enemies":"Cultist","floor":2.0,"turns":5.0},{"damage":1.0,"enemies":"2 Louse","floor":4.0,"turns":2.0},{"damage":4.0,"enemies":"Looter","floor":5.0,"turns":3.0},{"damage":7.0,"enemies":"Lagavulin","floor":10.0,"turns":8.0},{"damage":0.0,"enemies":"Large Slime","floor":13.0,"turns":4.0},{"damage":0.0,"enemies":"Slime Boss","floor":16.0,"turns":6.0},{"damage":0.0,"enemies":"Spheric Guardian","floor":18.0,"turns":3.0},{"damage":11.0,"enemies":"3 Byrds","floor":20.0,"turns":6.0},{"damage":20,"enemies":"Masked Bandits","floor":21,"turns":3}],"seed_played":"-1402280682682432316","potions_obtained":[{"floor":4.0,"key":"EssenceOfSteel"},{"floor":10.0,"key":"AttackPotion"},{"floor":13.0,"key":"Explosive Potion"},{"floor":16.0,"key":"Strength Potion"}],"is_trial":false,"path_per_floor":["M","M","?","M","M","R","$","?","T","E","$","R","M","?","R","B",null,"M","?","M","?"],"character_chosen":"THE_SILENT","items_purchased":["Purity","Catalyst"],"campfire_rested":0,"item_purchase_floors":[7,11],"current_hp_per_floor":[42,42,42,41,37,37,37,37,37,30,30,30,30,30,30,30,57,57,57,46,26,26],"gold":134,"neow_bonus":"TRANSFORM_TWO_CARDS","is_daily":false,"chose_seed":false,"campfire_upgraded":3,"win_rate":0.0,"timestamp":1612836569,"path_taken":["M","M","?","M","M","R","?","?","T","E","$","R","M","?","R","BOSS","M","?","M","?"],"items_purchased_type":["Card","Card"],"build_version":"2020-12-22","purchased_purges":0,"victory":false,"max_hp_per_floor":[66,66,66,66,66,66,66,66,66,66,66,66,66,66,66,66,66,66,66,66,66,66],"card_choices":[{"not_picked":["Dodge and Roll","Cloak And Dagger"],"picked":"Tactician","floor":1.0},{"not_picked":["Sucker Punch","Flying Knee"],"picked":"Poisoned Stab","floor":2.0},{"not_picked":["Backflip","Outmaneuver"],"picked":"Tools of the Trade","floor":4.0},{"not_picked":["Heel Hook","Endless Agony"],"picked":"Calculated Gamble","floor":5.0},{"not_picked":["Blur","Crippling Poison"],"picked":"Deadly Poison","floor":10.0},{"not_picked":["Prepared","Infinite Blades","Setup"],"picked":"SKIP","floor":13.0},{"not_picked":["Outmaneuver","Flechettes"],"picked":"Calculated Gamble","floor":18.0},{"not_picked":["Dodge and Roll","Expertise","Masterful Stab"],"picked":"SKIP","floor":20.0}],"player_experience":811233,"relics_obtained":[{"floor":10.0,"key":"StoneCalendar"}],"event_choices":[{"cards_removed":["Defend_G"],"damage_healed":0.0,"max_hp_gain":0.0,"max_hp_loss":0.0,"gold_gain":0.0,"event_name":"Bonfire Elementals","player_choice":"Offered Basic","floor":3.0,"gold_loss":0.0,"damage_taken":0.0},{"damage_healed":0.0,"max_hp_gain":0.0,"max_hp_loss":0.0,"gold_gain":0.0,"event_name":"The Cleric","player_choice":"Leave","floor":8.0,"gold_loss":0.0,"damage_taken":0.0},{"damage_healed":0.0,"max_hp_gain":0.0,"max_hp_loss":0.0,"gold_gain":0.0,"event_name":"Shining Light","player_choice":"Ignored","floor":14.0,"gold_loss":0.0,"damage_taken":0.0},{"damage_healed":0.0,"max_hp_gain":0.0,"max_hp_loss":0.0,"gold_gain":0.0,"event_name":"Cursed Tome","player_choice":"Ignored","floor":19.0,"gold_loss":0.0,"damage_taken":0.0},{"damage_healed":0,"gold_gain":0,"player_choice":"Fought Bandits","damage_taken":0,"max_hp_gain":0,"max_hp_loss":0,"event_name":"Masked Bandits","floor":21,"gold_loss":0}],"is_beta":false,"boss_relics":[{"not_picked":["Busted Crown","Ectoplasm"],"picked":"Sozu"}],"items_purged_floors":[],"is_endless":false,"potions_floor_spawned":[4,10,13,16,18,20],"killed_by":"Masked Bandits","ascension_level":15}}