{"host":"3azvxbhvx7nk2p5g","time":1612877054,"event":{"mods":["BaseMod","Minty Spire (QoL Compilation)","StSLib","The Bladedancer"],"gold_per_floor":[115,129,129,143,158,158,8,8,8,28,52,52,71,82,82,184,184,196,208,307,53,87,119,119,134,158,170,170,185,185,198,198,301,301,314,227,247,265,275,307,322,322,348,348,382,393,255,269,269,269,269,269,39,67,67],"floor_reached":56,"language":"ZHS","playtime":5614,"items_purged":["blademaster:Strike","blademaster:Strike","blademaster:Strike","blademaster:Defend"],"score":1275,"play_id":"6cdc9fec-f69d-4b5a-9000-311c7740ed1e","local_time":"20210209212414","is_ascension_mode":false,"campfire_choices":[{"data":"blademaster:EyeOfTheStorm","floor":6.0,"key":"SMITH"},{"data":"blademaster:AspectOfLightning","floor":8.0,"key":"SMITH"},{"data":"blademaster:EyeOfTheTornado","floor":12.0,"key":"SMITH"},{"data":"blademaster:Empower","floor":15.0,"key":"SMITH"},{"floor":28.0,"key":"REST"},{"data":"blademaster:EyeOfTheStorm","floor":30.0,"key":"SMITH"},{"floor":32.0,"key":"REST"},{"data":"blademaster:EyeOfTheTornado","floor":42,"key":"SMITH"},{"floor":44,"key":"RECALL"},{"data":"blademaster:Bloodbath","floor":49,"key":"SMITH"},{"data":"blademaster:ColdBlood","floor":52,"key":"SMITH"}],"circlet_count":0,"master_deck":["blademaster:Defend","blademaster:Defend","blademaster:Defend","blademaster:RagingBlow","blademaster:HighVoltage","blademaster:EyeOfTheStorm+1","blademaster:Stormstrike","blademaster:AspectOfLightning+1","blademaster:Reversal","blademaster:Flurry","blademaster:EyeOfTheTornado+1","blademaster:Empower+1","blademaster:Bloodbath+1","blademaster:ColdBlood+1","blademaster:Stability+1","blademaster:EyeOfTheStorm+1","blademaster:HighVoltage+1","blademaster:Cut","blademaster:WindSlash","blademaster:CombatPrep+1","blademaster:ChargingUp+1","blademaster:AncestralHealing+1","blademaster:UnrelentingWind+1","blademaster:EyeOfTheTornado+1","blademaster:Cut","blademaster:Safeguard+1","blademaster:Blockade+1","blademaster:ThunderingOpener","blademaster:CombatPrep+1","blademaster:Blindside","blademaster:SharpBlades+1","blademaster:Cut+1","blademaster:FlockOfBlades","blademaster:EnchantedCuirass","blademaster:Safeguard+1","blademaster:AwakeningDefend+1","blademaster:RagingBlow","blademaster:Momentum+1"],"relics":["blademaster:DancersAmulet","NeowsBlessing","Membership Card","FossilizedHelix","Odd Mushroom","SlaversCollar","Toxic Egg 2","Red Mask","Du-Vu Doll","Nunchaku","Runic Pyramid","Pen Nib","Ginger","Orrery","Strawberry","Eternal Feather"],"acts_visited":["Exordium","TheCity","TheBeyond","TheEnding"],"potions_floor_usage":[55,55,55],"damage_taken":[{"damage":0.0,"enemies":"Cultist","floor":1.0,"turns":1.0},{"damage":0.0,"enemies":"Small Slimes","floor":2.0,"turns":2.0},{"damage":0.0,"enemies":"2 Louse","floor":4.0,"turns":2.0},{"damage":9.0,"enemies":"Blue Slaver","floor":5.0,"turns":5.0},{"damage":9.0,"enemies":"Exordium Thugs","floor":10.0,"turns":7.0},{"damage":5.0,"enemies":"The Mushroom Lair","floor":11.0,"turns":5.0},{"damage":2.0,"enemies":"2 Fungi Beasts","floor":13.0,"turns":5.0},{"damage":8.0,"enemies":"Gremlin Gang","floor":14.0,"turns":6.0},{"damage":4.0,"enemies":"The Guardian","floor":16.0,"turns":11.0},{"damage":4.0,"enemies":"Chosen","floor":18.0,"turns":6.0},{"damage":0.0,"enemies":"3 Byrds","floor":19.0,"turns":4.0},{"damage":4.0,"enemies":"Masked Bandits","floor":22.0,"turns":5.0},{"damage":16.0,"enemies":"Book of Stabbing","floor":23.0,"turns":6.0},{"damage":12.0,"enemies":"Sentry and Sphere","floor":25.0,"turns":5.0},{"damage":33.0,"enemies":"Snecko","floor":27.0,"turns":10.0},{"damage":4.0,"enemies":"Shelled Parasite and Fungi","floor":29.0,"turns":4.0},{"damage":12.0,"enemies":"Snake Plant","floor":31.0,"turns":3.0},{"damage":19.0,"enemies":"Collector","floor":33.0,"turns":8.0},{"damage":0.0,"enemies":"Orb Walker","floor":35.0,"turns":4.0},{"damage":4.0,"enemies":"3 Shapes","floor":37.0,"turns":5.0},{"damage":21.0,"enemies":"Sphere and 2 Shapes","floor":38.0,"turns":6.0},{"damage":5.0,"enemies":"Writhing Mass","floor":39.0,"turns":6.0},{"damage":33,"enemies":"Reptomancer","floor":40,"turns":6},{"damage":14,"enemies":"Spire Growth","floor":41,"turns":5},{"damage":2,"enemies":"Nemesis","floor":45,"turns":5},{"damage":0,"enemies":"Transient","floor":46,"turns":5},{"damage":10,"enemies":"Writhing Mass","floor":48,"turns":3},{"damage":0,"enemies":"Awakened One","floor":50,"turns":6},{"damage":1,"enemies":"Shield and Spear","floor":54,"turns":3},{"damage":23,"enemies":"The Heart","floor":55,"turns":6}],"seed_played":"-7678836832086086299","potions_obtained":[{"floor":2.0,"key":"Swift Potion"},{"floor":3.0,"key":"Ancient Potion"},{"floor":3.0,"key":"Strength Potion"},{"floor":48,"key":"EssenceOfSteel"}],"is_trial":false,"path_per_floor":["M","M","?","M","M","R","$","R","T","M","?","R","M","M","R","B",null,"M","M","?","$","?","E","?","M","T","M","R","M","R","M","R","B",null,"M","$","M","M","M","E","M","R","T","R","E","M","$","M","R","B",null,"R","$","E","B",null],"character_chosen":"THE_BLADEMASTER","items_purchased":["Membership Card","blademaster:EyeOfTheStorm","Toxic Egg 2","blademaster:HighVoltage+1","blademaster:Cut","blademaster:Safeguard+1","blademaster:FlockOfBlades","Orrery","Strawberry"],"campfire_rested":2,"item_purchase_floors":[7,21,21,21,36,36,47,53,53],"current_hp_per_floor":[75,75,75,75,66,66,66,66,66,57,52,52,50,42,42,38,75,71,71,71,71,67,51,51,39,39,6,28,24,24,12,34,69,75,75,75,75,69,64,75,75,75,75,75,73,73,73,75,75,75,75,75,82,81,78],"gold":67,"neow_bonus":"THREE_ENEMY_KILL","is_daily":false,"chose_seed":false,"campfire_upgraded":8,"win_rate":0.0,"timestamp":1612877054,"path_taken":["M","?","?","M","?","R","$","R","T","M","?","R","M","M","R","BOSS","M","M","?","?","?","E","?","M","T","M","R","?","R","M","R","BOSS","M","$","M","M","M","E","M","R","T","R","E","M","$","M","R","BOSS","R","$","E","BOSS"],"items_purchased_type":["Relic","Card","Relic","Card","Card","Card","Card","Relic","Relic"],"build_version":"2020-12-22","purchased_purges":4,"victory":true,"max_hp_per_floor":[75,75,75,75,75,75,75,75,75,75,75,75,75,75,75,75,75,75,75,75,75,75,75,75,75,75,75,75,75,75,75,75,75,75,75,75,75,75,75,75,75,75,75,75,75,75,75,75,75,75,75,75,82,82,82],"card_choices":[{"not_picked":["blademaster:AwakeningDefend","blademaster:DaggerAndCloak"],"picked":"blademaster:EyeOfTheStorm","floor":1.0},{"not_picked":["blademaster:Cut","blademaster:OneTrickPony"],"picked":"blademaster:Stormstrike","floor":2.0},{"not_picked":["blademaster:Frenzy","blademaster:Havoc"],"picked":"blademaster:AspectOfLightning","floor":4.0},{"not_picked":["blademaster:Quickstep","blademaster:Frontflip"],"picked":"blademaster:Reversal","floor":5.0},{"not_picked":["blademaster:Thrust","blademaster:ParryingStrike"],"picked":"blademaster:Flurry","floor":10.0},{"not_picked":["blademaster:Thrust","blademaster:Momentum"],"picked":"blademaster:EyeOfTheTornado","floor":11.0},{"not_picked":["blademaster:AwakeningDefend","blademaster:BloodyBlow"],"picked":"blademaster:Empower","floor":13.0},{"not_picked":["blademaster:Stormstrike","blademaster:Slice"],"picked":"blademaster:Bloodbath","floor":14.0},{"not_picked":["blademaster:LightningDraw","blademaster:BladeDance"],"picked":"blademaster:ColdBlood","floor":16.0},{"not_picked":["blademaster:Overcharge","blademaster:Discharge"],"picked":"blademaster:Stability+1","floor":18.0},{"not_picked":["blademaster:BloodyBlow","blademaster:AwakeningStrike","blademaster:ThunderSlash"],"picked":"SKIP","floor":19.0},{"not_picked":["blademaster:AirSlash+1","blademaster:Frontflip+1"],"picked":"blademaster:Cut","floor":22.0},{"not_picked":["blademaster:DaggerAndCloak+1","blademaster:Thrust","blademaster:Quickstep"],"picked":"SKIP","floor":23.0},{"not_picked":["blademaster:AspectOfWind+1","blademaster:AirSlash","blademaster:Slice"],"picked":"SKIP","floor":25.0},{"not_picked":["blademaster:Sunder","blademaster:Reversal"],"picked":"blademaster:CombatPrep+1","floor":27.0},{"not_picked":["blademaster:Flurry+1","blademaster:CombatPrep+1"],"picked":"blademaster:ChargingUp+1","floor":29.0},{"not_picked":["blademaster:BloodyBlow","blademaster:Slice"],"picked":"blademaster:AncestralHealing+1","floor":31.0},{"not_picked":["blademaster:HighVoltage+1","blademaster:RollingTyphoon"],"picked":"blademaster:UnrelentingWind+1","floor":33.0},{"not_picked":["blademaster:CombatPrep+1","blademaster:AwakeningDefend+1"],"picked":"blademaster:EyeOfTheTornado","floor":35.0},{"not_picked":["blademaster:Slice+1","blademaster:Quickness"],"picked":"blademaster:Blockade+1","floor":37.0},{"not_picked":["blademaster:DeadlyDance+1","blademaster:Flurry+1"],"picked":"blademaster:ThunderingOpener","floor":38.0},{"not_picked":["blademaster:AspectOfWind+1","blademaster:DragonStrike+1"],"picked":"blademaster:CombatPrep+1","floor":39.0},{"not_picked":["blademaster:BladeMastery+1","blademaster:BrainBloom+1"],"picked":"blademaster:Blindside","floor":40},{"not_picked":["blademaster:AwakeningStrike+1","blademaster:Thrust+1"],"picked":"blademaster:SharpBlades+1","floor":41},{"not_picked":["blademaster:Stability","blademaster:CullingStrike","blademaster:ChargingUp+1"],"picked":"SKIP","floor":45},{"not_picked":["blademaster:Frontflip+1","blademaster:AwakeningDefend+1"],"picked":"blademaster:Cut+1","floor":46},{"not_picked":["blademaster:Sunder","blademaster:ChargingUp+1","blademaster:CullingStrike"],"picked":"SKIP","floor":48},{"not_picked":["blademaster:AirSlash+1","blademaster:ThunderingOpener+1"],"picked":"blademaster:EnchantedCuirass","floor":53},{"not_picked":["blademaster:Sunder+1","blademaster:Flurry+1"],"picked":"blademaster:Safeguard+1","floor":53},{"not_picked":["blademaster:ParryingStrike","blademaster:Flurry+1"],"picked":"blademaster:AwakeningDefend+1","floor":53},{"not_picked":["blademaster:DaggerAndCloak+1","blademaster:Reversal+1"],"picked":"blademaster:RagingBlow","floor":53},{"not_picked":["blademaster:Stormstrike+1","blademaster:Quickstep"],"picked":"blademaster:Momentum+1","floor":54}],"player_experience":75985,"relics_obtained":[{"floor":9.0,"key":"FossilizedHelix"},{"floor":11.0,"key":"Odd Mushroom"},{"floor":22.0,"key":"Red Mask"},{"floor":23.0,"key":"Du-Vu Doll"},{"floor":23.0,"key":"blademaster:LightningChargePerk"},{"floor":26.0,"key":"Nunchaku"},{"floor":40,"key":"Pen Nib"},{"floor":40,"key":"blademaster:BonusComboPerk"},{"floor":45,"key":"Ginger"},{"floor":45,"key":"blademaster:ComboEveryTurnPerk"},{"floor":54,"key":"Eternal Feather"},{"floor":54,"key":"blademaster:OnAttackedChargePerk"}],"event_choices":[{"damage_healed":0.0,"max_hp_gain":0.0,"max_hp_loss":0.0,"gold_gain":0.0,"event_name":"Lab","player_choice":"Got Potions","floor":3.0,"gold_loss":0.0,"damage_taken":0.0},{"damage_healed":0.0,"max_hp_gain":0.0,"max_hp_loss":0.0,"gold_gain":0.0,"event_name":"Mushrooms","player_choice":"Fought Mushrooms","floor":11.0,"gold_loss":0.0,"damage_taken":0.0},{"damage_healed":0.0,"max_hp_gain":0.0,"max_hp_loss":0.0,"gold_gain":99.0,"event_name":"Nest","player_choice":"Stole From Cult","floor":20.0,"gold_loss":0.0,"damage_taken":0.0},{"damage_healed":0.0,"max_hp_gain":0.0,"max_hp_loss":0.0,"gold_gain":0.0,"event_name":"Masked Bandits","player_choice":"Fought Bandits","floor":22.0,"gold_loss":0.0,"damage_taken":0.0},{"damage_healed":0.0,"max_hp_gain":0.0,"max_hp_loss":0.0,"gold_gain":0.0,"cards_transformed":["blademaster:Strike"],"event_name":"Transmorgrifier","player_choice":"Transformed","floor":24.0,"gold_loss":0.0,"damage_taken":0.0,"cards_obtained":["blademaster:WindSlash"]}],"is_beta":false,"boss_relics":[{"not_picked":["Busted Crown","SacredBark"],"picked":"SlaversCollar"},{"not_picked":["Black Star","Snecko Eye"],"picked":"Runic Pyramid"}],"items_purged_floors":[21,36,47,53],"is_endless":false,"potions_floor_spawned":[2,11,14,16,18,19,27,29,31,35,37,41,48,54],"ascension_level":0}}