{"host":"gk9qdtkqd8dwfeg2","time":1612888905,"event":{"mods":["Act Like it!","Aspiration","BaseMod","Colored Powertips","Gensokyo","Minty Spire (QoL Compilation)","Quick Restart","Replay The Spire","Shop Mod","StSLib","TestMod","The Servant 0.9.4","Waifu the Spire","WarShipGirlsR/’ΩΩ¢…Ÿ≈ÆR mod"],"gold_per_floor":[112,123,138,148,148,148,181,106,106,106,121,143,143,143,143,233,233,254,266,266,98,119,119,155,170,170,190,35,49,68,68,68,159,159,188,209,109,109,6,35,60,111,111,129,129,129,164,189,189,235,247,247,247,69,106,115],"floor_reached":57,"language":"ZHS","playtime":2042,"items_purged":["Pain","Voices","Strike_P"],"score":2912,"play_id":"d995cc15-93aa-4cf6-bbef-52774c6b169e","local_time":"20210210004145","is_ascension_mode":true,"campfire_choices":[{"data":"Eruption","floor":6.0,"key":"SMITH"},{"data":"ForeignInfluence","floor":10.0,"key":"SMITH"},{"data":"Tantrum","floor":13.0,"key":"SMITH"},{"floor":15.0,"key":"REST"},{"data":"Prostrate","floor":23.0,"key":"SMITH"},{"data":"Adaptation","floor":32.0,"key":"SMITH"},{"floor":49.0,"key":"RECALL"},{"data":"Fasting2","floor":53.0,"key":"SMITH"}],"circlet_count":0,"master_deck":["AscendersBane","Strike_P","Defend_P","Defend_P","Defend_P","Eruption+1","Vigilance","Tantrum+1","ForeignInfluence+1","Halt","BowlingBash","Prostrate+1","CutThroughFate","DeusExMachina+1","SpiritShield","Pray","EmptyMind","Wallop","Collect","Adaptation+1","Sanctity","Scrawl","Pray+1","MasterReality","FearNoEvil","Fasting2+1","Ragnarok","Indignation+1","Fasting2+1"],"relics":["PureWater","testmod-TestBox","testmod-Justice","aspiration:Nostalgia","m_SnakeCloak","Gensokyo:LunaticRedEyes","testmod-TheFather","Replay:Purple Gloves","testmod-NegativeEmotionEnhancer","ReplayTheSpireMod:Ring of Collecting","Ring of Panic","MerchantsRug","Ring of Hypnosis","Medical Kit","testmod-Fanaticism","Membership Card","aspiration:HiddenCompartment","testmod-IndustrialRevolution","ReplayTheSpireMod:Ninjato","Gensokyo:EmptyGrave","Toxic Egg 2","DollysMirror","Mummified Hand"],"acts_visited":["Exordium","Gensokyo:Gensokyo","Gensokyo:Gensokyoer","TheEnding"],"potions_floor_usage":[56,56,56],"damage_taken":[{"damage":0.0,"enemies":"Gensokyo:3_Fairies","floor":1.0,"turns":3.0},{"damage":3.0,"enemies":"Gensokyo:2_Kodama","floor":2.0,"turns":3.0},{"damage":9.0,"enemies":"Gensokyo:Gryphon","floor":3.0,"turns":4.0},{"damage":6.0,"enemies":"Gensokyo:2_Rabbits","floor":4.0,"turns":5.0},{"damage":12.0,"enemies":"Gensokyo:Mamizou","floor":7.0,"turns":6.0},{"damage":2.0,"enemies":"Gensokyo:CorruptedTreant","floor":11.0,"turns":3.0},{"damage":0.0,"enemies":"Gensokyo:LivingMonolith","floor":12.0,"turns":2.0},{"damage":15.0,"enemies":"Gensokyo:Kokoro","floor":16.0,"turns":4.0},{"damage":0.0,"enemies":"Gensokyo:2_Gloops","floor":18.0,"turns":1.0},{"damage":0.0,"enemies":"Gensokyo:Chomper","floor":19.0,"turns":2.0},{"damage":0.0,"enemies":"Gensokyo:Mirror_and_Dog","floor":22.0,"turns":1.0},{"damage":0.0,"enemies":"Gensokyo:Reisen","floor":24.0,"turns":2.0},{"damage":0.0,"enemies":"Gensokyo:Swordslinger","floor":25.0,"turns":2.0},{"damage":0.0,"enemies":"Gensokyo:Monolith_and_Dog","floor":27.0,"turns":1.0},{"damage":6.0,"enemies":"Gensokyo:Wraith","floor":29.0,"turns":3.0},{"damage":17.0,"enemies":"Gensokyo:Mirror_and_Dog","floor":30.0,"turns":3.0},{"damage":0.0,"enemies":"Gensokyo:Eternal_Rivals","floor":33.0,"turns":5.0},{"damage":38.0,"enemies":"Gensokyo:3_Boulders","floor":35.0,"turns":3.0},{"damage":0.0,"enemies":"Gensokyo:3_Bats","floor":36.0,"turns":1.0},{"damage":29.0,"enemies":"Gensokyo:Doremy","floor":40.0,"turns":4.0},{"damage":0.0,"enemies":"Gensokyo:AtlasGolem","floor":41.0,"turns":4.0},{"damage":22.0,"enemies":"Gensokyo:Kasen","floor":42.0,"turns":4.0},{"damage":0.0,"enemies":"Gensokyo:Rafflesia","floor":44.0,"turns":1.0},{"damage":73.0,"enemies":"Gensokyo:Doremy","floor":47.0,"turns":3.0},{"damage":0.0,"enemies":"Gensokyo:4_Bats","floor":48.0,"turns":1.0},{"damage":0.0,"enemies":"Gensokyo:Yuyuko","floor":50.0,"turns":3.0},{"damage":17.0,"enemies":"Gensokyo:Shinki","floor":51.0,"turns":5.0},{"damage":70.0,"enemies":"Shield and Spear","floor":55.0,"turns":3.0},{"damage":100,"enemies":"The Heart","floor":56,"turns":8}],"seed_played":"-5894706330819636306","potions_obtained":[{"floor":1.0,"key":"Adrenaline Potion"},{"floor":3.0,"key":"testmod-SpacePotion"},{"floor":7.0,"key":"CultistPotion"},{"floor":12.0,"key":"SkillPotion"},{"floor":22.0,"key":"ColorlessPotion"},{"floor":30.0,"key":"FairyPotion"},{"floor":35.0,"key":"Fire Potion"},{"floor":42.0,"key":"Cursed Concoction"},{"floor":47.0,"key":"LifebloodPotion"},{"floor":48.0,"key":"Strength Potion"},{"floor":55.0,"key":"GamblersBrew"}],"is_trial":false,"path_per_floor":["M","M","M","M","?","R","E","$","T","R","M","M","R","?","R","B",null,"M","M","?","$","M","R","E","M","T","M","COS","M","M","?","R","B",null,"M","M","$","?","$","E","M","E","T","M","?","?","E","M","R","B","B",null,"R","$","E","B",null],"character_chosen":"WATCHER","items_purchased":["MerchantsRug","Membership Card","Indignation+1","DollysMirror"],"campfire_rested":1,"item_purchase_floors":[21,39,54,54],"current_hp_per_floor":[61,58,49,43,43,43,31,31,31,31,29,29,29,29,49,34,60,63,65,65,65,68,68,72,73,73,74,74,70,56,56,56,59,73,40,44,44,44,44,68,70,67,67,69,69,69,76,77,77,78,79,79,79,79,80,81],"gold":115,"neow_bonus":"NOSTALGIA","is_daily":false,"chose_seed":false,"campfire_upgraded":6,"win_rate":0.0,"timestamp":1612888905,"path_taken":["M","?","M","M","?","R","E","$","T","R","M","M","R","?","R","BOSS","M","M","?","$","M","R","E","M","T","M","COS","M","M","?","R","BOSS","M","M","$","?","$","E","M","E","T","M","?","?","E","M","R","BOSS","BOSS","R","$","E","BOSS"],"items_purchased_type":["Relic","Relic","Card","Relic"],"build_version":"2020-12-22","purchased_purges":3,"victory":true,"max_hp_per_floor":[68,68,68,68,68,68,68,68,68,68,68,68,68,68,68,68,68,69,70,70,70,71,71,72,73,73,74,74,75,76,76,76,77,77,78,79,79,79,79,80,81,82,82,83,83,75,76,77,77,78,79,79,79,79,80,81],"card_choices":[{"not_picked":["ForeignInfluence","CarveReality"],"picked":"Tantrum","floor":1.0},{"not_picked":["Replay:ManipulateFuture","Replay:BluntJabs"],"picked":"ForeignInfluence","floor":2.0},{"not_picked":["CutThroughFate","SashWhip"],"picked":"Halt","floor":3.0},{"not_picked":["Replay:BluntJabs","Worship"],"picked":"BowlingBash","floor":4.0},{"not_picked":["Alpha","Prostrate","Tactician"],"picked":"SKIP","floor":7.0},{"not_picked":["Alpha","Tactician"],"picked":"Prostrate","floor":7.0},{"not_picked":["BowlingBash","JustLucky","ThirdEye"],"picked":"SKIP","floor":11.0},{"not_picked":["Replay:ManipulateFuture","Evaluate"],"picked":"CutThroughFate","floor":12.0},{"not_picked":["Judgement","Alpha"],"picked":"SpiritShield","floor":16.0},{"not_picked":["Pray+1","CrushJoints","Replay:AtTheReady"],"picked":"SKIP","floor":18.0},{"not_picked":["CutThroughFate","Replay:DivineShield"],"picked":"Pray","floor":19.0},{"not_picked":["Crescendo","FlyingSleeves","Prepared"],"picked":"SKIP","floor":22.0},{"not_picked":["Replay:LoomingThreat","Protect+1"],"picked":"EmptyMind","floor":24.0},{"not_picked":["Halt+1","Replay:ManipulateFuture+1"],"picked":"Wallop","floor":25.0},{"not_picked":["PathToVictory","FlyingSleeves"],"picked":"Collect","floor":27.0},{"not_picked":["DeceiveReality","BattleHymn"],"picked":"Adaptation","floor":29.0},{"not_picked":["Tactician","Replay:AtTheReady"],"picked":"Sanctity","floor":30.0},{"not_picked":["Storm of Steel","Brilliance"],"picked":"Scrawl","floor":33.0},{"not_picked":["Replay:DivineShield","FlyingSleeves","FlurryOfBlows"],"picked":"SKIP","floor":35.0},{"not_picked":["Wireheading+1","Sanctity+1"],"picked":"Pray+1","floor":36.0},{"not_picked":["WindmillStrike","EmptyFist+1","Evaluate"],"picked":"SKIP","floor":40.0},{"not_picked":["Pray","Prostrate+1"],"picked":"FearNoEvil","floor":41.0},{"not_picked":["Meditate","Wallop+1"],"picked":"Fasting2","floor":42.0},{"not_picked":["ClearTheMind","CutThroughFate+1","SashWhip"],"picked":"SKIP","floor":44.0},{"not_picked":["Weave","FlyingSleeves","Dagger Throw+1"],"picked":"SKIP","floor":47.0},{"not_picked":["Replay:Vibes+1","Adaptation"],"picked":"Ragnarok","floor":48.0},{"not_picked":["ThirdEye+1","EmptyBody+1","WreathOfFlame+1"],"picked":"SKIP","floor":55.0}],"player_experience":725347,"relics_obtained":[{"floor":7.0,"key":"testmod-TheFather"},{"floor":9.0,"key":"Replay:Purple Gloves"},{"floor":20.0,"key":"ReplayTheSpireMod:Ring of Collecting"},{"floor":20.0,"key":"Ring of Panic"},{"floor":24.0,"key":"Bronze Scales"},{"floor":26.0,"key":"Ring of Hypnosis"},{"floor":40.0,"key":"aspiration:HiddenCompartment"},{"floor":42.0,"key":"testmod-IndustrialRevolution"},{"floor":43.0,"key":"ReplayTheSpireMod:Ninjato"},{"floor":47.0,"key":"Toxic Egg 2"},{"floor":55.0,"key":"Mummified Hand"}],"event_choices":[],"is_beta":false,"boss_relics":[{"not_picked":["testmod-BloodSacrificeSpiritualization","testmod-BatchProcessingSystem"],"picked":"testmod-NegativeEmotionEnhancer"},{"not_picked":["Ring of Chaos","Astrolabe"],"picked":"testmod-Fanaticism"}],"items_purged_floors":[8,37,54],"is_endless":false,"potions_floor_spawned":[1,3,7,12,22,24,25,29,30,35,42,47,48,55],"ascension_level":20}}