{"host":"hwuw9fxoqh6hcgug","time":1612874490,"event":{"mods":["BaseMod","Downfall","Highlight Path","Minty Spire (QoL Compilation)","StSLib"],"gold_per_floor":[110,120,120,140,90,165,17,46,46,78,78,106,124,134,134,250,250,270,284,284,294,310,310,336,336,385,411,411,18,18,33,33,130,130,146,106,121,146,2,29,41,41,64,98,3,23,56,73,73,73],"floor_reached":51,"language":"FRA","playtime":4002,"items_purged":["Strike_G","Pain"],"score":1230,"play_id":"bc72eb74-32cd-4727-9e29-285559495a9f","local_time":"20210209134130","is_ascension_mode":true,"campfire_choices":[{"data":"Cloak And Dagger","floor":11.0,"key":"SMITH"},{"floor":15.0,"key":"REST"},{"data":"Blade Dance","floor":23.0,"key":"SMITH"},{"data":"Accuracy","floor":25.0,"key":"SMITH"},{"floor":30.0,"key":"REST"},{"data":"Neutralize","floor":32.0,"key":"SMITH"},{"data":"A Thousand Cuts","floor":42,"key":"SMITH"},{"data":"Accuracy","floor":49,"key":"SMITH"}],"circlet_count":0,"master_deck":["AscendersBane","Strike_G+1","Strike_G+1","Defend_G+1","Defend_G+1","Defend_G+1","Defend_G+1","Defend_G+1","Survivor","Neutralize+1","Cloak And Dagger+1","Blade Dance+1","Accuracy+1","Terror+1","Accuracy+1","Accuracy","Prepared+1","Quick Slash+1","Blade Dance+1","Well Laid Plans","A Thousand Cuts+1","Doubt","Finisher+1","Endless Agony+1","downfall:Aged","Dramatic Entrance+1"],"relics":["Ring of the Snake","Molten Egg 2","Paper Crane","Bird Faced Urn","Bottled Tornado","Cursed Key","Pen Nib","Matryoshka","Torii","WristBlade","Regal Pillow","Akabeko","Happy Flower","Incense Burner","Ornamental Fan","Anchor","TungstenRod","Oddly Smooth Stone"],"acts_visited":["Exordium","TheCity","TheBeyond"],"potions_floor_usage":[41,44,47,50],"damage_taken":[{"damage":1.0,"enemies":"Small Slimes","floor":1.0,"turns":7.0},{"damage":2.0,"enemies":"Jaw Worm","floor":2.0,"turns":5.0},{"damage":8.0,"enemies":"2 Louse","floor":4.0,"turns":3.0},{"damage":0.0,"enemies":"3 Sentries","floor":8.0,"turns":8.0},{"damage":6.0,"enemies":"Lagavulin","floor":10.0,"turns":5.0},{"damage":23.0,"enemies":"Gremlin Nob","floor":12.0,"turns":4.0},{"damage":13.0,"enemies":"2 Fungi Beasts","floor":13.0,"turns":5.0},{"damage":3.0,"enemies":"Blue Slaver","floor":14.0,"turns":2.0},{"damage":9.0,"enemies":"Slime Boss","floor":16.0,"turns":7.0},{"damage":19.0,"enemies":"Spheric Guardian","floor":18.0,"turns":4.0},{"damage":0.0,"enemies":"Shell Parasite","floor":19.0,"turns":3.0},{"damage":2.0,"enemies":"Sentry and Sphere","floor":21.0,"turns":4.0},{"damage":24.0,"enemies":"Snake Plant","floor":22.0,"turns":3.0},{"damage":14.0,"enemies":"Book of Stabbing","floor":24.0,"turns":5.0},{"damage":29.0,"enemies":"Slavers","floor":27.0,"turns":5.0},{"damage":0.0,"enemies":"Shelled Parasite and Fungi","floor":31.0,"turns":2.0},{"damage":21.0,"enemies":"Champ","floor":33.0,"turns":5.0},{"damage":0.0,"enemies":"Orb Walker","floor":35.0,"turns":3.0},{"damage":21.0,"enemies":"3 Shapes","floor":37.0,"turns":3.0},{"damage":0.0,"enemies":"Reptomancer","floor":40.0,"turns":3.0},{"damage":16,"enemies":"Transient","floor":41,"turns":5},{"damage":1,"enemies":"Giant Head","floor":44,"turns":5},{"damage":0,"enemies":"Jaw Worm Horde","floor":46,"turns":2},{"damage":0,"enemies":"Reptomancer","floor":47,"turns":3},{"damage":0,"enemies":"Sphere and 2 Shapes","floor":48,"turns":3},{"damage":78,"enemies":"Donu and Deca","floor":50,"turns":8}],"seed_played":"-8852778018854202876","potions_obtained":[{"floor":2.0,"key":"SkillPotion"},{"floor":8.0,"key":"Energy Potion"},{"floor":10.0,"key":"AttackPotion"},{"floor":13.0,"key":"ColorlessPotion"},{"floor":14.0,"key":"Dexterity Potion"},{"floor":19.0,"key":"Weak Potion"},{"floor":21.0,"key":"LiquidBronze"},{"floor":22.0,"key":"Block Potion"},{"floor":27.0,"key":"DuplicationPotion"},{"floor":33.0,"key":"ColorlessPotion"},{"floor":35.0,"key":"EntropicBrew"},{"floor":37.0,"key":"Regen Potion"},{"floor":46,"key":"Block Potion"},{"floor":48,"key":"Regen Potion"}],"is_trial":false,"path_per_floor":["M","M","?","M","?","?","$","E","T","E","R","E","M","M","R","B",null,"M","M","?","M","M","R","E","R","T","E","?","$","R","M","R","B",null,"M","?","M","T","$","E","M","R","T","E","$","M","E","M","R","B",null],"character_chosen":"THE_SILENT","items_purchased":["Accuracy","Torii","Happy Flower","Dramatic Entrance+1"],"campfire_rested":2,"item_purchase_floors":[7,29,39,45],"current_hp_per_floor":[69,67,60,52,52,41,41,41,41,35,35,16,9,12,35,32,66,53,59,59,63,43,43,35,35,35,12,12,12,35,41,41,28,65,67,67,52,52,52,60,52,52,52,75,75,77,77,77,77,15],"gold":73,"neow_bonus":"TEN_PERCENT_HP_BONUS","is_daily":false,"chose_seed":false,"campfire_upgraded":6,"win_rate":0.0,"timestamp":1612874490,"path_taken":["M","M","?","M","?","?","$","E","T","E","R","E","M","M","R","BOSS","M","M","?","M","M","R","E","R","T","E","?","$","R","M","R","BOSS","M","?","?","?","$","E","?","R","T","E","$","M","E","M","R","BOSS"],"items_purchased_type":["Card","Relic","Relic","Card"],"build_version":"2020-12-22","purchased_purges":2,"victory":true,"max_hp_per_floor":[77,77,77,77,77,77,77,77,77,77,77,77,77,77,77,77,77,77,77,77,77,77,77,77,77,77,77,77,77,77,77,77,77,77,77,77,77,77,77,77,77,77,77,77,77,77,77,77,77,77],"card_choices":[{"not_picked":["Deadly Poison","Dodge and Roll"],"picked":"Cloak And Dagger","floor":1.0},{"not_picked":["Prepared","Footwork"],"picked":"Blade Dance","floor":2.0},{"not_picked":["Dash","Slice","Wraith Form v2"],"picked":"SKIP","floor":4.0},{"not_picked":["Poisoned Stab+1","Sucker Punch+1"],"picked":"Terror","floor":8.0},{"not_picked":["Dagger Spray+1","Dodge and Roll"],"picked":"Accuracy","floor":10.0},{"not_picked":["Cloak And Dagger","Doppelganger"],"picked":"Accuracy","floor":12.0},{"not_picked":["Acrobatics","Eviscerate+1","Masterful Stab+1"],"picked":"SKIP","floor":13.0},{"not_picked":["Outmaneuver","PiercingWail","Poisoned Stab+1"],"picked":"SKIP","floor":14.0},{"not_picked":["Backflip","Sucker Punch+1"],"picked":"Prepared+1","floor":18.0},{"not_picked":["Tactician+1","Dodge and Roll+1"],"picked":"Quick Slash+1","floor":19.0},{"not_picked":["PiercingWail","Outmaneuver","Dodge and Roll+1"],"picked":"SKIP","floor":21.0},{"not_picked":["Bane+1","Sucker Punch+1","Riddle With Holes+1"],"picked":"SKIP","floor":22.0},{"not_picked":["Acrobatics+1","Escape Plan"],"picked":"Blade Dance","floor":24.0},{"not_picked":["Blur+1","PiercingWail"],"picked":"Well Laid Plans","floor":27.0},{"not_picked":["Expertise","Grand Finale+1","Prepared"],"picked":"SKIP","floor":31.0},{"not_picked":["Malaise","Envenom"],"picked":"A Thousand Cuts","floor":33.0},{"not_picked":["Flying Knee+1","Quick Slash+1","Riddle With Holes+1"],"picked":"SKIP","floor":35.0},{"not_picked":["Flying Knee+1","Quick Slash+1","Riddle With Holes+1"],"picked":"SKIP","floor":35.0},{"not_picked":["Bane+1","Bouncing Flask","Dagger Spray+1"],"picked":"SKIP","floor":37.0},{"not_picked":["Bane+1","Dagger Spray+1"],"picked":"Finisher+1","floor":40.0},{"not_picked":["Deadly Poison+1","Poisoned Stab+1"],"picked":"Endless Agony+1","floor":41},{"not_picked":["Skewer+1","Well Laid Plans","Calculated Gamble"],"picked":"SKIP","floor":44},{"not_picked":["Cloak And Dagger","Slice+1","Dash+1"],"picked":"SKIP","floor":46},{"not_picked":["Cloak And Dagger","Slice+1","Dash+1"],"picked":"SKIP","floor":46},{"not_picked":["Outmaneuver+1","Acrobatics+1","Terror"],"picked":"SKIP","floor":47},{"not_picked":["Unload+1","Skewer+1","Blade Dance"],"picked":"SKIP","floor":48}],"player_experience":819915,"relics_obtained":[{"floor":8.0,"key":"Molten Egg 2"},{"floor":9.0,"key":"Paper Crane"},{"floor":10.0,"key":"Bird Faced Urn"},{"floor":12.0,"key":"Bottled Tornado"},{"floor":24.0,"key":"Pen Nib"},{"floor":27.0,"key":"Matryoshka"},{"floor":38.0,"key":"Regal Pillow"},{"floor":38.0,"key":"Akabeko"},{"floor":40.0,"key":"Incense Burner"},{"floor":43,"key":"Ornamental Fan"},{"floor":43,"key":"Anchor"},{"floor":44,"key":"TungstenRod"},{"floor":47,"key":"Oddly Smooth Stone"}],"event_choices":[{"cards_removed":["Strike_G"],"damage_healed":0.0,"max_hp_gain":0.0,"max_hp_loss":0.0,"gold_gain":0.0,"event_name":"Golden Wing","player_choice":"Card Removal","floor":3.0,"gold_loss":0.0,"damage_taken":7.0},{"cards_removed":["Strike_G"],"damage_healed":0.0,"max_hp_gain":0.0,"max_hp_loss":0.0,"gold_gain":0.0,"event_name":"The Cleric","player_choice":"Card Removal","floor":5.0,"gold_loss":50.0,"damage_taken":0.0},{"damage_healed":0.0,"max_hp_gain":0.0,"max_hp_loss":0.0,"gold_gain":75.0,"event_name":"World of Goop","player_choice":"Gather Gold","floor":6.0,"gold_loss":0.0,"damage_taken":11.0},{"damage_healed":0.0,"max_hp_gain":0.0,"max_hp_loss":0.0,"gold_gain":0.0,"event_name":"Back to Basics","player_choice":"Simplicity","floor":28.0,"gold_loss":0.0,"damage_taken":0.0,"cards_upgraded":["Strike_G","Strike_G","Defend_G","Defend_G","Defend_G","Defend_G","Defend_G"]},{"damage_healed":0.0,"max_hp_gain":0.0,"max_hp_loss":0.0,"gold_gain":0.0,"event_name":"Designer","player_choice":"Upgraded Two","floor":36.0,"gold_loss":40.0,"damage_taken":0.0,"cards_upgraded":["Blade Dance","Terror"]}],"is_beta":false,"boss_relics":[{"not_picked":["Snecko Eye","Astrolabe"],"picked":"Cursed Key"},{"not_picked":["bronze:MakeshiftBattery","Calling Bell"],"picked":"WristBlade"}],"items_purged_floors":[7,29],"is_endless":false,"potions_floor_spawned":[2,8,10,13,14,19,21,22,27,33,35,37,46,48],"ascension_level":10}}