{"host":"dscols65uipasqd2","time":1612915070,"event":{"mods":["2.2 Compatiblity","AchievementEnabler","Aspiration","BaseMod","Colored Powertips","Downfall","Energized Spire","GifTheSpireLib","Hermit","Hubris","Infinite Spire","JesterMod","Jorbs\u0027s Wanderer Trilogy","Marisa????????","Minty Spire (QoL Compilation)","Rare Cards Sparkle","Replay The Spire","StSLib","Stuff the Spire","The Cursed","The Disciple","The Hierophant","The Judge","The Jungle","The Runesmith","TheFirefly"],"gold_per_floor":[99,99,26,26,44,44,44,29,42,59,72,104,4,4,16,120,120,120,137,137,156,156,156,156,191,211,211,233,248,273,296,315,417,417,417,433,452,476,476,476,500,12,12,12,12,41,41,90,90,90],"floor_reached":51,"language":"ENG","playtime":2441,"items_purged":[],"score":1079,"play_id":"fe3b86a7-255c-4cfa-938e-d41c1c540ed6","local_time":"20210209185750","is_ascension_mode":true,"campfire_choices":[{"floor":1,"key":"RECALL"},{"data":"Slimebound:Split","floor":6,"key":"SMITH"},{"floor":13,"key":"REST"},{"floor":18,"key":"DIG"},{"floor":27,"key":"REST"},{"data":"StuffTheSpire:CelestialWarden","floor":35,"key":"SMITH"},{"floor":43,"key":"REST"},{"data":"Apotheosis","floor":45,"key":"SMITH"},{"data":"infinitespire:TheBestDefense","floor":47,"key":"SMITH"},{"data":"hubris:Fate","floor":49,"key":"SMITH"}],"circlet_count":0,"master_deck":["Slimebound:Strike_Slimebound","Slimebound:Strike_Slimebound","Slimebound:Strike_Slimebound","Slimebound:Tackle","Slimebound:Defend_Slimebound","Slimebound:Defend_Slimebound","Slimebound:Defend_Slimebound","Slimebound:Defend_Slimebound","Slimebound:Split+1","Slimebound:CorrosiveSpit","Slimebound:Prepare","Slimebound:SplitLeeching","Slimebound:ItLooksTasty","Slimebound:Nibble","Slimebound:SplitBruiser","Slimebound:LeechLife","Slimebound:Schlurp","Slimebound:DivideAndConquer","Slimebound:SamplingLick","Slimebound:LevelUp","Slimebound:LevelUp","Slimebound:Schlurp","Slimebound:DouseInSlime","Pot Of Greed","Pot Of Greed","Clumsy","Parasite","hubris:Greed","Slimebound:Prepare+1","Slimebound:ProtectTheBoss+1","StuffTheSpire:CelestialWarden+1","infinitespire:TheBestDefense+1","Slimebound:Chomp","Slimebound:RejuvenatingLick+1","Slimebound:Prepare+1","Slimebound:SlimeBrawl+1","Slimebound:LivingWall","Slimebound:SlimeBarrage","Slimebound:GoopTackle","Slimebound:MinionMaster","Slimebound:ForwardTackle+1","Slimebound:ProtectTheBoss+1","hubris:Greed","Slimebound:RollThrough+1","StuffTheSpire:BrainWave","stsjorbsmod:Amnesia","Shame","hubris:Fate+1","Slimebound:RollThrough","expansioncontent:YouAreMine","Apotheosis+1","Slimebound:HauntingLick+1","hubris:Greed","Slimebound:Repurpose+1","hubris:Greed"],"relics":["Slimebound:AbsorbEndCombat","downfall:HeartsMalice","Kunai","Boot","downfall:HeartBlessingRed","Replay:Ancient Bell","infinitespire:Broken Mirror","infinitespire:Joker Card","Mummified Hand","hubris:Towel","Pen Nib","hubris:ScarierMask","Iron Hammer","Bag of Marbles","aspiration:FutureDiary","aspiration:KaomsHeart"],"acts_visited":["Exordium","TheCity","TheBeyond"],"potions_floor_usage":[10,12,16,16,32,33,33,33,38,48],"damage_taken":[{"damage":0,"enemies":"Cultist","floor":2,"turns":1},{"damage":0,"enemies":"downfall:FleeingMerchant","floor":3,"turns":1},{"damage":0,"enemies":"2 Louse","floor":4,"turns":1},{"damage":1,"enemies":"Jaw Worm","floor":5,"turns":4},{"damage":0,"enemies":"downfall:FleeingMerchant","floor":8,"turns":4},{"damage":0,"enemies":"2 Fungi Beasts","floor":9,"turns":4},{"damage":0,"enemies":"Exordium Thugs","floor":10,"turns":3},{"damage":6,"enemies":"Exordium Wildlife","floor":11,"turns":4},{"damage":21,"enemies":"3 Sentries","floor":12,"turns":5},{"damage":10,"enemies":"Gremlin Gang","floor":15,"turns":4},{"damage":12,"enemies":"DF_ARCHETYPE_STREAMLINE","floor":16,"turns":5},{"damage":9,"enemies":"Shell Parasite","floor":19,"turns":4},{"damage":23,"enemies":"Snake Plant","floor":21,"turns":4},{"damage":0,"enemies":"Slavers","floor":25,"turns":3},{"damage":0,"enemies":"Centurion and Healer","floor":26,"turns":3},{"damage":0,"enemies":"3 Cultists","floor":28,"turns":3},{"damage":0,"enemies":"Snecko","floor":29,"turns":3},{"damage":0,"enemies":"Centurion and Healer","floor":30,"turns":3},{"damage":0,"enemies":"Chosen and Byrds","floor":31,"turns":3},{"damage":10,"enemies":"Snake Plant","floor":32,"turns":3},{"damage":1,"enemies":"SI_MIRROR_ARCHETYPE","floor":33,"turns":5},{"damage":8,"enemies":"Orb Walker","floor":36,"turns":2},{"damage":1,"enemies":"3 Darklings","floor":37,"turns":4},{"damage":47,"enemies":"Transient","floor":38,"turns":5},{"damage":0,"enemies":"downfall:FleeingMerchant","floor":42,"turns":4},{"damage":3,"enemies":"Maw","floor":46,"turns":8},{"damage":17,"enemies":"Reptomancer","floor":48,"turns":4},{"damage":14,"enemies":"IC_BLOCK_ARCHETYPE","floor":50,"turns":9}],"seed_played":"9171529999370386698","potions_obtained":[{"floor":5,"key":"Dexterity Potion"},{"floor":9,"key":"SneckoOil"},{"floor":11,"key":"champ:CounterPotion"},{"floor":16,"key":"bronze:BurnAndBuffPotion"},{"floor":19,"key":"Strength Potion"},{"floor":25,"key":"ColorlessPotion"},{"floor":30,"key":"Adrenaline Potion"},{"floor":32,"key":"LifebloodPotion"},{"floor":36,"key":"Slimebound:SlimyTonguePotion"},{"floor":46,"key":"SneckoOil"}],"is_trial":false,"path_per_floor":["R","M","$","M","M","R","T","$","M","M","M","E","R","?","M","B",null,"R","M","?","M","?","AVR","T","E","M","R","M","M","M","M","M","B",null,"R","M","M","M","?","?","T","$","R","?","R","M","R","E","R","B",null],"character_chosen":"SLIMEBOUND","items_purchased":["PowerPotion","Slimebound:ItLooksTasty","aspiration:KaomsHeart","expansioncontent:YouAreMine"],"campfire_rested":3,"item_purchase_floors":[3,3,42,42],"current_hp_per_floor":[65,65,65,65,65,65,65,65,65,65,59,48,65,65,57,53,65,65,56,56,37,37,37,37,41,43,62,65,65,65,65,57,65,65,65,59,62,23,23,23,23,127,159,159,159,159,159,142,142,136],"gold":90,"neow_bonus":"THREE_ENEMY_KILL","is_daily":false,"chose_seed":false,"campfire_upgraded":5,"win_rate":0.0,"timestamp":1612915070,"path_taken":["R","M","$","M","M","R","T","?","M","M","M","E","R","?","M","BOSS","R","M","?","M","?","AVR","T","E","M","R","M","M","M","M","M","BOSS","R","M","M","M","?","?","T","$","R","?","R","?","R","E","R","BOSS"],"items_purchased_type":["Potion","Card","Relic","Card"],"build_version":"2020-12-22","purchased_purges":0,"victory":true,"max_hp_per_floor":[65,65,65,65,65,65,65,65,65,65,65,65,65,65,65,65,65,65,65,65,65,65,65,65,65,65,65,65,65,65,65,65,65,65,65,65,65,65,59,59,59,159,159,159,159,159,159,159,159,159],"card_choices":[{"not_picked":["Slimebound:SlimeSpikes","Slimebound:FinishingTackle"],"picked":"Slimebound:Prepare","floor":2},{"not_picked":["Slimebound:ViciousTackle","Slimebound:BestDefense"],"picked":"Slimebound:SplitLeeching","floor":3},{"not_picked":["Slimebound:SplitMire","Slimebound:GoopSpray"],"picked":"Slimebound:Nibble","floor":4},{"not_picked":["Slimebound:ForwardTackle","Slimebound:LivingWall"],"picked":"Slimebound:SplitBruiser","floor":5},{"not_picked":["Slimebound:FinishingTackle","Slimebound:Repurpose"],"picked":"Slimebound:LeechLife","floor":8},{"not_picked":["Slimebound:Chomp","Slimebound:ViciousTackle"],"picked":"Slimebound:Schlurp","floor":9},{"not_picked":["Slimebound:HauntingLick","Slimebound:ItLooksTasty"],"picked":"Slimebound:DivideAndConquer","floor":10},{"not_picked":["Slimebound:BestDefense","Slimebound:ForwardTackle"],"picked":"Slimebound:SamplingLick","floor":11},{"not_picked":["Slimebound:ViciousTackle","Slimebound:BestDefense"],"picked":"Slimebound:LevelUp","floor":12},{"not_picked":["Slimebound:OneTwoCombo","Slimebound:SplitMire"],"picked":"Slimebound:Schlurp","floor":15},{"not_picked":["Slimebound:SlimeSlap","Slimebound:WasteNot"],"picked":"Slimebound:DouseInSlime","floor":16},{"not_picked":["downfall:Aged","downfall:Icky"],"picked":"Clumsy","floor":17},{"not_picked":["hubris:Compulsion","Normality"],"picked":"Parasite","floor":17},{"not_picked":["Languid","hubris:Compulsion"],"picked":"hubris:Greed","floor":17},{"not_picked":["Slimebound:FinishingTackle","Slimebound:SplitLeeching+1"],"picked":"Slimebound:Prepare+1","floor":19},{"not_picked":["Slimebound:FinishingTackle+1","Slimebound:SamplingLick"],"picked":"Slimebound:ProtectTheBoss+1","floor":21},{"not_picked":["StuffTheSpire:Harmony","StuffTheSpire:Brawn"],"picked":"StuffTheSpire:CelestialWarden","floor":22},{"not_picked":["Slimebound:SlimeSpikes","Slimebound:ForwardTackle"],"picked":"Slimebound:Chomp","floor":25},{"not_picked":["Slimebound:SamplingLick","Slimebound:OneTwoCombo"],"picked":"Slimebound:RejuvenatingLick+1","floor":26},{"not_picked":["Slimebound:LivingWall","Slimebound:BestDefense+1"],"picked":"Slimebound:Prepare+1","floor":28},{"not_picked":["Slimebound:SamplingLick","Slimebound:LivingWall"],"picked":"Slimebound:SlimeBrawl+1","floor":29},{"not_picked":["Slimebound:Prepare","Slimebound:SamplingLick"],"picked":"Slimebound:LivingWall","floor":30},{"not_picked":["Slimebound:LeechingTouch","Slimebound:Prepare+1"],"picked":"Slimebound:SlimeBarrage","floor":31},{"not_picked":["Slimebound:LivingWall","Slimebound:SamplingLick"],"picked":"Slimebound:GoopTackle","floor":32},{"not_picked":["Slimebound:Overexert","Slimebound:TagTeam"],"picked":"Slimebound:MinionMaster","floor":33},{"not_picked":["Slimebound:SamplingLick+1","Slimebound:HauntingLick+1"],"picked":"Slimebound:ForwardTackle+1","floor":36},{"not_picked":["Slimebound:RejuvenatingLick","Slimebound:ViciousTackle"],"picked":"Slimebound:ProtectTheBoss+1","floor":37},{"not_picked":["Slimebound:FinishingTackle+1","Slimebound:ForwardTackle"],"picked":"Slimebound:RollThrough+1","floor":38},{"not_picked":["infinitespire:Oblivion","ReplayTheSpireMod:Chaos Vortex"],"picked":"hubris:Fate","floor":40},{"not_picked":["Slimebound:SlimeBrawl+1","Slimebound:SlimeBarrage"],"picked":"Slimebound:RollThrough","floor":42},{"not_picked":["Slimebound:LeechingTouch","Slimebound:PressTheAttack"],"picked":"Slimebound:HauntingLick+1","floor":46},{"not_picked":["Slimebound:Recycling","Slimebound:GrowthPunch"],"picked":"Slimebound:Repurpose+1","floor":48}],"player_experience":616227,"relics_obtained":[{"floor":7,"key":"Kunai"},{"floor":12,"key":"Boot"},{"floor":18,"key":"Mummified Hand"},{"floor":24,"key":"Iron Hammer"},{"floor":25,"key":"Bag of Marbles"},{"floor":48,"key":"aspiration:KMNothing"}],"event_choices":[],"is_beta":false,"boss_relics":[{"not_picked":["aspiration:WatcherSkillbook","Pandora\u0027s Box"],"picked":"Replay:Ancient Bell"},{"not_picked":["Dream Catcher","hubris:OldNail"],"picked":"Grinning Jar"},{"not_picked":["Replay:Bottled Snecko","ReplayTheSpireMod:Ninjato"],"picked":"infinitespire:Broken Mirror"},{"not_picked":["StuffTheSpire:Nightcore","FossilizedHelix"],"picked":"infinitespire:Joker Card"},{"not_picked":["hubris:TerracottaHorce","hubris:GrandSneckoEye"],"picked":"aspiration:FutureDiary"}],"items_purged_floors":[],"is_endless":false,"potions_floor_spawned":[5,9,11,16,19,25,26,30,32,36,46],"ascension_level":3}}