{"host":"y6zg4wwu39otf01a","time":1612890770,"event":{"mods":["Act Like it!","Aspiration","BaseMod","Better Altar","Better Match","Better Note","Better Sensory Stone","Better Skull","Better Third Choice","Challenge The Spire","Colored Map","Colored Powertips","Conspire","GifTheSpireLib","Glutton Mod","Halation","Hermit","Highlight Path","Hubris","Infinite Spire","Mimic Mod","Minty Spire (QoL Compilation)","Quick Restart","Random Character Button","Rare Cards Sparkle","Replay The Spire","Retaliation","Spicy Shops","Spire Arcade","StSLib","Stuff the Spire","The Blue Laboratory","The Jungle"],"gold_per_floor":[112,38,38,51,18,18,45,45,45,57,57,75,75,92,92,92,92],"floor_reached":16,"language":"ENG","playtime":713,"items_purged":[],"score":131,"play_id":"24b81611-19c9-40c8-a69b-321c8ece33bc","local_time":"20210209111250","is_ascension_mode":true,"campfire_choices":[{"data":"Zap","floor":6,"key":"SMITH"},{"data":"ReplayTheSpireMod:Calculation Training","floor":11,"key":"SMITH"},{"data":"Redo","floor":15,"key":"SMITH"}],"circlet_count":0,"master_deck":["Strike_B","Strike_B","Strike_B+1","Strike_B","Defend_B","Defend_B","Defend_B","Defend_B","Zap+1","Dualcast","Turbo","ReplayTheSpireMod:Calculation Training+1","Regret","Beam Cell+1","BasicCrystalCard","Aggregate","StuffTheSpire:Plugnplay","Gash","Redo+1"],"relics":["Cracked Core","NeowsBlessing","StuffTheSpire:RedRose","hubris:SphereOfDissonance","aspiration:BabyByrd","hubris:MedicalManual"],"acts_visited":["Exordium"],"potions_floor_usage":[12,14],"damage_taken":[{"damage":0,"enemies":"Jaw Worm","floor":1,"turns":1},{"damage":0,"enemies":"conspire:RoseBush","floor":4,"turns":1},{"damage":0,"enemies":"Gremlin Nob","floor":7,"turns":1},{"damage":0,"enemies":"2 Louse","floor":10,"turns":1},{"damage":17,"enemies":"Large Slime","floor":12,"turns":6},{"damage":0,"enemies":"3 Louse","floor":14,"turns":3},{"damage":48,"enemies":"Hexaghost","floor":16,"turns":7}],"seed_played":"-6494818473233521154","potions_obtained":[{"floor":10,"key":"blueLaboratory:SystemWipe"},{"floor":12,"key":"Fire Potion"}],"is_trial":false,"path_per_floor":["M","$","?","M","$","R","E","?","T","M","R","M","?","M","R","B"],"character_chosen":"DEFECT","items_purchased":["ReplayTheSpireMod:Calculation Training","BasicCrystalCard"],"campfire_rested":0,"item_purchase_floors":[2,5],"current_hp_per_floor":[75,75,75,75,75,75,75,75,75,75,75,58,43,43,43,0,0],"gold":92,"neow_bonus":"THREE_ENEMY_KILL","is_daily":false,"chose_seed":false,"campfire_upgraded":3,"win_rate":0.0,"timestamp":1612890770,"path_taken":["M","$","?","M","$","R","E","?","T","M","R","M","?","M","R","BOSS"],"items_purchased_type":["Card","Card"],"build_version":"2020-12-22","purchased_purges":0,"victory":false,"max_hp_per_floor":[75,75,75,75,75,75,75,75,75,75,75,75,75,75,75,75,75],"card_choices":[{"not_picked":["Steam","Hologram"],"picked":"Turbo","floor":1},{"not_picked":["Compile Driver","Reinforced Body"],"picked":"Beam Cell","floor":4},{"not_picked":["StuffTheSpire:LoadUp","BasicCrystalCard"],"picked":"Aggregate","floor":7},{"not_picked":["Aggregate","Gash","StuffTheSpire:Plugnplay"],"picked":"SKIP","floor":10},{"not_picked":["Aggregate","Gash"],"picked":"StuffTheSpire:Plugnplay","floor":10},{"not_picked":["Barrage","Heatsinks"],"picked":"Gash","floor":12},{"not_picked":["Compile Driver","Tempest"],"picked":"Redo","floor":14}],"player_experience":752850,"relics_obtained":[{"floor":7,"key":"hubris:SphereOfDissonance"},{"floor":9,"key":"hubris:MedicalManual"}],"event_choices":[{"damage_healed":58,"gold_gain":0,"player_choice":"Upgrade","damage_taken":15,"max_hp_gain":0,"max_hp_loss":75,"event_name":"betterThird:BetterShining","floor":13,"gold_loss":0,"cards_upgraded":["Strike_B","Beam Cell"]}],"is_beta":false,"boss_relics":[],"items_purged_floors":[],"is_endless":false,"potions_floor_spawned":[10,12],"killed_by":"Hexaghost","ascension_level":1}}