{"host":"nwtxriuk34b069je","time":1612913759,"event":{"mods":["AchievementEnabler","BaseMod","Better Skull","Colored Map","Colored Powertips","Hermit","Minty Spire (QoL Compilation)","Relic Stats","StSLib"],"gold_per_floor":[119,119,32,32,47,47,78,90,114,144,109,109,121,133,133,238,238,258,185,200,18,18,18,18,18],"floor_reached":24,"language":"ENG","playtime":813,"items_purged":[],"score":294,"play_id":"df182fb2-acc2-4cbb-bb30-55f7249f6049","local_time":"20210209173559","is_ascension_mode":false,"campfire_choices":[{"data":"Noxious Fumes","floor":6,"key":"SMITH"},{"floor":15,"key":"REST"},{"floor":23,"key":"REST"}],"circlet_count":0,"master_deck":["Strike_G","Strike_G","Strike_G","Strike_G","Defend_G","Defend_G","Defend_G","Defend_G","Defend_G","Survivor","Neutralize","Noxious Fumes+1","Caltrops","Blade Dance","Dash","Skewer","Cloak And Dagger","Infinite Blades","Crippling Poison","Dash","Phantasmal Killer","Footwork","Accuracy","Dodge and Roll","Blur"],"relics":["Ring of the Snake","Art of War","Ancient Tea Set","Omamori","Enchiridion"],"acts_visited":["Exordium","TheCity"],"potions_floor_usage":[16],"damage_taken":[{"damage":10,"enemies":"Cultist","floor":1,"turns":4},{"damage":6,"enemies":"2 Louse","floor":5,"turns":3},{"damage":30,"enemies":"3 Sentries","floor":7,"turns":7},{"damage":1,"enemies":"Jaw Worm","floor":8,"turns":3},{"damage":0,"enemies":"Large Slime","floor":13,"turns":5},{"damage":13,"enemies":"3 Louse","floor":14,"turns":3},{"damage":42,"enemies":"Slime Boss","floor":16,"turns":10},{"damage":19,"enemies":"Shell Parasite","floor":18,"turns":7},{"damage":32,"enemies":"2 Thieves","floor":20,"turns":4},{"damage":30,"enemies":"Slavers","floor":24,"turns":4}],"seed_played":"7228069907227915844","potions_obtained":[{"floor":1,"key":"Explosive Potion"}],"is_trial":true,"path_per_floor":["M","?","$","?","M","R","E","M","T","?","?","$","M","M","R","B",null,"M","$","M","$","?","R","E"],"character_chosen":"THE_SILENT","items_purchased":["Caltrops","Blade Dance","Accuracy","Blur","Omamori"],"campfire_rested":2,"item_purchase_floors":[3,3,19,21,21],"current_hp_per_floor":[60,65,65,65,59,59,29,28,28,28,46,46,46,33,55,13,75,56,56,24,24,8,30,0,0],"gold":18,"neow_bonus":"","is_daily":false,"chose_seed":false,"campfire_upgraded":1,"win_rate":0.0,"timestamp":1612913759,"path_taken":["M","?","$","?","?","R","E","M","T","?","?","$","M","M","R","BOSS","M","$","M","$","?","R","E"],"items_purchased_type":["Card","Card","Card","Card","Relic"],"build_version":"2020-12-22","purchased_purges":0,"victory":false,"max_hp_per_floor":[70,75,75,75,75,75,75,75,75,75,75,75,75,75,75,75,75,75,75,75,75,75,75,75,75],"relic_stats":{"counters":[10,50],"Art of War":[2],"obtain_stats":[{"Enchiridion":22,"Art of War":7,"Omamori":21,"Ancient Tea Set":9,"Ring of the Snake":0},{"Enchiridion":9,"Art of War":3,"Omamori":9,"Ancient Tea Set":4,"Ring of the Snake":0},{"Enchiridion":46,"Art of War":14,"Omamori":46,"Ancient Tea Set":17,"Ring of the Snake":0}],"Ring of the Snake":[20]},"card_choices":[{"not_picked":["Poisoned Stab","Prepared"],"picked":"Noxious Fumes","floor":1},{"not_picked":["Flying Knee","Bane"],"picked":"Skewer","floor":5},{"not_picked":["Eviscerate","Quick Slash"],"picked":"Cloak And Dagger","floor":7},{"not_picked":["PiercingWail","Underhanded Strike"],"picked":"Infinite Blades","floor":8},{"not_picked":["Deflect","Flechettes"],"picked":"Crippling Poison","floor":13},{"not_picked":["Slice","Cloak And Dagger"],"picked":"Dash","floor":14},{"not_picked":["A Thousand Cuts","After Image"],"picked":"Phantasmal Killer","floor":16},{"not_picked":["Flying Knee+1","All Out Attack+1"],"picked":"Footwork","floor":18},{"not_picked":["Tactician+1","Outmaneuver"],"picked":"Dodge and Roll","floor":20}],"player_experience":532486,"relics_obtained":[{"floor":7,"key":"Art of War"},{"floor":9,"key":"Ancient Tea Set"},{"floor":22,"key":"Enchiridion"}],"event_choices":[{"damage_healed":0,"gold_gain":0,"player_choice":"Donut","damage_taken":0,"max_hp_gain":5,"max_hp_loss":0,"event_name":"Big Fish","floor":2,"gold_loss":0},{"damage_healed":0,"gold_gain":0,"cards_transformed":["Strike_G"],"player_choice":"Transformed","damage_taken":0,"max_hp_gain":0,"max_hp_loss":0,"event_name":"Transmorgrifier","floor":4,"gold_loss":0,"cards_obtained":["Dash"]},{"damage_healed":0,"gold_gain":30,"player_choice":"Searched \u00272\u0027 times","damage_taken":0,"max_hp_gain":0,"max_hp_loss":0,"event_name":"Dead Adventurer","floor":10,"gold_loss":0},{"damage_healed":18,"gold_gain":0,"player_choice":"Healed","damage_taken":0,"max_hp_gain":0,"max_hp_loss":0,"event_name":"The Cleric","floor":11,"gold_loss":35},{"damage_healed":0,"gold_gain":0,"player_choice":"Obtained Book","damage_taken":16,"max_hp_gain":0,"max_hp_loss":0,"event_name":"Cursed Tome","floor":22,"gold_loss":0}],"is_beta":false,"boss_relics":[{"not_picked":["Runic Dome","Fusion Hammer","Ectoplasm"]}],"items_purged_floors":[],"is_endless":true,"potions_floor_spawned":[1],"killed_by":"Slavers","ascension_level":0}}