{"host":"1osut3fakdnr5p24","time":1612865099,"event":{"mods":["Ascension Reborn","BaseMod","Friendly Minions","Lobotomy","Minty Spire (QoL Compilation)","StSLib","Td1madao Mod","The Bug Knight","The Cursed","The Gatherer","The Hierophant","The Necromancer","The Runesmith"],"gold_per_floor":[117,144,159,170,345,345,373,390,463,463,11,11,24,39,39,39,39],"floor_reached":16,"language":"KOR","playtime":1307,"items_purged":[],"score":102,"play_id":"647a6b7f-7d2d-4142-8943-4946e4e0efa6","local_time":"20210209190459","is_ascension_mode":true,"campfire_choices":[{"data":"Runesmith:Repurpose","floor":6,"key":"SMITH"},{"floor":12,"key":"REST"},{"floor":15,"key":"REST"}],"circlet_count":0,"master_deck":["Runesmith:Strike_RS","Runesmith:Strike_RS","Runesmith:Strike_RS","Runesmith:Strike_RS","Runesmith:Defend_RS","Runesmith:Defend_RS","Runesmith:Defend_RS","Runesmith:Defend_RS","Runesmith:CraftFirestone","Runesmith:Fortify","TheCursedMod:Dregs","Runesmith:RuneHurl","Runesmith:Repurpose+1","Runesmith:CraftProtectio","Doubt","Runesmith:BackupBattery","Runesmith:PoweredAnvil","Runesmith:CraftPrismatica","Runesmith:CraftPrismatica","Runesmith:ElementalConversion"],"relics":["Runesmith:BrokenRuby","Calipers","Lantern","Bag of Preparation","Bottled Lightning","Darkstone Periapt","TungstenRod"],"acts_visited":["Exordium"],"potions_floor_usage":[13,16],"damage_taken":[{"damage":3,"enemies":"Cultist","floor":1,"turns":5},{"damage":0,"enemies":"2 Louse","floor":3,"turns":3},{"damage":0,"enemies":"Small Slimes","floor":4,"turns":3},{"damage":42,"enemies":"3 Sentries","floor":7,"turns":9},{"damage":1,"enemies":"2 Fungi Beasts","floor":8,"turns":3},{"damage":15,"enemies":"Exordium Wildlife","floor":13,"turns":5},{"damage":9,"enemies":"Exordium Thugs","floor":14,"turns":4},{"damage":44,"enemies":"Slime Boss","floor":16,"turns":8}],"seed_played":"-3276323262590352960","potions_obtained":[{"floor":3,"key":"Weak Potion"},{"floor":4,"key":"Strength Potion"},{"floor":13,"key":"Swift Potion"}],"is_trial":false,"path_per_floor":["M","T","M","M","?","R","E","M","T","?","$","R","M","M","R","B"],"character_chosen":"RUNESMITH_CLASS","items_purchased":["Runesmith:CraftPrismatica","TungstenRod"],"campfire_rested":2,"item_purchase_floors":[11,11],"current_hp_per_floor":[67,67,67,67,67,67,25,24,24,21,21,42,27,18,39,0,0],"gold":39,"neow_bonus":"ONE_RARE_RELIC","is_daily":false,"chose_seed":false,"campfire_upgraded":1,"win_rate":0.0,"timestamp":1612865099,"path_taken":["M","?","?","M","?","R","E","M","T","?","$","R","M","M","R","BOSS"],"items_purchased_type":["Card","Relic"],"build_version":"2020-12-22","purchased_purges":0,"victory":false,"max_hp_per_floor":[70,70,70,70,70,70,70,70,70,70,70,70,70,70,70,70,70],"card_choices":[{"not_picked":["Runesmith:Empowerment","Runesmith:HammerTime"],"picked":"Runesmith:RuneHurl","floor":1},{"not_picked":["Runesmith:EarthShield","Runesmith:Overpower"],"picked":"Runesmith:Repurpose","floor":3},{"not_picked":["Runesmith:ShiftingStrike","Runesmith:RuneHurl"],"picked":"Runesmith:CraftProtectio","floor":4},{"not_picked":["Runesmith:Repurpose","Runesmith:ElementalConversion"],"picked":"Runesmith:BackupBattery","floor":7},{"not_picked":["Runesmith:HammerTime","Runesmith:CraftProtectio"],"picked":"Runesmith:PoweredAnvil","floor":8},{"not_picked":["Runesmith:CraftMagma","Runesmith:EnergizedChisel"],"picked":"Runesmith:CraftPrismatica","floor":13},{"not_picked":["Runesmith:HammerTime","Runesmith:EnergizedChisel"],"picked":"Runesmith:ElementalConversion","floor":14}],"player_experience":43178,"relics_obtained":[{"floor":2,"key":"Lantern"},{"floor":7,"key":"Bag of Preparation"},{"floor":9,"key":"Bottled Lightning"}],"event_choices":[{"damage_healed":0,"gold_gain":175,"player_choice":"AGREE","damage_taken":0,"max_hp_gain":0,"max_hp_loss":0,"event_name":"Liars Game","floor":5,"gold_loss":0,"cards_obtained":["Doubt"]},{"damage_healed":0,"gold_gain":0,"player_choice":"Success","damage_taken":3,"relics_obtained":["Darkstone Periapt"],"max_hp_gain":0,"max_hp_loss":0,"event_name":"Scrap Ooze","floor":10,"gold_loss":0}],"is_beta":false,"boss_relics":[],"items_purged_floors":[],"is_endless":false,"potions_floor_spawned":[3,4,13],"killed_by":"Slime Boss","ascension_level":0}}