{"host":"w8xisjf5mgmfjvmt","time":1612835987,"event":{"mods":["BaseMod","BetterRewards","Challenge The Spire","Conspire","Energized Spire","Filter the Spire","Minty Spire (QoL Compilation)","Quarter Circle Forward PUNCH!","Quick Restart","Relic Filter Mod","Relic Stats","Reliquary","Replay The Spire","Shop Mod","Spicy Shops","StSLib","Thieving Mod","¡¾ÒÅÎï¿¨ÅÆ¡¿REMEMod","óô»ðÖ¸ÄÏ"],"gold_per_floor":[12,12,24,37,56,56,87,110,195,207,246,306,318,318],"floor_reached":13,"language":"ZHS","playtime":405,"items_purged":[],"score":194,"play_id":"35755482-4ccf-4245-a144-7dd8b0da98da","local_time":"20210209095947","is_ascension_mode":true,"campfire_choices":[{"data":"Armaments","floor":6.0,"key":"SMITH"},{"floor":10.0,"key":"REST"}],"circlet_count":0,"master_deck":["AscendersBane","Strike_R","Strike_R","Strike_R","Strike_R","Strike_R","Defend_R","Defend_R","Defend_R","Defend_R","Bash","Limit Break","Warcry","Strike_R","Sword Boomerang","Whirlwind","Armaments+1","Hemokinesis","Uppercut"],"relics":["Burning Blood","REME_ComplimentaryCards","MawBank","Mercury Hourglass","Champion Belt"],"acts_visited":["Exordium"],"potions_floor_usage":[12],"damage_taken":[{"damage":4.0,"enemies":"2 Louse","floor":1.0,"turns":4.0},{"damage":2.0,"enemies":"Cultist","floor":3.0,"turns":4.0},{"damage":11.0,"enemies":"Jaw Worm","floor":4.0,"turns":6.0},{"damage":19.0,"enemies":"Large Slime","floor":5.0,"turns":6.0},{"damage":49.0,"enemies":"Lagavulin","floor":7.0,"turns":8.0},{"damage":8.0,"enemies":"Looter","floor":8.0,"turns":3.0},{"damage":27.0,"enemies":"3 Sentries","floor":11.0,"turns":4.0},{"damage":26,"enemies":"Gremlin Gang","floor":12,"turns":4},{"damage":2,"enemies":"Lagavulin","floor":13,"turns":4}],"seed_played":"-4563434032765975042","potions_obtained":[{"floor":5.0,"key":"BlessingOfTheForge"},{"floor":8.0,"key":"conspire:TimeTravelPotion"},{"floor":11.0,"key":"REME_GoldPotion"}],"is_trial":false,"path_per_floor":["M","?","M","M","M","R","E","M","T","R","E","M","E"],"character_chosen":"IRONCLAD","items_purchased":[],"campfire_rested":1,"item_purchase_floors":[],"current_hp_per_floor":[70,70,74,69,56,56,13,11,11,33,32,12,10,10],"gold":318,"neow_bonus":"THREE_RARE_CARDS","is_daily":false,"chose_seed":false,"campfire_upgraded":1,"win_rate":0.0,"timestamp":1612835987,"path_taken":["M","?","M","M","?","R","E","M","T","R","E","M","E"],"items_purchased_type":[],"build_version":"2020-12-22","purchased_purges":0,"victory":false,"max_hp_per_floor":[75,75,75,75,75,75,75,75,75,75,75,75,75,75],"relic_stats":{"counters":[9,43],"Champion Belt":[1],"MawBank":72,"obtain_stats":[{"Champion Belt":11,"MawBank":7,"Burning Blood":0,"REME_ComplimentaryCards":0,"Mercury Hourglass":9},{"Champion Belt":7,"MawBank":5,"Burning Blood":0,"REME_ComplimentaryCards":0,"Mercury Hourglass":6},{"Champion Belt":35,"MawBank":28,"Burning Blood":0,"REME_ComplimentaryCards":0,"Mercury Hourglass":31}],"Burning Blood":48,"Mercury Hourglass":[69]},"card_choices":[{"not_picked":["Demon Form","REME_Fury"],"picked":"Limit Break","floor":0.0},{"not_picked":["Body Slam","Clothesline"],"picked":"Warcry","floor":1.0},{"not_picked":["Thunderclap","Warcry"],"picked":"Sword Boomerang","floor":3.0},{"not_picked":["ReplayTheSpireMod:LeadingStrike","Perfected Strike"],"picked":"Whirlwind","floor":4.0},{"not_picked":["Limit Break","Shockwave"],"picked":"Armaments","floor":5.0},{"not_picked":["True Grit","Havoc"],"picked":"Hemokinesis","floor":7.0},{"not_picked":["Pummel","Headbutt","Dark Embrace"],"picked":"SKIP","floor":8.0},{"not_picked":["Warcry","Armaments","Searing Blow"],"picked":"SKIP","floor":11.0},{"not_picked":["Body Slam","Thunderclap"],"picked":"Uppercut","floor":12}],"player_experience":1316570,"relics_obtained":[{"floor":7.0,"key":"MawBank"},{"floor":9.0,"key":"Mercury Hourglass"},{"floor":11.0,"key":"Champion Belt"}],"event_choices":[],"is_beta":false,"boss_relics":[],"items_purged_floors":[],"is_endless":false,"potions_floor_spawned":[5,8,11],"killed_by":"Lagavulin","ascension_level":20}}