{"host":"5njoj2zap3ickz2y","time":1612841650,"event":{"mods":["BaseMod","Colored Map","Downfall","Minty Spire (QoL Compilation)","Permanent Neow","Quick Restart","Relic Stats","StSLib","Unceasing Turn Reminder"],"gold_per_floor":[99,110,110,110,128,156,156,188,198,212,228,228,228,228],"floor_reached":12,"language":"ENG","playtime":706,"items_purged":[],"score":95,"play_id":"a2cd1d1a-ecba-4a8f-9195-eff46b122f20","local_time":"20210208193410","is_ascension_mode":true,"campfire_choices":[{"floor":1,"key":"RECALL"}],"circlet_count":0,"master_deck":["Guardian:Strike_Guardian","Guardian:Strike_Guardian","Guardian:Defend_Guardian","Guardian:Defend_Guardian","Guardian:Defend_Guardian","Guardian:CurlUp","Guardian:TwinSlam","Guardian:Incinerate","Guardian:SentryBeam","Guardian:CrystalBeam","Guardian:Preprogram","Guardian:Gem_Green","Guardian:PiercingHide","Guardian:Repulse"],"relics":["Empty Cage","Omamori","Ancient Tea Set","CaptainsWheel","Bottled Flame"],"acts_visited":["Exordium"],"potions_floor_usage":[6,10,12,12],"damage_taken":[{"damage":2,"enemies":"2 Louse","floor":2,"turns":3},{"damage":2,"enemies":"Small Slimes","floor":5,"turns":4},{"damage":17,"enemies":"Gremlin Nob","floor":6,"turns":4},{"damage":30,"enemies":"3 Sentries","floor":8,"turns":9},{"damage":6,"enemies":"Cultist","floor":9,"turns":3},{"damage":7,"enemies":"Lots of Slimes","floor":10,"turns":2},{"damage":8,"enemies":"Red Slaver","floor":11,"turns":4},{"damage":24,"enemies":"Gremlin Nob","floor":12,"turns":4}],"seed_played":"-4218144328647834021","potions_obtained":[{"floor":5,"key":"champ:CounterPotion"},{"floor":8,"key":"Explosive Potion"},{"floor":9,"key":"LiquidBronze"},{"floor":11,"key":"Guardian:DefensiveModePotion"}],"is_trial":false,"path_per_floor":["R","M","?","?","M","E","T","E","M","M","M","E"],"character_chosen":"GUARDIAN","items_purchased":[],"campfire_rested":0,"item_purchase_floors":[],"current_hp_per_floor":[80,78,78,71,69,52,52,22,16,9,1,0,0,0],"gold":228,"neow_bonus":"BOSS_RELIC","is_daily":false,"chose_seed":false,"campfire_upgraded":0,"win_rate":0.0,"timestamp":1612841650,"path_taken":["R","M","?","?","M","E","T","E","M","M","M","E"],"items_purchased_type":[],"build_version":"2020-12-22","purchased_purges":0,"victory":false,"max_hp_per_floor":[80,80,80,80,80,80,80,80,80,80,80,80,80,80],"relic_stats":{"counters":[8,33],"obtain_stats":[{"CaptainsWheel":7,"Bottled Flame":8,"Guardian:ModeShifter":0,"Omamori":4,"Empty Cage":0,"Ancient Tea Set":6},{"CaptainsWheel":3,"Bottled Flame":4,"Guardian:ModeShifter":0,"Omamori":1,"Empty Cage":0,"Ancient Tea Set":3},{"CaptainsWheel":11,"Bottled Flame":20,"Guardian:ModeShifter":0,"Omamori":3,"Empty Cage":0,"Ancient Tea Set":11}]},"card_choices":[{"not_picked":["Guardian:PrimingBeam","Guardian:RollAttack"],"picked":"Guardian:Incinerate","floor":2},{"not_picked":["Guardian:Reroute","Guardian:Gem_Yellow"],"picked":"Guardian:SentryBeam","floor":5},{"not_picked":["Guardian:PrimingBeam","Guardian:Suspension"],"picked":"Guardian:CrystalBeam","floor":6},{"not_picked":["Guardian:Gem_Green","Guardian:ChargeCore"],"picked":"Guardian:Preprogram","floor":8},{"not_picked":["Guardian:ShieldCharger","Guardian:Recover"],"picked":"Guardian:Gem_Green","floor":9},{"not_picked":["Guardian:RollAttack","Guardian:Reroute"],"picked":"Guardian:PiercingHide","floor":10},{"not_picked":["Guardian:BronzeOrb","Guardian:Recover"],"picked":"Guardian:Repulse","floor":11}],"player_experience":1819263,"relics_obtained":[{"floor":6,"key":"Ancient Tea Set"},{"floor":7,"key":"CaptainsWheel"},{"floor":8,"key":"Bottled Flame"}],"event_choices":[{"damage_healed":0,"gold_gain":0,"player_choice":"Success","damage_taken":7,"relics_obtained":["Omamori"],"max_hp_gain":0,"max_hp_loss":0,"event_name":"Scrap Ooze","floor":4,"gold_loss":0}],"is_beta":false,"boss_relics":[],"items_purged_floors":[],"is_endless":false,"potions_floor_spawned":[5,8,9,11],"killed_by":"Gremlin Nob","ascension_level":1}}