{"host":"y6zg4wwu39otf01a","time":1612899337,"event":{"mods":["Act Like it!","Aspiration","BaseMod","Better Altar","Better Match","Better Note","Better Sensory Stone","Better Skull","Better Third Choice","Challenge The Spire","Colored Map","Colored Powertips","Conspire","GifTheSpireLib","Glutton Mod","Halation","Hermit","Highlight Path","Hubris","Infinite Spire","Mimic Mod","Minty Spire (QoL Compilation)","Quick Restart","Random Character Button","Rare Cards Sparkle","Replay The Spire","Retaliation","Spicy Shops","Spire Arcade","StSLib","Stuff the Spire","The Blue Laboratory","The Jungle"],"gold_per_floor":[115,134,134,134,144,144,171,192,192,172,172,190,224,224,224,224,224,230,230],"floor_reached":18,"language":"ENG","playtime":767,"items_purged":[],"score":138,"play_id":"a46cce27-5572-422a-b76a-6b242452ad97","local_time":"20210209133537","is_ascension_mode":true,"campfire_choices":[{"data":"hermit:CalledShot","floor":6,"key":"SMITH"},{"data":"hermit:Covet","floor":11,"key":"SMITH"},{"floor":17,"key":"REST"}],"circlet_count":0,"master_deck":["hermit:Strike_Hermit","hermit:Strike_Hermit","hermit:Strike_Hermit","hermit:Strike_Hermit","hermit:Defend_Hermit","hermit:Defend_Hermit","hermit:Defend_Hermit","hermit:Defend_Hermit","hermit:Snapshot+1","hermit:Covet+1","hermit:Headshot","hermit:Snipe","hermit:Malice","Pain","hermit:CalledShot+1","hermit:Glare","hermit:Deadeye","hermit:BigShot"],"relics":["hermit:Momento","aspiration:DSix","WarpedTongs","halation:IllGainedPizza","ReplayTheSpireMod:Lightbulb"],"acts_visited":["Exordium"],"potions_floor_usage":[7,13,18,18],"damage_taken":[{"damage":10,"enemies":"Small Slimes","floor":1,"turns":3},{"damage":11,"enemies":"Cultist","floor":2,"turns":4},{"damage":7,"enemies":"Jaw Worm","floor":5,"turns":2},{"damage":30,"enemies":"Lagavulin","floor":7,"turns":5},{"damage":2,"enemies":"Red Slaver","floor":8,"turns":2},{"damage":3,"enemies":"Looter","floor":12,"turns":2},{"damage":4,"enemies":"3 Sentries","floor":13,"turns":4},{"damage":42,"enemies":"Fading Forest","floor":18,"turns":10}],"seed_played":"3426857841292088917","potions_obtained":[{"floor":5,"key":"PowerPotion"},{"floor":10,"key":"hermit:Eclipse"},{"floor":12,"key":"Venom Potion"},{"floor":13,"key":"DDmod:CleansePotion"}],"is_trial":false,"path_per_floor":["M","M","?","?","M","R","E","M","T","?","R","M","E","PTL","PTL","?","R","B"],"character_chosen":"HERMIT","items_purchased":[],"campfire_rested":1,"item_purchase_floors":[],"current_hp_per_floor":[65,54,54,54,47,47,17,15,15,15,15,12,8,8,8,8,30,0,0],"gold":230,"neow_bonus":"DSIX","is_daily":false,"chose_seed":false,"campfire_upgraded":2,"win_rate":0.0,"timestamp":1612899337,"path_taken":["M","M","?","?","M","R","E","?","T","?","R","?","E","PTL","PTL","?","?","R","BOSS"],"items_purchased_type":[],"build_version":"2020-12-22","purchased_purges":0,"victory":false,"max_hp_per_floor":[75,75,75,75,75,75,75,75,75,75,75,75,75,75,75,75,75,75,75],"card_choices":[{"not_picked":["hermit:Combo","hermit:Scavenge"],"picked":"hermit:Headshot","floor":1},{"not_picked":["hermit:Determination","hermit:Headshot"],"picked":"hermit:Snipe","floor":2},{"not_picked":["hermit:HighCaliber","hermit:CalledShot","hermit:LoneWolf"],"picked":"SKIP","floor":5},{"not_picked":["hermit:HighCaliber","hermit:LoneWolf"],"picked":"hermit:CalledShot","floor":5},{"not_picked":["hermit:Malice","hermit:Feint"],"picked":"hermit:Glare","floor":7},{"not_picked":["hermit:Desperado","hermit:Vantage","hermit:EyeOfTheStorm"],"picked":"SKIP","floor":8},{"not_picked":["hermit:Manifest","hermit:Determination"],"picked":"hermit:Deadeye","floor":12},{"not_picked":["hermit:BodyArmor","hermit:Desperado"],"picked":"hermit:BigShot","floor":13}],"player_experience":761259,"relics_obtained":[{"floor":7,"key":"halation:IllGainedPizza"},{"floor":13,"key":"ReplayTheSpireMod:Lightbulb"}],"event_choices":[{"damage_healed":0,"gold_gain":0,"player_choice":"Rummage","damage_taken":0,"relics_obtained":["WarpedTongs"],"max_hp_gain":0,"max_hp_loss":0,"event_name":"Accursed Blacksmith","floor":4,"gold_loss":0,"cards_obtained":["Pain"]},{"damage_healed":0,"gold_gain":0,"player_choice":"Bought 1 Potion","damage_taken":0,"max_hp_gain":0,"max_hp_loss":0,"event_name":"The Woman in Blue","floor":10,"gold_loss":0}],"is_beta":false,"boss_relics":[],"items_purged_floors":[],"is_endless":false,"potions_floor_spawned":[5,12,13],"killed_by":"Fading Forest","ascension_level":3}}