{"host":"v2nniiiz7kpx7fwo","time":1612871281,"event":{"mods":["2.2 Compatiblity","AchievementEnabler","BaseMod","Colored Map","Colored Powertips","DeckTracker","Highlight Path","KOR Keyword Fix","Minty Spire (QoL Compilation)","Permanent Neow","Rare Cards Sparkle","StSLib","SuperFastMode"],"gold_per_floor":[111,64,16,29,46,72,72,99,124,187,214,214,214,248,248,347,347,357,282,282,282,282,282,309,309,309,57,91,191,219,219,219,219,219],"floor_reached":33,"language":"KOR","playtime":1057,"items_purged":["Strike_R"],"score":487,"play_id":"239e9c72-668f-48ad-805b-abe703a35fc7","local_time":"20210209204801","is_ascension_mode":true,"campfire_choices":[{"data":"Flex","floor":7.0,"key":"SMITH"},{"floor":12.0,"key":"REST"},{"data":"Spot Weakness","floor":15.0,"key":"SMITH"},{"data":"Sword Boomerang","floor":23.0,"key":"SMITH"},{"data":"Pummel","floor":25.0,"key":"SMITH"},{"floor":32.0,"key":"REST"}],"circlet_count":0,"master_deck":["Defend_R","Defend_R","Defend_R","Bash","Spot Weakness+1","Flex+1","Heavy Blade+1","Iron Wave","Pummel+1","True Grit","Sword Boomerang+1","Shockwave","Shrug It Off","Fiend Fire","Demon Form","Barricade+1","Fire Breathing+1","Double Tap+1","Writhe","Feel No Pain+1","Thunderclap+1","Sentinel+1","Pummel+1"],"relics":["Burning Blood","PreservedInsect","Bag of Preparation","Anchor","Bronze Scales","Toy Ornithopter","Dream Catcher","Gambling Chip","Astrolabe","Kunai","InkBottle","Question Card","Toxic Egg 2","Shuriken","Unceasing Top","Mercury Hourglass","The Courier"],"acts_visited":["Exordium","TheCity"],"potions_floor_usage":[],"damage_taken":[{"damage":1.0,"enemies":"Cultist","floor":1.0,"turns":3.0},{"damage":20.0,"enemies":"Small Slimes","floor":4.0,"turns":4.0},{"damage":13.0,"enemies":"2 Louse","floor":5.0,"turns":2.0},{"damage":20.0,"enemies":"3 Sentries","floor":6.0,"turns":5.0},{"damage":0.0,"enemies":"Gremlin Nob","floor":8.0,"turns":2.0},{"damage":25.0,"enemies":"3 Sentries","floor":10.0,"turns":5.0},{"damage":10.0,"enemies":"3 Sentries","floor":11.0,"turns":4.0},{"damage":6.0,"enemies":"Gremlin Nob","floor":14.0,"turns":3.0},{"damage":22.0,"enemies":"The Guardian","floor":16.0,"turns":11.0},{"damage":15.0,"enemies":"2 Thieves","floor":18.0,"turns":4.0},{"damage":16.0,"enemies":"Slavers","floor":24.0,"turns":4.0},{"damage":21.0,"enemies":"Gremlin Leader","floor":28.0,"turns":4.0},{"damage":18.0,"enemies":"Colosseum Slavers","floor":29.0,"turns":3.0},{"damage":0.0,"enemies":"Colosseum Nobs","floor":29.0,"turns":2.0},{"damage":18.0,"enemies":"Slavers","floor":30.0,"turns":3.0},{"damage":72,"enemies":"Collector","floor":33,"turns":6}],"seed_played":"-3757618903366698212","potions_obtained":[{"floor":1.0,"key":"BlessingOfTheForge"},{"floor":5.0,"key":"Fruit Juice"},{"floor":6.0,"key":"FearPotion"},{"floor":10.0,"key":"Dexterity Potion"},{"floor":11.0,"key":"Block Potion"},{"floor":18.0,"key":"DistilledChaos"},{"floor":28.0,"key":"Block Potion"}],"is_trial":false,"path_per_floor":["M","$","$","M","M","E","R","E","T","?","E","R","?","E","R","B",null,"M","$","?","?","?","R","E","R","T","$","E","?","E","?","R","B"],"character_chosen":"IRONCLAD","items_purchased":["Flex","Heavy Blade","Toxic Egg 2"],"campfire_rested":2,"item_purchase_floors":[2,3,27],"current_hp_per_floor":[77,77,77,63,56,47,47,53,53,34,35,60,60,60,60,49,76,67,67,67,67,67,67,62,62,62,62,47,41,34,34,59,0,0],"gold":219,"neow_bonus":"RANDOM_COMMON_RELIC","is_daily":false,"chose_seed":false,"campfire_upgraded":4,"win_rate":0.0,"timestamp":1612871281,"path_taken":["M","?","$","M","?","E","R","E","T","?","E","R","?","E","R","BOSS","M","$","?","?","?","R","E","R","T","?","E","?","E","?","R","BOSS"],"items_purchased_type":["Card","Card","Relic"],"build_version":"2020-12-22","purchased_purges":1,"victory":false,"max_hp_per_floor":[80,80,80,80,80,85,85,85,85,85,85,85,85,85,85,85,85,85,85,85,85,85,85,85,85,85,85,85,85,85,85,85,85,85],"card_choices":[{"not_picked":["Power Through","Clash"],"picked":"Spot Weakness","floor":1.0},{"not_picked":["Warcry","Thunderclap"],"picked":"Iron Wave","floor":4.0},{"not_picked":["Uppercut","Carnage"],"picked":"Pummel","floor":5.0},{"not_picked":["Rampage","Second Wind"],"picked":"True Grit","floor":6.0},{"not_picked":["Infernal Blade","Clothesline"],"picked":"Sword Boomerang","floor":8.0},{"not_picked":["Blood for Blood","Wild Strike"],"picked":"Shockwave","floor":10.0},{"not_picked":["Bloodletting","Barricade"],"picked":"Shrug It Off","floor":11.0},{"not_picked":["Pommel Strike","Heavy Blade"],"picked":"Fiend Fire","floor":14.0},{"not_picked":["Double Tap","Berserk"],"picked":"Demon Form","floor":16.0},{"not_picked":["Sword Boomerang","Twin Strike","Pommel Strike+1"],"picked":"SKIP","floor":18.0},{"not_picked":["Juggernaut","Headbutt"],"picked":"Feel No Pain+1","floor":24.0},{"not_picked":["Headbutt+1","Clothesline","Flex+1"],"picked":"Thunderclap+1","floor":28.0},{"not_picked":["Carnage","Metallicize","Warcry+1"],"picked":"Sentinel+1","floor":30.0},{"not_picked":["Flex+1","Twin Strike","Searing Blow"],"picked":"Pummel+1","floor":32.0}],"player_experience":371778,"relics_obtained":[{"floor":6.0,"key":"Bag of Preparation"},{"floor":8.0,"key":"Anchor"},{"floor":9.0,"key":"Bronze Scales"},{"floor":11.0,"key":"Dream Catcher"},{"floor":14.0,"key":"Gambling Chip"},{"floor":24.0,"key":"InkBottle"},{"floor":26.0,"key":"Question Card"},{"floor":28.0,"key":"Shuriken"},{"floor":29.0,"key":"Unceasing Top"},{"floor":29.0,"key":"Mercury Hourglass"},{"floor":30.0,"key":"The Courier"}],"event_choices":[{"damage_healed":0.0,"max_hp_gain":0.0,"max_hp_loss":0.0,"gold_gain":0.0,"event_name":"Dead Adventurer","player_choice":"Searched \u00273\u0027 times","floor":10.0,"gold_loss":0.0,"damage_taken":0.0,"relics_obtained":["Toy Ornithopter"]},{"damage_healed":0.0,"max_hp_gain":0.0,"max_hp_loss":0.0,"gold_gain":0.0,"event_name":"Living Wall","player_choice":"Grow","floor":13.0,"gold_loss":0.0,"damage_taken":0.0,"cards_upgraded":["Heavy Blade"]},{"cards_removed":["Strike_R"],"damage_healed":0.0,"max_hp_gain":0.0,"max_hp_loss":0.0,"gold_gain":0.0,"event_name":"Back to Basics","player_choice":"Elegance","floor":20.0,"gold_loss":0.0,"damage_taken":0.0},{"damage_healed":0.0,"max_hp_gain":0.0,"max_hp_loss":0.0,"gold_gain":0.0,"event_name":"The Mausoleum","player_choice":"Opened","floor":21.0,"gold_loss":0.0,"damage_taken":0.0,"relics_obtained":["Kunai"],"cards_obtained":["Writhe"]},{"damage_healed":0.0,"max_hp_gain":0.0,"max_hp_loss":0.0,"gold_gain":0.0,"event_name":"Vampires","player_choice":"Ignored","floor":22.0,"gold_loss":0.0,"damage_taken":0.0},{"damage_healed":0.0,"max_hp_gain":0.0,"max_hp_loss":0.0,"gold_gain":0.0,"event_name":"Colosseum","player_choice":"Fight","floor":29.0,"gold_loss":0.0,"damage_taken":0.0},{"damage_healed":0.0,"max_hp_gain":0.0,"max_hp_loss":0.0,"gold_gain":0.0,"event_name":"Colosseum","player_choice":"Fought Nobs","floor":29.0,"gold_loss":0.0,"damage_taken":0.0},{"cards_removed":["Defend_R"],"damage_healed":0.0,"max_hp_gain":0.0,"max_hp_loss":0.0,"gold_gain":0.0,"event_name":"Wheel of Change","player_choice":"Card Removal","floor":31.0,"gold_loss":0.0,"damage_taken":0.0}],"is_beta":false,"boss_relics":[{"not_picked":["SacredBark","Tiny House"],"picked":"Astrolabe"}],"items_purged_floors":[19],"is_endless":false,"potions_floor_spawned":[1,5,6,10,11,18,28],"killed_by":"Collector","ascension_level":8}}