{"host":"oehe2dxjvdgux73m","time":1612889731,"event":{"mods":["AchievementEnabler","BaseMod","Colored Map","Colored Powertips","DeckTracker","Keyboard Shortcuts","Minty Spire (QoL Compilation)","Permanent Neow","Quick Restart","StSLib","SuperFastMode"],"gold_per_floor":[116,72,85,10,10,46,46,46,46],"floor_reached":8,"language":"KOR","playtime":217,"items_purged":[],"score":108,"play_id":"333110e0-5f25-4665-ba11-bb07b0477aec","local_time":"20210210015531","is_ascension_mode":true,"campfire_choices":[{"floor":7,"key":"REST"}],"circlet_count":0,"master_deck":["AscendersBane","Strike_G","Strike_G","Defend_G","Defend_G","Defend_G","Defend_G","Defend_G","Survivor","Neutralize","Night Terror","Heel Hook+1","Flying Knee","Predator","Dagger Spray+1","After Image"],"relics":["Ring of the Snake","Golden Idol","Whetstone"],"acts_visited":["Exordium"],"potions_floor_usage":[],"damage_taken":[{"damage":6.0,"enemies":"Small Slimes","floor":1.0,"turns":7.0},{"damage":1.0,"enemies":"2 Louse","floor":3.0,"turns":3.0},{"damage":44.0,"enemies":"3 Sentries","floor":6.0,"turns":11.0},{"damage":29,"enemies":"Lagavulin","floor":8,"turns":7}],"seed_played":"2998217862772216639","potions_obtained":[],"is_trial":false,"path_per_floor":["M","$","M","?","?","E","R","E"],"character_chosen":"THE_SILENT","items_purchased":["Predator"],"campfire_rested":1,"item_purchase_floors":[2],"current_hp_per_floor":[53,53,52,52,52,8,24,0,0],"gold":46,"neow_bonus":"TRANSFORM_TWO_CARDS","is_daily":false,"chose_seed":false,"campfire_upgraded":0,"win_rate":0.0,"timestamp":1612889731,"path_taken":["M","$","M","?","?","E","R","E"],"items_purchased_type":["Card"],"build_version":"2020-12-22","purchased_purges":0,"victory":false,"max_hp_per_floor":[60,60,60,60,54,54,54,54,54],"card_choices":[{"not_picked":["Sucker Punch","Backflip"],"picked":"Flying Knee","floor":1.0},{"not_picked":["Sucker Punch","Distraction"],"picked":"Dagger Spray","floor":3.0},{"not_picked":["Deflect","Blade Dance"],"picked":"After Image","floor":6}],"player_experience":445172,"relics_obtained":[{"floor":6,"key":"Whetstone"}],"event_choices":[{"cards_removed":["Strike_G"],"damage_healed":0.0,"max_hp_gain":0.0,"max_hp_loss":0.0,"gold_gain":0.0,"event_name":"The Cleric","player_choice":"Card Removal","floor":4.0,"gold_loss":75.0,"damage_taken":0.0},{"damage_healed":0.0,"max_hp_gain":0.0,"max_hp_loss":6.0,"gold_gain":0.0,"event_name":"Golden Idol","player_choice":"Lose Max HP","floor":5.0,"gold_loss":0.0,"damage_taken":0.0,"relics_obtained":["Golden Idol"]}],"is_beta":false,"boss_relics":[],"items_purged_floors":[],"is_endless":false,"potions_floor_spawned":[],"killed_by":"Lagavulin","ascension_level":20}}