{"host":"qy1e0kd24tpj3i2m","time":1612887586,"event":{"mods":["Act Like it!","Alarm Clock","BaseMod","Better Skull","Better Vampires","Colored Map","Colored Powertips","Custom Start","Faster Ascension Climbing","Friendly Minions","GifTheSpireLib","Gremlin Skip","Highlight Path","Minty Spire (QoL Compilation)","Permanent Neow","Poor People Problems","Quick Restart","Red Circlet Mod","Relic Filter Mod","Relic Sorter","Reorder Act Four","SacredBarkPlus","Shop Mod","StSLib","SuperFastMode","Transform Curses","没有小屋子和绿帽子啦"],"gold_per_floor":[113,131,131,56,15,15,41,61,88,107,107,137,137,164,164,164,164],"floor_reached":16,"language":"ZHS","playtime":369,"items_purged":["Bash"],"score":266,"play_id":"45135f2d-f169-49ad-a6b4-b48ceab4aff9","local_time":"20210210011946","is_ascension_mode":true,"campfire_choices":[{"data":"True Grit","floor":6,"key":"SMITH"},{"data":"Feel No Pain","floor":13,"key":"SMITH"},{"data":"Rage","floor":15,"key":"SMITH"}],"circlet_count":0,"master_deck":["AscendersBane","Strike_R+1","Strike_R","Strike_R","Strike_R+1","Strike_R","Defend_R","Defend_R","Defend_R","Defend_R","True Grit+1","Pommel Strike","Feel No Pain+1","Rage+1","Pommel Strike","Shrug It Off","Shrug It Off","Burning Pact"],"relics":["Burning Blood","NeowsBlessing","Whetstone","Tiny Chest","Matryoshka","InkBottle","Odd Mushroom"],"acts_visited":["Exordium"],"potions_floor_usage":[12,12],"damage_taken":[{"damage":0,"enemies":"2 Louse","floor":1,"turns":1},{"damage":0,"enemies":"Cultist","floor":2,"turns":1},{"damage":0,"enemies":"3 Sentries","floor":7,"turns":2},{"damage":1,"enemies":"Small Slimes","floor":8,"turns":4},{"damage":3,"enemies":"3 Louse","floor":10,"turns":4},{"damage":22,"enemies":"Lagavulin","floor":12,"turns":8},{"damage":18,"enemies":"The Mushroom Lair","floor":14,"turns":5},{"damage":9,"enemies":"Hexaghost","floor":16,"turns":9}],"seed_played":"-6464478695558601444","potions_obtained":[{"floor":1,"key":"AttackPotion"},{"floor":7,"key":"SteroidPotion"}],"is_trial":false,"path_per_floor":["M","M","?","$","$","R","E","M","T","M","?","E","R","?","R","B"],"character_chosen":"IRONCLAD","items_purchased":["Feel No Pain"],"campfire_rested":0,"item_purchase_floors":[5],"current_hp_per_floor":[74,75,75,75,75,75,75,75,75,75,70,54,54,42,42,33,33],"gold":164,"neow_bonus":"THREE_ENEMY_KILL","is_daily":false,"chose_seed":false,"campfire_upgraded":3,"win_rate":0.0,"timestamp":1612887586,"path_taken":["M","M","?","?","$","R","E","?","T","M","?","E","R","?","R","BOSS"],"items_purchased_type":["Card"],"build_version":"2020-12-22","purchased_purges":1,"victory":false,"max_hp_per_floor":[75,75,75,75,75,75,75,75,75,75,75,75,75,75,75,75,75],"card_choices":[{"not_picked":["Dropkick","Inflame"],"picked":"True Grit","floor":1},{"not_picked":["Rampage","Armaments"],"picked":"Pommel Strike","floor":2},{"not_picked":["Iron Wave","Clash"],"picked":"Rage","floor":7},{"not_picked":["Pummel","Havoc"],"picked":"Pommel Strike","floor":8},{"not_picked":["Pommel Strike","Thunderclap"],"picked":"Shrug It Off","floor":10},{"not_picked":["Clothesline","Rampage"],"picked":"Shrug It Off","floor":12},{"not_picked":["True Grit","Sword Boomerang"],"picked":"Burning Pact","floor":14}],"player_experience":993770,"relics_obtained":[{"floor":7,"key":"Whetstone"},{"floor":9,"key":"Tiny Chest"},{"floor":12,"key":"InkBottle"},{"floor":14,"key":"Odd Mushroom"}],"event_choices":[{"damage_healed":0,"gold_gain":0,"player_choice":"0 cards matched","damage_taken":0,"max_hp_gain":0,"max_hp_loss":0,"event_name":"Match and Keep!","floor":3,"gold_loss":0,"cards_obtained":[]},{"damage_healed":0,"gold_gain":0,"player_choice":"Success","damage_taken":5,"relics_obtained":["Matryoshka"],"max_hp_gain":0,"max_hp_loss":0,"event_name":"Scrap Ooze","floor":11,"gold_loss":0},{"damage_healed":0,"gold_gain":0,"player_choice":"Fought Mushrooms","damage_taken":0,"max_hp_gain":0,"max_hp_loss":0,"event_name":"Mushrooms","floor":14,"gold_loss":0}],"is_beta":false,"boss_relics":[],"items_purged_floors":[4],"is_endless":false,"potions_floor_spawned":[1,7],"killed_by":"Hexaghost","ascension_level":20}}