{"host":"f5gffvlv6a66yqkd","time":1612849481,"event":{"mods":["2.2 Compatiblity","BaseMod","Colored Map","Custom Start","DeckTracker","Keyboard Shortcuts","Minty Spire (QoL Compilation)","Permanent Neow","Quick Restart","Relic Stats","StSLib","SuperFastMode"],"gold_per_floor":[217,68,88,88,88,88,121,121,147,208,208,228,228,243,243,315,315,332,332,351,401,401,401,428,428,428,428,25,42,42,42,42,121,121,137,137,157,205,219,219,252,252,278,310,121,121,152,152,152,152,152,152,152,29,61,61,61],"floor_reached":56,"language":"KOR","playtime":1912,"items_purged":["Strike_B","Strike_B","Stack"],"score":2015,"play_id":"1ce6a667-92f9-416c-93dc-65369665e087","local_time":"20210209144441","is_ascension_mode":true,"campfire_choices":[{"floor":6.0,"key":"REST"},{"data":"Coolheaded","floor":8.0,"key":"SMITH"},{"data":"Dualcast","floor":11.0,"key":"SMITH"},{"data":"Rainbow","floor":15.0,"key":"SMITH"},{"data":"Defragment","floor":23.0,"key":"SMITH"},{"floor":27.0,"key":"REST"},{"data":"Capacitor","floor":30.0,"key":"SMITH"},{"data":"Thunder Strike","floor":32.0,"key":"SMITH"},{"floor":40.0,"key":"DIG"},{"floor":42.0,"key":"REST"},{"floor":49.0,"key":"RECALL"},{"floor":53.0,"key":"DIG"}],"circlet_count":0,"master_deck":["AscendersBane","Zap","Dualcast+1","Coolheaded+1","Sunder+1","Electrodynamics","Rainbow+1","Self Repair","Skim+1","Lockon","Thunder Strike+1","Reinforced Body","Recycle","Defragment+1","Recycle+1","Capacitor+1","Defragment+1","Meteor Strike","Glacier","Ball Lightning","Reinforced Body","Double Energy","Hologram+1","Multi-Cast","Defragment","Compile Driver","Capacitor","Skim+1","Thunder Strike","Double Tap"],"relics":["Cracked Core","Nunchaku","MealTicket","Question Card","Snecko Eye","Darkstone Periapt","Pantograph","Membership Card","Prayer Wheel","Pandora\u0027s Box","Shovel","Lizard Tail","Anchor","StoneCalendar","PrismaticShard","Juzu Bracelet","HornCleat","DollysMirror","StrikeDummy"],"acts_visited":["Exordium","TheCity","TheBeyond","TheEnding"],"potions_floor_usage":[56,56],"damage_taken":[{"damage":2.0,"enemies":"Cultist","floor":1.0,"turns":4.0},{"damage":7.0,"enemies":"Jaw Worm","floor":3.0,"turns":4.0},{"damage":13.0,"enemies":"Lagavulin","floor":7.0,"turns":6.0},{"damage":9.0,"enemies":"Gremlin Nob","floor":10.0,"turns":3.0},{"damage":0.0,"enemies":"2 Louse","floor":12.0,"turns":2.0},{"damage":0.0,"enemies":"2 Fungi Beasts","floor":14.0,"turns":2.0},{"damage":28.0,"enemies":"Slime Boss","floor":16.0,"turns":7.0},{"damage":22.0,"enemies":"Shell Parasite","floor":18.0,"turns":4.0},{"damage":11.0,"enemies":"2 Thieves","floor":20.0,"turns":3.0},{"damage":28.0,"enemies":"Book of Stabbing","floor":24.0,"turns":4.0},{"damage":5.0,"enemies":"Centurion and Healer","floor":29.0,"turns":3.0},{"damage":13.0,"enemies":"Automaton","floor":33.0,"turns":6.0},{"damage":0.0,"enemies":"3 Shapes","floor":35.0,"turns":2.0},{"damage":0.0,"enemies":"3 Darklings","floor":37.0,"turns":2.0},{"damage":36.0,"enemies":"2 Orb Walkers","floor":38.0,"turns":4.0},{"damage":7.0,"enemies":"Sphere and 2 Shapes","floor":39.0,"turns":5.0},{"damage":65.0,"enemies":"Nemesis","floor":41.0,"turns":7.0},{"damage":0.0,"enemies":"Giant Head","floor":44.0,"turns":6.0},{"damage":12.0,"enemies":"Reptomancer","floor":47.0,"turns":4.0},{"damage":0.0,"enemies":"Donu and Deca","floor":50.0,"turns":6.0},{"damage":56.0,"enemies":"Time Eater","floor":51.0,"turns":9.0},{"damage":73.0,"enemies":"Shield and Spear","floor":55.0,"turns":6.0},{"damage":43,"enemies":"The Heart","floor":56,"turns":3}],"seed_played":"4921103899835900831","potions_obtained":[{"floor":1.0,"key":"Weak Potion"},{"floor":7.0,"key":"Fire Potion"},{"floor":10.0,"key":"PowerPotion"},{"floor":12.0,"key":"SkillPotion"},{"floor":18.0,"key":"SpeedPotion"},{"floor":20.0,"key":"CultistPotion"},{"floor":29.0,"key":"Explosive Potion"},{"floor":37.0,"key":"DuplicationPotion"},{"floor":39.0,"key":"FocusPotion"},{"floor":55.0,"key":"ColorlessPotion"}],"is_trial":false,"path_per_floor":["M","$","M","?","?","R","E","R","T","?","R","M","?","M","R","B",null,"M","?","M","?","?","R","E","?","T","R","$","M","R","?","R","B",null,"M","?","M","?","M","R","E","R","T","E","$","?","E","?","R","B","B",null,"R","$","E","B"],"character_chosen":"DEFECT","items_purchased":["Sunder","Membership Card","Capacitor","Prayer Wheel","Capacitor","PrismaticShard","DollysMirror","Thunder Strike"],"campfire_rested":3,"item_purchase_floors":[2,28,28,28,45,45,54,54],"current_hp_per_floor":[62,62,55,55,34,55,42,42,42,33,33,33,38,45,45,17,61,46,46,35,35,35,35,14,14,14,36,51,53,53,53,53,70,75,75,75,76,40,40,40,38,60,60,67,76,86,81,81,81,82,33,70,70,82,16,0,0],"gold":61,"neow_bonus":"HUNDRED_GOLD","is_daily":false,"chose_seed":false,"campfire_upgraded":6,"win_rate":0.0,"timestamp":1612849481,"path_taken":["M","$","?","?","?","R","E","R","T","?","R","M","?","M","R","BOSS","M","?","M","?","?","R","E","?","T","R","?","?","R","?","R","BOSS","M","?","?","?","M","R","E","R","T","E","$","?","E","?","R","BOSS","BOSS","R","$","E","BOSS"],"items_purchased_type":["Card","Relic","Card","Relic","Card","Relic","Relic","Card"],"build_version":"2020-12-22","purchased_purges":3,"victory":false,"max_hp_per_floor":[71,71,71,71,71,71,71,71,71,71,71,71,76,76,76,76,76,76,76,76,76,76,76,76,76,76,76,76,76,76,76,76,76,76,76,76,76,76,76,76,76,76,76,76,76,86,86,82,82,82,82,82,82,82,82,82,82],"relic_stats":{"Darkstone Periapt":0,"counters":[23,102],"StoneCalendar":[34],"Juzu Bracelet":1,"Question Card":26,"Nunchaku":[11],"Lizard Tail":38,"Shovel":2,"Pantograph":49,"Snecko Eye":[133,131,135,133],"MealTicket":36,"Prayer Wheel":6,"Pandora\u0027s Box":["Glacier","Stack","Ball Lightning","Amplify","Reinforced Body"],"obtain_stats":[{"Darkstone Periapt":24,"StoneCalendar":44,"Juzu Bracelet":47,"Question Card":10,"PrismaticShard":45,"Nunchaku":7,"Lizard Tail":40,"Anchor":41,"Shovel":38,"HornCleat":53,"DollysMirror":54,"Pantograph":26,"Snecko Eye":17,"MealTicket":9,"Prayer Wheel":28,"Pandora\u0027s Box":34,"Membership Card":28,"Cracked Core":0,"StrikeDummy":55},{"Darkstone Periapt":10,"StoneCalendar":18,"Juzu Bracelet":19,"Question Card":3,"PrismaticShard":18,"Nunchaku":3,"Lizard Tail":16,"Anchor":17,"Shovel":15,"HornCleat":21,"DollysMirror":21,"Pantograph":10,"Snecko Eye":7,"MealTicket":3,"Prayer Wheel":10,"Pandora\u0027s Box":12,"Membership Card":10,"Cracked Core":0,"StrikeDummy":22},{"Darkstone Periapt":39,"StoneCalendar":74,"Juzu Bracelet":78,"Question Card":14,"PrismaticShard":74,"Nunchaku":14,"Lizard Tail":61,"Anchor":68,"Shovel":56,"HornCleat":93,"DollysMirror":93,"Pantograph":39,"Snecko Eye":28,"MealTicket":14,"Prayer Wheel":39,"Pandora\u0027s Box":48,"Membership Card":39,"Cracked Core":0,"StrikeDummy":99}]},"card_choices":[{"not_picked":["Leap","Scrape"],"picked":"Coolheaded","floor":1.0},{"not_picked":["Streamline","Barrage"],"picked":"Electrodynamics","floor":3.0},{"not_picked":["Seek","Gash"],"picked":"Rainbow","floor":7.0},{"not_picked":["Barrage","Steam","Double Energy"],"picked":"Self Repair","floor":10.0},{"not_picked":["Genetic Algorithm","Double Energy","Coolheaded"],"picked":"Skim","floor":12.0},{"not_picked":["Coolheaded","Storm","Leap"],"picked":"Lockon","floor":14.0},{"not_picked":["Electrodynamics","Hyperbeam","All For One"],"picked":"Thunder Strike","floor":16.0},{"not_picked":["Aggregate","Streamline","Chill"],"picked":"Reinforced Body","floor":18.0},{"not_picked":["Genetic Algorithm","Barrage","Compile Driver"],"picked":"Recycle","floor":20.0},{"not_picked":["Streamline","Barrage","FTL"],"picked":"Recycle+1","floor":24.0},{"not_picked":["Lockon","Conserve Battery","Reprogram","Ball Lightning"],"picked":"SKIP","floor":29.0},{"not_picked":["Turbo","White Noise","Hello World+1","Gash"],"picked":"SKIP","floor":29.0},{"not_picked":["All For One","Fission","Machine Learning"],"picked":"Meteor Strike","floor":33.0},{"not_picked":["Rebound","Conserve Battery","Gash+1","Go for the Eyes"],"picked":"SKIP","floor":35.0},{"not_picked":["Coolheaded","FTL","Leap+1","Heatsinks"],"picked":"SKIP","floor":35.0},{"not_picked":["Conserve Battery","Barrage","Gash"],"picked":"Double Energy","floor":37.0},{"not_picked":["Leap","Doom and Gloom","Recycle"],"picked":"Hologram+1","floor":37.0},{"not_picked":["Loop","Sweeping Beam","Beam Cell"],"picked":"Multi-Cast","floor":38.0},{"not_picked":["Gash+1","Force Field","Sweeping Beam"],"picked":"Defragment","floor":39.0},{"not_picked":["Conserve Battery","Steam","Coolheaded"],"picked":"Compile Driver","floor":39.0},{"not_picked":["Streamline","Redo","White Noise+1","Hologram"],"picked":"SKIP","floor":41.0},{"not_picked":["Turbo","Hologram","Steam","Genetic Algorithm"],"picked":"SKIP","floor":44.0},{"not_picked":["BowlingBash","Purity+1","Headbutt","Cleave"],"picked":"SKIP","floor":47.0},{"not_picked":["Finesse+1","Infernal Blade","Shrug It Off"],"picked":"Double Tap","floor":55.0}],"player_experience":1707718,"relics_obtained":[{"floor":7.0,"key":"Nunchaku"},{"floor":9.0,"key":"MealTicket"},{"floor":24.0,"key":"Darkstone Periapt"},{"floor":26.0,"key":"Pantograph"},{"floor":38.0,"key":"Shovel"},{"floor":40.0,"key":"Lizard Tail"},{"floor":41.0,"key":"Anchor"},{"floor":44.0,"key":"StoneCalendar"},{"floor":47.0,"key":"Juzu Bracelet"},{"floor":53.0,"key":"HornCleat"},{"floor":55.0,"key":"StrikeDummy"}],"event_choices":[{"damage_healed":0.0,"max_hp_gain":0.0,"max_hp_loss":0.0,"gold_gain":0.0,"event_name":"Living Wall","player_choice":"Grow","floor":4.0,"gold_loss":0.0,"damage_taken":0.0,"cards_upgraded":["Sunder"]},{"damage_healed":0.0,"max_hp_gain":0.0,"max_hp_loss":0.0,"gold_gain":0.0,"event_name":"Shining Light","player_choice":"Entered Light","floor":5.0,"gold_loss":0.0,"damage_taken":21.0,"cards_upgraded":["Strike_B","Defend_B"]},{"damage_healed":0.0,"max_hp_gain":0.0,"max_hp_loss":0.0,"gold_gain":0.0,"event_name":"Dead Adventurer","player_choice":"Searched \u00273\u0027 times","floor":10.0,"gold_loss":0.0,"damage_taken":0.0,"relics_obtained":["Question Card"]},{"damage_healed":0.0,"max_hp_gain":5.0,"max_hp_loss":0.0,"gold_gain":0.0,"event_name":"Big Fish","player_choice":"Donut","floor":13.0,"gold_loss":0.0,"damage_taken":0.0},{"cards_removed":["Strike_B"],"damage_healed":0.0,"max_hp_gain":0.0,"max_hp_loss":0.0,"gold_gain":0.0,"event_name":"Back to Basics","player_choice":"Elegance","floor":19.0,"gold_loss":0.0,"damage_taken":0.0},{"damage_healed":0.0,"max_hp_gain":0.0,"max_hp_loss":0.0,"gold_gain":50.0,"event_name":"Nest","player_choice":"Stole From Cult","floor":21.0,"gold_loss":0.0,"damage_taken":0.0},{"damage_healed":0.0,"max_hp_gain":0.0,"max_hp_loss":0.0,"gold_gain":0.0,"event_name":"The Library","player_choice":"Read","floor":22.0,"gold_loss":0.0,"damage_taken":0.0,"cards_obtained":["Defragment"]},{"damage_healed":0.0,"max_hp_gain":0.0,"max_hp_loss":0.0,"gold_gain":0.0,"event_name":"Cursed Tome","player_choice":"Ignored","floor":25.0,"gold_loss":0.0,"damage_taken":0.0},{"damage_healed":0.0,"max_hp_gain":0.0,"max_hp_loss":0.0,"gold_gain":0.0,"event_name":"Duplicator","player_choice":"Copied","floor":31.0,"gold_loss":0.0,"damage_taken":0.0,"cards_obtained":["Defragment"]},{"damage_healed":0.0,"max_hp_gain":0.0,"max_hp_loss":0.0,"gold_gain":0.0,"event_name":"Accursed Blacksmith","player_choice":"Forge","floor":36.0,"gold_loss":0.0,"damage_taken":0.0,"cards_upgraded":["Skim"]},{"damage_healed":0.0,"max_hp_gain":0.0,"max_hp_loss":0.0,"gold_gain":0.0,"event_name":"Mysterious Sphere","player_choice":"Fight","floor":38.0,"gold_loss":0.0,"damage_taken":0.0},{"cards_removed":["Amplify"],"damage_healed":0.0,"max_hp_gain":10.0,"max_hp_loss":0.0,"gold_gain":0.0,"event_name":"Bonfire Elementals","player_choice":"Offered Rare","floor":46.0,"gold_loss":0.0,"damage_taken":0.0},{"damage_healed":0.0,"max_hp_gain":0.0,"max_hp_loss":4.0,"gold_gain":0.0,"event_name":"Winding Halls","player_choice":"Max HP","floor":48.0,"gold_loss":0.0,"damage_taken":0.0}],"is_beta":false,"boss_relics":[{"not_picked":["Busted Crown","Coffee Dripper"],"picked":"Snecko Eye"},{"not_picked":["SacredBark","Sozu"],"picked":"Pandora\u0027s Box"}],"items_purged_floors":[2,28,45],"is_endless":false,"potions_floor_spawned":[1,7,10,12,16,18,20,29,37,39,41,55],"killed_by":"The Heart","ascension_level":20}}