{"host":"v3qphhcqhwfpabne","time":1612859215,"event":{"mods":["100% Spire Juice","2.2 Compatiblity","AchievementEnabler","BaseMod","CapriCore","DeckTracker","KinomotoSakuraMod(ÙÊñýÜâ?)","Koishi","Marisa£¨Ùöéë¡¡Øª×âÞÞ£©","Minty Spire (QoL Compilation)","Permanent Neow","Prisma Mod","StSLib","Td1madao Mod","The Bug Knight","The Cursed","The Immortal","The Runesmith","WarShipGirlsR/??á´Ò³R mod"],"gold_per_floor":[19,34,49,49,66,66,82,92,92,107,126,94,94,108,108,205,205,219,1,1,15,15,15,27,46,100,100,100],"floor_reached":27,"language":"KOR","playtime":772,"items_purged":["Strike_R"],"score":243,"play_id":"c576c8c9-b4af-4553-9c9b-37e7d483becd","local_time":"20210209172655","is_ascension_mode":true,"campfire_choices":[{"data":"Immolate","floor":6,"key":"SMITH"},{"data":"Fire Breathing","floor":13,"key":"SMITH"},{"data":"Warcry","floor":15,"key":"SMITH"},{"floor":23,"key":"REST"}],"circlet_count":0,"master_deck":["Strike_R","Strike_R","Defend_R","Defend_R","Defend_R","Defend_R","Bash","Immolate+1","Fire Breathing+1","Reckless Charge","True Grit","Warcry+1","Wild Strike","Sever Soul","Feed","Armaments","Flame Barrier","Body Slam"],"relics":["Burning Blood","Gremlin Horn","HollowMod:StagPassRelic","Empty Cage","Strange Spoon","Enchiridion"],"acts_visited":["Exordium","TheCity"],"potions_floor_usage":[18,21,24,25],"damage_taken":[{"damage":3,"enemies":"2 Louse","floor":1,"turns":2},{"damage":1,"enemies":"Cultist","floor":2,"turns":3},{"damage":8,"enemies":"Small Slimes","floor":3,"turns":2},{"damage":16,"enemies":"Blue Slaver","floor":5,"turns":4},{"damage":6,"enemies":"3 Louse","floor":7,"turns":2},{"damage":7,"enemies":"2 Fungi Beasts","floor":8,"turns":3},{"damage":22,"enemies":"Large Slime","floor":10,"turns":4},{"damage":12,"enemies":"Looter","floor":11,"turns":3},{"damage":1,"enemies":"2 Fungi Beasts","floor":14,"turns":2},{"damage":44,"enemies":"The Guardian","floor":16,"turns":9},{"damage":16,"enemies":"2 Thieves","floor":18,"turns":3},{"damage":34,"enemies":"Spheric Guardian","floor":21,"turns":6},{"damage":36,"enemies":"Snake Plant","floor":24,"turns":4},{"damage":2,"enemies":"3 Cultists","floor":25,"turns":4},{"damage":35,"enemies":"Slavers","floor":27,"turns":2}],"seed_played":"6860395471494452627","potions_obtained":[{"floor":1,"key":"Energy Potion"},{"floor":2,"key":"FearPotion"},{"floor":7,"key":"Dexterity Potion"},{"floor":21,"key":"DistilledChaos"},{"floor":24,"key":"GamblersBrew"}],"is_trial":false,"path_per_floor":["M","M","M","?","M","R","M","M","T","M","M","?","R","M","R","B",null,"M","$","?","M","$","R","M","M","T","E"],"character_chosen":"IRONCLAD","items_purchased":["Strange Spoon"],"campfire_rested":1,"item_purchase_floors":[19],"current_hp_per_floor":[80,80,78,78,68,68,68,67,67,51,45,45,45,50,50,12,80,70,70,54,29,29,53,23,27,27,0,0],"gold":100,"neow_bonus":"THREE_RARE_CARDS","is_daily":false,"chose_seed":false,"campfire_upgraded":3,"win_rate":0.0,"timestamp":1612859215,"path_taken":["M","M","M","?","M","R","M","M","T","M","?","?","R","M","R","BOSS","M","$","?","M","$","R","M","M","T","E"],"items_purchased_type":["Relic"],"build_version":"2020-12-22","purchased_purges":1,"victory":false,"max_hp_per_floor":[80,80,80,80,80,80,80,80,80,80,80,80,80,80,80,80,80,80,80,80,83,83,83,83,83,83,83,83],"card_choices":[{"not_picked":["Offering","Corruption"],"picked":"Immolate","floor":0},{"not_picked":["Entrench","Twin Strike"],"picked":"Fire Breathing","floor":1},{"not_picked":["Combust","Intimidate"],"picked":"Reckless Charge","floor":2},{"not_picked":["Iron Wave","Searing Blow","Clash"],"picked":"SKIP","floor":3},{"not_picked":["Uppercut","Heavy Blade","Thunderclap"],"picked":"SKIP","floor":5},{"not_picked":["Metallicize","Dropkick","Hemokinesis"],"picked":"SKIP","floor":7},{"not_picked":["Warcry","Thunderclap"],"picked":"True Grit","floor":8},{"not_picked":["Searing Blow","Twin Strike"],"picked":"Warcry","floor":10},{"not_picked":["Iron Wave","Thunderclap"],"picked":"Wild Strike","floor":11},{"not_picked":["Combust","Warcry"],"picked":"Sever Soul","floor":14},{"not_picked":["Immolate","Brutality"],"picked":"Feed","floor":16},{"not_picked":["Sword Boomerang","Shockwave"],"picked":"Armaments","floor":18},{"not_picked":["Clothesline+1","Feel No Pain","Whirlwind"],"picked":"SKIP","floor":21},{"not_picked":["Pommel Strike","Thunderclap"],"picked":"Flame Barrier","floor":24},{"not_picked":["Havoc","Sword Boomerang+1"],"picked":"Body Slam","floor":25}],"player_experience":143361,"relics_obtained":[{"floor":4,"key":"Gremlin Horn"},{"floor":9,"key":"HollowMod:StagPassRelic"},{"floor":20,"key":"Enchiridion"}],"event_choices":[{"damage_healed":0,"gold_gain":0,"player_choice":"Relic","damage_taken":0,"max_hp_gain":0,"max_hp_loss":0,"event_name":"Wheel of Change","floor":4,"gold_loss":0},{"damage_healed":0,"gold_gain":0,"player_choice":"Left Gold","damage_taken":0,"max_hp_gain":0,"max_hp_loss":0,"event_name":"World of Goop","floor":12,"gold_loss":32},{"damage_healed":0,"gold_gain":0,"player_choice":"Obtained Book","damage_taken":16,"max_hp_gain":0,"max_hp_loss":0,"event_name":"Cursed Tome","floor":20,"gold_loss":0}],"is_beta":false,"boss_relics":[{"not_picked":["Snecko Eye","Busted Crown"],"picked":"Empty Cage"}],"items_purged_floors":[19],"is_endless":false,"potions_floor_spawned":[1,2,7,10,21,24],"killed_by":"Slavers","ascension_level":3}}