{"host":"2eh6kef149pfh93v","time":1612896968,"event":{"mods":["2.2 Compatiblity","Act Like it!","Aspiration","BaseMod","Clockwork Mod","Conspire","Energized Spire","Gensokyo","GifTheSpireLib","Hero for Fun","Hubris","Infinite Spire","Marisa????????","Minty Spire (QoL Compilation)","Reliquary","Replay The Spire","Shop Mod","StSLib","Stuff the Spire","The Servant 0.9.4","Waifu the Spire","Yakumo Yukari mod"],"gold_per_floor":[110,124,138,153,153,153,178,192,192,209,223,223,223,240,240,335,335,351,351,369,379,106,135,135,53,134,94,94,125,125,641,641,736,736,755,755,677,677],"floor_reached":37,"language":"ENG","playtime":2135,"items_purged":[],"score":461,"play_id":"839ee37c-8ef8-4484-83cf-d8c3e1606e6a","local_time":"20210209135608","is_ascension_mode":false,"campfire_choices":[{"data":"SoulSculpture","floor":6.0,"key":"SMITH"},{"data":"BestPractice","floor":13.0,"key":"SMITH"},{"data":"FanOfKnives","floor":15.0,"key":"SMITH"},{"floor":24,"key":"REST"},{"floor":28,"key":"REST"},{"floor":32,"key":"REST"}],"circlet_count":0,"master_deck":["Strike_S","Defend_S","Defend_S","Defend_S+1","KidneyShot","Exchange","Rearm","BestPractice+1","SoulSculpture+1","InstantArmor","Ricochet","ShatteredReality","Potential+1","FanOfKnives+1","SoulSculpture+1","ShatteredReality","Potential","Starlight","Gensokyo:BlemishedSteel","Potential","SurpressingFire","SilverBlades+1","MurderousAura","StuffTheSpire:Perfection","MurderousAura","ReturningBlade+1","Predator","Bouncing Flask","StuffTheSpire:FinalStruggle","GearUp"],"relics":["SplendidAttire","Gensokyo:CelestialsFlawlessClothing","reliquary:SilkGlove","Gensokyo:Justice","SlaversCollar","DollysMirror","hubris:TenFootPole","aspiration:FetidBarrel","Bronze Scales"],"acts_visited":["Gensokyo:Gensokyo","Gensokyo:Gensokyoer","Gensokyo:Gensokyoest"],"potions_floor_usage":[16,21,29,29,29,37],"damage_taken":[{"damage":4.0,"enemies":"Gensokyo:3_Fairies","floor":1.0,"turns":4.0},{"damage":1.0,"enemies":"Gensokyo:Gryphon","floor":2.0,"turns":5.0},{"damage":4.0,"enemies":"Gensokyo:Python","floor":3.0,"turns":3.0},{"damage":12.0,"enemies":"Gensokyo:VengefulSpirit","floor":4.0,"turns":6.0},{"damage":28.0,"enemies":"Gensokyo:Mamizou","floor":7.0,"turns":11.0},{"damage":25.0,"enemies":"Gensokyo:3_Kodama","floor":8.0,"turns":10.0},{"damage":0.0,"enemies":"Gensokyo:Kitsune","floor":10.0,"turns":2.0},{"damage":0.0,"enemies":"Gensokyo:LivingMonolith","floor":11.0,"turns":3.0},{"damage":0.0,"enemies":"Gensokyo:2_Rabbits","floor":14.0,"turns":2.0},{"damage":28,"enemies":"Gensokyo:Reimu","floor":16,"turns":9},{"damage":23,"enemies":"Gensokyo:AngelMirror","floor":18,"turns":2},{"damage":10,"enemies":"Gensokyo:Chomper","floor":20,"turns":4},{"damage":22,"enemies":"Gensokyo:Monolith_and_Dog","floor":21,"turns":4},{"damage":13,"enemies":"Gensokyo:Koishi","floor":23,"turns":7},{"damage":0,"enemies":"Gensokyo:Tenshi","floor":29,"turns":1},{"damage":94,"enemies":"Gensokyo:Chomper_and_Gloop","floor":31,"turns":10},{"damage":41,"enemies":"Gensokyo:Eternal_Rivals","floor":33,"turns":8},{"damage":14,"enemies":"Gensokyo:3_Boulders","floor":35,"turns":5},{"damage":136,"enemies":"hubris:Merchant","floor":37,"turns":2}],"seed_played":"-408742192018564473","potions_obtained":[{"floor":1.0,"key":"LiquidBronze"},{"floor":2.0,"key":"SpeedPotion"},{"floor":3.0,"key":"Weak Potion"},{"floor":8.0,"key":"Toxic Potion"},{"floor":14.0,"key":"BlessingOfTheForge"},{"floor":18,"key":"Dexterity Potion"},{"floor":21,"key":"SteroidPotion"},{"floor":33,"key":"Strength Potion"}],"is_trial":false,"path_per_floor":["M","M","M","M","?","R","E","M","T","M","M","?","R","M","R","B",null,"M","?","M","M","COS","E","R","$","T","?","R","E","?","M","R","B",null,"M","?","$"],"character_chosen":"THE_SERVANT","items_purchased":["SilverBlades","GearUp"],"campfire_rested":3,"item_purchase_floors":[25,37],"current_hp_per_floor":[67,66,62,50,33,33,5,51,51,51,51,51,51,51,51,23,71,48,48,38,16,16,3,24,24,24,24,45,45,45,26,47,6,71,57,57,0,0],"gold":677,"neow_bonus":"TEN_PERCENT_HP_BONUS","is_daily":false,"chose_seed":false,"campfire_upgraded":3,"win_rate":0.0,"timestamp":1612896968,"path_taken":["M","M","?","?","?","R","E","M","T","M","M","?","R","M","R","BOSS","M","?","M","M","COS","E","R","?","T","?","R","E","?","M","R","BOSS","M","?","?"],"items_purchased_type":["Card","Card"],"build_version":"2020-12-22","purchased_purges":0,"victory":false,"max_hp_per_floor":[71,71,71,71,71,71,71,71,71,71,71,71,71,71,71,71,71,71,71,71,71,71,71,71,71,71,71,71,71,71,71,71,71,71,71,71,71,71],"card_choices":[{"not_picked":["Unruled","Reset"],"picked":"Rearm","floor":1.0},{"not_picked":["FastForward","Hightail"],"picked":"Revamp","floor":2.0},{"not_picked":["Defy","DoubleEdge"],"picked":"BestPractice","floor":3.0},{"not_picked":["ShiftingGears","ShatteredReality"],"picked":"SoulSculpture","floor":4.0},{"not_picked":["Alleviate","FastForward"],"picked":"InstantArmor","floor":7.0},{"not_picked":["FastForward","Sabotage"],"picked":"Ricochet","floor":8.0},{"not_picked":["Rearm","Spin"],"picked":"ShatteredReality","floor":10.0},{"not_picked":["Unruled","Ricochet"],"picked":"Potential","floor":11.0},{"not_picked":["StarChef","Luminosity"],"picked":"FanOfKnives","floor":14.0},{"not_picked":["Solidify","FlawlessForm"],"picked":"SoulSculpture","floor":16},{"not_picked":["BottledTime+1","Starlight"],"picked":"ShatteredReality","floor":18},{"not_picked":["FanOfKnives+1","Rewind"],"picked":"Potential","floor":20},{"not_picked":["Unruled+1","BottledTime"],"picked":"Starlight","floor":21},{"not_picked":["Rearm+1","Unruled"],"picked":"SurpressingFire","floor":23},{"not_picked":["Unruled","Ricochet"],"picked":"MurderousAura","floor":29},{"not_picked":["StuffTheSpire:Innocence","StuffTheSpire:Ambrosia"],"picked":"StuffTheSpire:Perfection","floor":30},{"not_picked":["Ricochet+1","Replace","ForgedInTime"],"picked":"SKIP","floor":31},{"not_picked":["Sunlight","FloweringNight"],"picked":"MurderousAura","floor":33},{"not_picked":["Rearm","Gouge"],"picked":"ReturningBlade+1","floor":35}],"player_experience":872,"relics_obtained":[{"floor":7.0,"key":"aspiration:Lifesprig"},{"floor":9.0,"key":"reliquary:SilkGlove"},{"floor":23,"key":"hubris:TenFootPole"},{"floor":26,"key":"aspiration:FetidBarrel"},{"floor":29,"key":"Bronze Scales"}],"event_choices":[],"is_beta":false,"boss_relics":[{"not_picked":["conspire:SeveredTorchhead","hubris:HollowSoul"],"picked":"SlaversCollar"},{"not_picked":["energizedSpire:StickyHand","StuffTheSpire:ModemDavis"],"picked":"SplendidAttire"}],"items_purged_floors":[],"is_endless":false,"potions_floor_spawned":[1,2,3,8,14,18,21,23,33],"killed_by":"hubris:Merchant","ascension_level":0}}