{"host":"aaqofma31c3gm2hj","time":1612855393,"event":{"mods":["BaseMod","GungeonMod","Minty Spire (QoL Compilation)","Replay The Spire","Spicy Shops","StSLib"],"gold_per_floor":[113,113,113,132,151,185,185,212,230,256,282,45,45,65,65,92,92,167,167,179,191,20,34,34,69,69,96,96,108,119,147,177,196,196,282,309,385,410,410,77,150,243,255,283,283,405,480,480,571,336,428,428,508,566,566,566,76,169,201],"floor_reached":60,"language":"ZHS","playtime":1725,"items_purged":["Defend_P","Defend_P","Strike_P+1","Parasite","Strike_P+1"],"score":4413,"play_id":"fbf5a2c0-4ad7-4e94-b11b-a184058cf73a","local_time":"20210209152313","is_ascension_mode":true,"campfire_choices":[{"data":"Tantrum","floor":7.0,"key":"SMITH"},{"data":"Ragnarok","floor":15.0,"key":"SMITH"},{"data":"Blasphemy","floor":17.0,"key":"SMITH"},{"data":"Scrawl","floor":26.0,"key":"SMITH"},{"data":"Adaptation","floor":34.0,"key":"SMITH"},{"floor":48.0,"key":"RECALL"},{"data":"Wallop","floor":52.0,"key":"SMITH"},{"data":"DeusExMachina","floor":56,"key":"SMITH"}],"circlet_count":0,"master_deck":["AscendersBane","Eruption+1","Vigilance","Tantrum+1","Blasphemy+1","Adaptation+1","Ragnarok+1","Scrawl+1","Tantrum+1","Wallop+1","DeusExMachina+1","Wish+1","Omniscience+1","LikeWater+1","FearNoEvil","Clumsy","Fasting2+1","DemoMod:Spice"],"relics":["DemoMod:RiddleOfLead","DemoMod:DecoyRelic","Onion Ring","ReplayTheSpireMod:TigerMarble","Happy Flower","CeramicFish","ReplayTheSpireMod:DimensionalGlitch","Nilry\u0027s Codex","Frozen Egg 2","Mirror","Kunai","Bag of Preparation","Red Mask","Astrolabe","Membership Card","Medical Kit","Vajra","ReplayTheSpireMod:Lightbulb","Replay:Rubber Ducky","Replay:Bandana","MealTicket","Lantern","ClockworkSouvenir","Anchor","Melange","Nunchaku","CloakClasp","Gremlin Horn"],"acts_visited":["Exordium","TheCity","TheBeyond","TheEnding"],"potions_floor_usage":[59,59,59],"damage_taken":[{"damage":5.0,"enemies":"Jaw Worm","floor":1.0,"turns":4.0},{"damage":0.0,"enemies":"2 Louse","floor":4.0,"turns":1.0},{"damage":4.0,"enemies":"Small Slimes","floor":5.0,"turns":2.0},{"damage":10.0,"enemies":"Lagavulin","floor":6.0,"turns":5.0},{"damage":0.0,"enemies":"3 Sentries","floor":8.0,"turns":3.0},{"damage":0.0,"enemies":"Looter","floor":9.0,"turns":2.0},{"damage":0.0,"enemies":"Red Slaver","floor":14.0,"turns":1.0},{"damage":0.0,"enemies":"Gremlin Nob","floor":16.0,"turns":2.0},{"damage":3.0,"enemies":"Fading Forest","floor":18.0,"turns":12.0},{"damage":0.0,"enemies":"Chosen","floor":20.0,"turns":1.0},{"damage":3.0,"enemies":"2 Thieves","floor":21.0,"turns":2.0},{"damage":0.0,"enemies":"Snecko","floor":23.0,"turns":1.0},{"damage":0.0,"enemies":"Gremlin Leader","floor":25.0,"turns":1.0},{"damage":0.0,"enemies":"Slavers","floor":27.0,"turns":1.0},{"damage":0.0,"enemies":"Shelled Parasite and Fungi","floor":29.0,"turns":1.0},{"damage":0.0,"enemies":"Centurion and Healer","floor":30.0,"turns":2.0},{"damage":0.0,"enemies":"Replay:Snechameleon","floor":31.0,"turns":1.0},{"damage":0.0,"enemies":"Masked Bandits","floor":32.0,"turns":1.0},{"damage":0.0,"enemies":"Sentry and Sphere","floor":33.0,"turns":1.0},{"damage":0.0,"enemies":"Pondfish","floor":35.0,"turns":3.0},{"damage":0.0,"enemies":"3 Shapes","floor":37.0,"turns":2.0},{"damage":0.0,"enemies":"Orb Walker","floor":38.0,"turns":1.0},{"damage":0.0,"enemies":"Spire Growth","floor":41.0,"turns":2.0},{"damage":0.0,"enemies":"Giant Head","floor":42.0,"turns":4.0},{"damage":0.0,"enemies":"Writhing Mass","floor":43.0,"turns":1.0},{"damage":0.0,"enemies":"R_Hoarder","floor":44.0,"turns":2.0},{"damage":0.0,"enemies":"Reptomancer","floor":46.0,"turns":2.0},{"damage":0.0,"enemies":"3 Darklings","floor":47.0,"turns":1.0},{"damage":11.0,"enemies":"Giant Head","floor":49.0,"turns":4.0},{"damage":0.0,"enemies":"Transient","floor":51.0,"turns":6.0},{"damage":0.0,"enemies":"Donu and Deca","floor":53.0,"turns":2.0},{"damage":0,"enemies":"Time Eater","floor":54,"turns":2},{"damage":0,"enemies":"Shield and Spear","floor":58,"turns":2},{"damage":29,"enemies":"The Heart","floor":59,"turns":6}],"seed_played":"2510540519507685189","potions_obtained":[{"floor":4.0,"key":"Explosive Potion"},{"floor":9.0,"key":"Adrenaline Potion"},{"floor":14.0,"key":"SkillPotion"},{"floor":29.0,"key":"Strength Potion"},{"floor":38.0,"key":"Dexterity Potion"},{"floor":46.0,"key":"Explosive Potion"},{"floor":49.0,"key":"BottledMiracle"},{"floor":58,"key":"PowerPotion"}],"is_trial":false,"path_per_floor":["M","?","?","M","M","E","R","E","M","T","T","$","?","M","R","E","R","B",null,"M","M","$","M","?","E","R","E","T","M","M","E","?","M","R","B",null,"M","M","?","$","M","E","M","E","T","E","M","R","E","$","M","R","B","B",null,"R","$","E","B",null],"character_chosen":"WATCHER","items_purchased":["Ragnarok","Scrawl","Membership Card","Medical Kit","Vajra","ClockworkSouvenir","Anchor","SkillPotion","SneckoOil","Melange","Nunchaku","CloakClasp"],"campfire_rested":0,"item_purchase_floors":[12,22,40,40,40,50,50,50,57,57,57,57],"current_hp_per_floor":[73,73,50,50,46,36,36,36,36,36,36,36,18,18,18,18,18,23,64,64,61,61,61,28,28,28,28,28,28,28,28,28,28,28,28,66,66,66,66,66,66,66,66,66,66,66,68,68,57,72,72,72,72,72,73,73,73,73,42],"gold":201,"neow_bonus":"BOSS_RELIC","is_daily":false,"chose_seed":false,"campfire_upgraded":7,"win_rate":0.0,"timestamp":1612855393,"path_taken":["M","?","?","M","M","E","R","E","M","T","T","$","?","?","R","E","R","BOSS","M","M","$","M","?","E","R","E","T","M","M","E","?","M","R","BOSS","M","M","?","$","M","E","M","E","T","E","M","R","E","$","?","R","BOSS","BOSS","R","$","E","BOSS"],"items_purchased_type":["Card","Card","Relic","Relic","Relic","Relic","Relic","Potion","Potion","Relic","Relic","Relic"],"build_version":"2020-12-22","purchased_purges":5,"victory":true,"max_hp_per_floor":[78,78,78,78,78,78,78,78,78,78,78,78,78,78,78,78,78,78,78,78,78,78,78,78,78,78,78,78,78,78,78,78,78,78,78,78,78,78,78,78,78,78,78,76,76,76,76,76,76,73,73,73,73,73,73,73,73,73,71],"card_choices":[{"not_picked":["SashWhip","Prostrate"],"picked":"Tantrum","floor":1.0},{"not_picked":["EmptyFist","ThirdEye","Perseverance"],"picked":"SKIP","floor":4.0},{"not_picked":["ClearTheMind","FlyingSleeves","MentalFortress"],"picked":"SKIP","floor":5.0},{"not_picked":["Replay:LoomingThreat","Protect"],"picked":"Blasphemy","floor":6.0},{"not_picked":["Study","SashWhip"],"picked":"Adaptation","floor":8.0},{"not_picked":["SandsOfTime","ClearTheMind","BowlingBash"],"picked":"SKIP","floor":9.0},{"not_picked":["Replay:AtTheReady","JustLucky","Prostrate"],"picked":"SKIP","floor":14.0},{"not_picked":["Pray","SpiritShield","LikeWater"],"picked":"SKIP","floor":16.0},{"not_picked":["PathToVictory","Sanctity","Pray"],"picked":"SKIP","floor":20.0},{"not_picked":["WindmillStrike","JustLucky","Replay:Vibes"],"picked":"SKIP","floor":21.0},{"not_picked":["FlurryOfBlows","Replay:AtTheReady","EmptyBody"],"picked":"SKIP","floor":23.0},{"not_picked":["Protect","Weave"],"picked":"Tantrum","floor":25.0},{"not_picked":["Study+1","FlurryOfBlows","SandsOfTime"],"picked":"SKIP","floor":27.0},{"not_picked":["Replay:AtTheReady","Replay:ManipulateFuture","CrushJoints"],"picked":"SKIP","floor":29.0},{"not_picked":["Protect+1","Weave","Worship"],"picked":"SKIP","floor":30.0},{"not_picked":["Protect+1","Weave","Worship"],"picked":"SKIP","floor":30.0},{"not_picked":["EmptyBody","FlyingSleeves","Replay:ManipulateFuture"],"picked":"SKIP","floor":31.0},{"not_picked":["Crescendo+1","Wireheading+1"],"picked":"Wallop","floor":33.0},{"not_picked":["SpiritShield","Wish"],"picked":"DeusExMachina","floor":35.0},{"not_picked":["Halt","CutThroughFate","SandsOfTime"],"picked":"SKIP","floor":37.0},{"not_picked":["Protect","Replay:Anticipation"],"picked":"FearNoEvil","floor":38.0},{"not_picked":["Prostrate","Perseverance","FearNoEvil"],"picked":"SKIP","floor":41.0},{"not_picked":["FollowUp+1","Prostrate","ThirdEye"],"picked":"SKIP","floor":42.0},{"not_picked":["Wallop+1","Nirvana+1","EmptyBody"],"picked":"SKIP","floor":43.0},{"not_picked":["BowlingBash+1","FlurryOfBlows","JustLucky+1"],"picked":"SKIP","floor":44.0},{"not_picked":["Replay:Vibes","Study+1","WindmillStrike+1"],"picked":"SKIP","floor":46.0},{"not_picked":["CutThroughFate","Halt+1"],"picked":"Fasting2+1","floor":47.0},{"not_picked":["DemoMod:Spice","Brilliance","FearNoEvil"],"picked":"SKIP","floor":49.0},{"not_picked":["SignatureMove+1","Prostrate+1","JustLucky+1"],"picked":"SKIP","floor":51.0},{"not_picked":["Evaluate+1","FlurryOfBlows"],"picked":"DemoMod:Spice","floor":58}],"player_experience":665168,"relics_obtained":[{"floor":6.0,"key":"DemoMod:DecoyRelic"},{"floor":8.0,"key":"Onion Ring"},{"floor":10.0,"key":"ReplayTheSpireMod:TigerMarble"},{"floor":16.0,"key":"CeramicFish"},{"floor":24.0,"key":"Nilry\u0027s Codex"},{"floor":25.0,"key":"Frozen Egg 2"},{"floor":27.0,"key":"Mirror"},{"floor":28.0,"key":"Kunai"},{"floor":31.0,"key":"Bag of Preparation"},{"floor":32.0,"key":"Red Mask"},{"floor":42.0,"key":"ReplayTheSpireMod:Lightbulb"},{"floor":44.0,"key":"Replay:Rubber Ducky"},{"floor":45.0,"key":"Replay:Bandana"},{"floor":46.0,"key":"MealTicket"},{"floor":49.0,"key":"Lantern"},{"floor":58,"key":"Gremlin Horn"}],"event_choices":[{"cards_removed":["Defend_P"],"damage_healed":0.0,"max_hp_gain":0.0,"max_hp_loss":0.0,"gold_gain":0.0,"event_name":"Living Wall","player_choice":"Forget","floor":2.0,"gold_loss":0.0,"damage_taken":0.0},{"damage_healed":0.0,"max_hp_gain":0.0,"max_hp_loss":0.0,"gold_gain":0.0,"event_name":"Shining Light","player_choice":"Entered Light","floor":3.0,"gold_loss":0.0,"damage_taken":23.0,"cards_upgraded":["Strike_P","Eruption"]},{"damage_healed":0.0,"max_hp_gain":0.0,"max_hp_loss":0.0,"gold_gain":0.0,"event_name":"Scrap Ooze","player_choice":"Success","floor":13.0,"gold_loss":0.0,"damage_taken":18.0,"relics_obtained":["Happy Flower"]},{"damage_healed":0.0,"max_hp_gain":0.0,"max_hp_loss":0.0,"gold_gain":0.0,"event_name":"Cursed Tome","player_choice":"Obtained Book","floor":24.0,"gold_loss":0.0,"damage_taken":21.0},{"damage_healed":0.0,"max_hp_gain":0.0,"max_hp_loss":0.0,"gold_gain":0.0,"event_name":"Masked Bandits","player_choice":"Fought Bandits","floor":32.0,"gold_loss":0.0,"damage_taken":0.0},{"damage_healed":0.0,"max_hp_gain":0.0,"max_hp_loss":0.0,"gold_gain":0.0,"event_name":"Accursed Blacksmith","player_choice":"Forge","floor":39.0,"gold_loss":0.0,"damage_taken":0.0,"cards_upgraded":["Tantrum"]}],"is_beta":false,"boss_relics":[{"not_picked":["Fusion Hammer","Replay:Wanted Poster"],"picked":"ReplayTheSpireMod:DimensionalGlitch"},{"not_picked":["Snecko Eye","Replay:Ancient Bell"],"picked":"Astrolabe"}],"items_purged_floors":[12,22,40,50,57],"is_endless":false,"potions_floor_spawned":[4,9,14,25,27,29,31,32,38,42,46,49,51,58],"ascension_level":20}}