{"host":"qksa0nge77ubun9a","time":1612850689,"event":{"mods":["AchievementEnabler","BaseMod","Colored Map","Colored Powertips","Googly Eyes","Highlight Path","Minty Spire (QoL Compilation)","Quick Restart","StSLib"],"gold_per_floor":[117,117,135,85,100,125,50,50,104,134,146,175,187,199,211,313,325,350,362,374,60,60,85,105,105,105,42,42,42],"floor_reached":28,"language":"ENG","playtime":4870,"items_purged":["Defend_R","Injury"],"score":485,"play_id":"b159763b-3e68-479c-bcf8-4f36515e03df","local_time":"20210208220449","is_ascension_mode":true,"campfire_choices":[{"data":"Perfected Strike","floor":11.0,"key":"SMITH"},{"data":"Pommel Strike","floor":13.0,"key":"SMITH"},{"floor":15.0,"key":"REST"},{"data":"RitualDagger","floor":25.0,"key":"SMITH"}],"circlet_count":0,"master_deck":["AscendersBane","Strike_R","Strike_R","Strike_R","Strike_R","Strike_R","Defend_R","Defend_R","Defend_R","Bash","Reckless Charge","Pommel Strike","Perfected Strike+1","Intimidate","Pommel Strike+1","Flex+1","Demon Form","True Grit+1","RitualDagger+1","Feel No Pain","Shame","Ghostly Armor","Inflame","Metallicize"],"relics":["Burning Blood","Nunchaku","Matryoshka","Akabeko","Red Skull","MawBank","Bloody Idol","Mark of Pain","War Paint","Happy Flower","Omamori","CeramicFish","Meat on the Bone"],"acts_visited":["Exordium","TheCity"],"potions_floor_usage":[],"damage_taken":[{"damage":5.0,"enemies":"Small Slimes","floor":1.0,"turns":4.0},{"damage":12.0,"enemies":"2 Louse","floor":3.0,"turns":3.0},{"damage":4.0,"enemies":"Jaw Worm","floor":5.0,"turns":3.0},{"damage":40.0,"enemies":"3 Sentries","floor":6.0,"turns":8.0},{"damage":0.0,"enemies":"Lagavulin","floor":8.0,"turns":1.0},{"damage":7.0,"enemies":"3 Louse","floor":10.0,"turns":3.0},{"damage":0.0,"enemies":"Blue Slaver","floor":12.0,"turns":1.0},{"damage":0.0,"enemies":"Slime Boss","floor":16.0,"turns":7.0},{"damage":11.0,"enemies":"Chosen","floor":18.0,"turns":4.0},{"damage":25.0,"enemies":"Slavers","floor":23.0,"turns":6.0},{"damage":12.0,"enemies":"2 Thieves","floor":24.0,"turns":4.0},{"damage":85,"enemies":"Book of Stabbing","floor":28,"turns":6}],"seed_played":"-4484662986525635986","potions_obtained":[{"floor":5.0,"key":"SmokeBomb"},{"floor":12.0,"key":"SpeedPotion"},{"floor":18.0,"key":"FearPotion"}],"is_trial":false,"path_per_floor":["M","?","M","?","M","E","$","E","T","M","R","M","R","?","R","B",null,"M","?","?","$","?","E","M","R","T","$","E"],"character_chosen":"IRONCLAD","items_purchased":["Feel No Pain","War Paint","Metallicize"],"campfire_rested":1,"item_purchase_floors":[21,21,27],"current_hp_per_floor":[73,73,67,67,69,35,35,41,41,40,40,46,46,46,70,76,79,74,74,73,78,78,64,68,68,68,73,0,0],"gold":42,"neow_bonus":"RANDOM_COMMON_RELIC","is_daily":false,"chose_seed":false,"campfire_upgraded":3,"win_rate":0.0,"timestamp":1612850689,"path_taken":["M","?","M","?","M","E","$","E","T","M","R","M","R","?","R","BOSS","M","?","?","$","?","E","M","R","T","?","E"],"items_purchased_type":["Card","Relic","Card"],"build_version":"2020-12-22","purchased_purges":2,"victory":false,"max_hp_per_floor":[80,80,80,80,80,80,80,80,80,80,80,80,80,80,80,80,80,80,80,80,80,80,80,80,80,80,80,80,80],"card_choices":[{"not_picked":["Twin Strike","Disarm"],"picked":"Reckless Charge","floor":1.0},{"not_picked":["Uppercut","Entrench"],"picked":"Pommel Strike","floor":3.0},{"not_picked":["Warcry","Clothesline"],"picked":"Perfected Strike","floor":5.0},{"not_picked":["Dark Embrace","Iron Wave"],"picked":"Intimidate","floor":6.0},{"not_picked":["Flame Barrier","Evolve"],"picked":"Pommel Strike","floor":10.0},{"not_picked":["Sword Boomerang","Combust"],"picked":"Flex","floor":12.0},{"not_picked":["Corruption","Barricade"],"picked":"Demon Form","floor":16.0},{"not_picked":["Sword Boomerang","Metallicize"],"picked":"True Grit","floor":18.0},{"not_picked":["Perfected Strike","Cleave"],"picked":"Ghostly Armor","floor":23.0},{"not_picked":["Headbutt","Anger"],"picked":"Inflame","floor":24.0}],"player_experience":1363566,"relics_obtained":[{"floor":6.0,"key":"Akabeko"},{"floor":9.0,"key":"Red Skull"},{"floor":9.0,"key":"MawBank"},{"floor":23.0,"key":"Omamori"},{"floor":26.0,"key":"CeramicFish"},{"floor":26.0,"key":"Meat on the Bone"}],"event_choices":[{"damage_healed":0.0,"max_hp_gain":0.0,"max_hp_loss":0.0,"gold_gain":0.0,"event_name":"Big Fish","player_choice":"Box","floor":2.0,"gold_loss":0.0,"damage_taken":0.0,"relics_obtained":["Matryoshka"],"cards_obtained":["Regret"]},{"cards_removed":["Regret"],"damage_healed":0.0,"max_hp_gain":0.0,"max_hp_loss":0.0,"gold_gain":0.0,"event_name":"The Cleric","player_choice":"Card Removal","floor":4.0,"gold_loss":50.0,"damage_taken":0.0},{"damage_healed":0.0,"max_hp_gain":0.0,"max_hp_loss":0.0,"gold_gain":0.0,"event_name":"Golden Idol","player_choice":"Take Wound","floor":14.0,"gold_loss":0.0,"damage_taken":0.0,"relics_obtained":["Golden Idol"],"cards_obtained":["Injury"]},{"damage_healed":0.0,"max_hp_gain":0.0,"max_hp_loss":0.0,"gold_gain":0.0,"event_name":"Forgotten Altar","player_choice":"Gave Idol","floor":19.0,"relics_lost":["Golden Idol"],"gold_loss":0.0,"damage_taken":0.0,"relics_obtained":["Bloody Idol"]},{"damage_healed":0.0,"max_hp_gain":0.0,"max_hp_loss":0.0,"gold_gain":0.0,"event_name":"Nest","player_choice":"Joined the Cult","floor":20.0,"gold_loss":0.0,"damage_taken":6.0,"cards_obtained":["RitualDagger"]},{"damage_healed":0.0,"max_hp_gain":0.0,"max_hp_loss":0.0,"gold_gain":0.0,"event_name":"Addict","player_choice":"Stole Relic","floor":22.0,"gold_loss":0.0,"damage_taken":0.0,"relics_obtained":["Happy Flower"],"cards_obtained":["Shame"]}],"is_beta":false,"boss_relics":[{"not_picked":["Runic Dome","Fusion Hammer"],"picked":"Mark of Pain"}],"items_purged_floors":[7,21],"is_endless":false,"potions_floor_spawned":[5,8,12,18],"killed_by":"Book of Stabbing","ascension_level":13}}