{"host":"6drv1qzpbnls60z2","time":1612866057,"event":{"mods":["ATMod(°¢èªMod)","Act Like it!","BaseMod","Hallownest","Jedi Mod","Minty Spire (QoL Compilation)","Reliquary","Replay The Spire","Shop Mod","Spicy Shops","StSLib","The Dragon Tamer","Uncapped","¡¾ÒÅÎï¿¨ÅÆ¡¿REMEMod","²ÐÁôÖ®Îï","óô»ðÖ¸ÄÏ"],"gold_per_floor":[119,119,12,162,181,65,65,65,65],"floor_reached":7,"language":"ZHS","playtime":362,"items_purged":[],"score":178,"play_id":"f1ae40f1-e29f-40f6-a66a-71afdb258a3b","local_time":"20210209182057","daily_mods":["Flight"],"is_ascension_mode":true,"metric_token":1047,"campfire_choices":[],"dtmod_dragon_data":[41,46,-1,-1,0,0],"circlet_count":0,"master_deck":["AscendersBane","DTMod:Strike","DTMod:Strike","DTMod:Strike","DTMod:Strike","DTMod:DoubleHit","DTMod:TargetDefense","DTMod:TargetDefense","DTMod:TargetDefense","DTMod:TargetDefense","DTMod:SwitchingTactic","AT_FocusSwordFire","AT_Dispersion","DTMod:RunningTactic","DTMod:CalculatedDefense","DTMod:BurningEnergy","Doubt","DTMod:CleansingStrike","DTMod:Haste+1","DTMod:Cover"],"relics":["DTMod:PactStone","AT_ATBox","REME_ComplimentaryCards","reliquary:Boomerang"],"acts_visited":["Exordium"],"potions_floor_usage":[7],"damage_taken":[{"damage":8,"enemies":"2 Louse","floor":1,"turns":3},{"damage":5,"enemies":"Small Slimes","floor":5,"turns":4},{"damage":12,"enemies":"3 Sentries","floor":7,"turns":4}],"seed_played":"5864449750113765316","potions_obtained":[{"floor":1,"key":"SpeedPotion"},{"floor":5,"key":"Weak Potion"}],"is_trial":true,"path_per_floor":["M","?","$","?","M","R","E"],"character_chosen":"THE_DT","items_purchased":["DTMod:CalculatedDefense","DTMod:BurningEnergy","DTMod:Haste+1","DTMod:Cover"],"campfire_rested":0,"item_purchase_floors":[3,3,6,6],"current_hp_per_floor":[29,11,11,11,6,6,0,0,0],"gold":65,"neow_bonus":"","is_daily":false,"chose_seed":false,"campfire_upgraded":0,"win_rate":0.0,"timestamp":1612866057,"path_taken":["M","?","$","?","M","R","E"],"items_purchased_type":["Card","Card","Card","Card"],"build_version":"2020-12-22","purchased_purges":0,"victory":false,"max_hp_per_floor":[41,41,41,41,41,41,41,41,41],"card_choices":[{"not_picked":["DTMod:FlameSlash","DTMod:HeatWave"],"picked":"DTMod:RunningTactic","floor":1},{"not_picked":["DTMod:Overwhelm","DTMod:Hide"],"picked":"DTMod:CleansingStrike","floor":5}],"player_experience":10184,"relics_obtained":[],"event_choices":[{"damage_healed":0,"gold_gain":0,"player_choice":"Success","damage_taken":18,"relics_obtained":["reliquary:Boomerang"],"max_hp_gain":0,"max_hp_loss":0,"event_name":"Scrap Ooze","floor":2,"gold_loss":0},{"damage_healed":0,"gold_gain":150,"player_choice":"AGREE","damage_taken":0,"max_hp_gain":0,"max_hp_loss":0,"event_name":"Liars Game","floor":4,"gold_loss":0,"cards_obtained":["Doubt"]}],"is_beta":false,"boss_relics":[],"items_purged_floors":[],"is_endless":true,"potions_floor_spawned":[1,5],"killed_by":"3 Sentries","ascension_level":20}}