{"host":"6azrrw3tf7wb0f4b","time":1612871910,"event":{"mods":["BaseMod","DeckTracker","Minty Spire (QoL Compilation)","SuperFastMode"],"gold_per_floor":[112,112,127,52,64,95,112,112,412,412,438,471,486,498,498,576,576,595,613,613,613],"floor_reached":20,"language":"KOR","playtime":558,"items_purged":["Defend_R"],"score":344,"play_id":"78b089ae-bd2b-40dc-b481-26a9c28bb1ce","local_time":"20210209205830","is_ascension_mode":true,"campfire_choices":[{"data":"Armaments","floor":15.0,"key":"SMITH"}],"circlet_count":0,"master_deck":["AscendersBane","Strike_R","Strike_R","Strike_R","Strike_R","Defend_R","Defend_R","Defend_R","Bash","Battle Trance","Armaments+1","Blood for Blood","Pommel Strike","True Grit","Juggernaut","Power Through"],"relics":["Burning Blood","NeowsBlessing","Paper Frog","Old Coin","Odd Mushroom","Torii","Mark of Pain"],"acts_visited":["Exordium","TheCity"],"potions_floor_usage":[20],"damage_taken":[{"damage":0.0,"enemies":"Small Slimes","floor":1.0,"turns":1.0},{"damage":0.0,"enemies":"Cultist","floor":3.0,"turns":1.0},{"damage":0.0,"enemies":"Jaw Worm","floor":5.0,"turns":1.0},{"damage":59.0,"enemies":"Gremlin Nob","floor":6.0,"turns":5.0},{"damage":9.0,"enemies":"Blue Slaver","floor":7.0,"turns":4.0},{"damage":18.0,"enemies":"The Mushroom Lair","floor":11.0,"turns":4.0},{"damage":26.0,"enemies":"3 Sentries","floor":12.0,"turns":10.0},{"damage":4.0,"enemies":"3 Louse","floor":13.0,"turns":5.0},{"damage":27.0,"enemies":"Exordium Thugs","floor":14.0,"turns":6.0},{"damage":15.0,"enemies":"Hexaghost","floor":16.0,"turns":9.0},{"damage":44.0,"enemies":"3 Byrds","floor":18.0,"turns":6.0},{"damage":27.0,"enemies":"2 Thieves","floor":19.0,"turns":5.0},{"damage":19,"enemies":"Masked Bandits","floor":20,"turns":2}],"seed_played":"-1201334981373655579","potions_obtained":[{"floor":1.0,"key":"Fruit Juice"},{"floor":3.0,"key":"Regen Potion"},{"floor":6.0,"key":"Fruit Juice"},{"floor":7.0,"key":"PowerPotion"},{"floor":13.0,"key":"LiquidBronze"},{"floor":19.0,"key":"ColorlessPotion"}],"is_trial":false,"path_per_floor":["M","?","M","$","M","E","M","?","T","?","?","E","M","M","R","B",null,"M","M","?"],"character_chosen":"IRONCLAD","items_purchased":[],"campfire_rested":0,"item_purchase_floors":[],"current_hp_per_floor":[74,74,75,75,75,32,29,57,57,57,45,40,42,21,21,12,67,29,8,0,0],"gold":613,"neow_bonus":"THREE_ENEMY_KILL","is_daily":false,"chose_seed":false,"campfire_upgraded":1,"win_rate":0.0,"timestamp":1612871910,"path_taken":["M","?","M","?","?","E","M","?","T","?","?","E","M","?","R","BOSS","M","M","?"],"items_purchased_type":[],"build_version":"2020-12-22","purchased_purges":1,"victory":false,"max_hp_per_floor":[75,75,75,75,75,85,85,85,85,85,85,85,85,85,85,85,85,85,85,85,85],"card_choices":[{"not_picked":["Dual Wield","Inflame"],"picked":"Battle Trance","floor":1.0},{"not_picked":["Wild Strike","Rage"],"picked":"Armaments","floor":3.0},{"not_picked":["Seeing Red","Dark Embrace"],"picked":"Blood for Blood","floor":5.0},{"not_picked":["Anger","Hemokinesis","Perfected Strike"],"picked":"SKIP","floor":6.0},{"not_picked":["Clash","Warcry","Flex"],"picked":"SKIP","floor":7.0},{"not_picked":["Twin Strike","Heavy Blade"],"picked":"Pommel Strike","floor":11.0},{"not_picked":["Rampage","Heavy Blade"],"picked":"True Grit","floor":12.0},{"not_picked":["Twin Strike","Warcry","Sword Boomerang"],"picked":"SKIP","floor":13.0},{"not_picked":["True Grit","Sever Soul","Warcry"],"picked":"SKIP","floor":14.0},{"not_picked":["Limit Break","Berserk"],"picked":"Juggernaut","floor":16.0},{"not_picked":["Warcry","Heavy Blade"],"picked":"Power Through","floor":18.0},{"not_picked":["Iron Wave+1","Pommel Strike","Dual Wield"],"picked":"SKIP","floor":19.0}],"player_experience":763243,"relics_obtained":[{"floor":6.0,"key":"Paper Frog"},{"floor":9.0,"key":"Old Coin"},{"floor":11.0,"key":"Odd Mushroom"},{"floor":12.0,"key":"Torii"}],"event_choices":[{"cards_removed":["Strike_R"],"damage_healed":0.0,"max_hp_gain":0.0,"max_hp_loss":0.0,"gold_gain":0.0,"event_name":"Purifier","player_choice":"Purged","floor":2.0,"gold_loss":0.0,"damage_taken":0.0},{"damage_healed":28.0,"max_hp_gain":0.0,"max_hp_loss":0.0,"gold_gain":0.0,"event_name":"Big Fish","player_choice":"Banana","floor":8.0,"gold_loss":0.0,"damage_taken":0.0},{"damage_healed":0.0,"max_hp_gain":0.0,"max_hp_loss":0.0,"gold_gain":0.0,"event_name":"Liars Game","player_choice":"Ignored","floor":10.0,"gold_loss":0.0,"damage_taken":0.0},{"damage_healed":0.0,"max_hp_gain":0.0,"max_hp_loss":0.0,"gold_gain":0.0,"event_name":"Mushrooms","player_choice":"Fought Mushrooms","floor":11.0,"gold_loss":0.0,"damage_taken":0.0},{"damage_healed":0,"gold_gain":0,"player_choice":"Fought Bandits","damage_taken":0,"max_hp_gain":0,"max_hp_loss":0,"event_name":"Masked Bandits","floor":20,"gold_loss":0}],"is_beta":false,"boss_relics":[{"not_picked":["Empty Cage","Snecko Eye"],"picked":"Mark of Pain"}],"items_purged_floors":[4],"is_endless":false,"potions_floor_spawned":[1,3,6,7,13,19],"killed_by":"Masked Bandits","ascension_level":17}}