{"host":"b7dyfc527bmrkvbm","time":1612895947,"event":{"mods":["2.2 Compatiblity","Act Like it!","BaseMod","BetterRewards","Conspire","Downfall","Hubris","Infinite Spire","Mimic Mod","Minty Spire (QoL Compilation)","Replay The Spire","Shop Mod","StSLib","The Jungle"],"gold_per_floor":[0,18,18,18,18,18,53,64,25,35,50,70,55,155,169,264,264,264,278,66,66,81,81,81,181,211,226,245,262,162,193,212,310,310,210,228,248,285,385,36,86,119,129,157,57,67,91,91,107,107,107,134,84,84,84,84],"floor_reached":57,"language":"ENG","playtime":11159,"items_purged":["Guardian:AncientConstruct","Guardian:ChargeCore","Guardian:StasisField"],"score":1421,"play_id":"912654c1-1aca-43ef-9a5a-dd01981e8429","local_time":"20210209133907","is_ascension_mode":true,"campfire_choices":[{"data":"Guardian:BaubleBeam","floor":1.0,"key":"SMITH"},{"data":"Transmutation","floor":6.0,"key":"SMITH"},{"floor":30.0,"key":"RECALL"},{"data":"Guardian:TimeSifter","floor":35.0,"key":"SMITH"},{"data":"Guardian:GemFire","floor":45,"key":"SMITH"},{"data":"Guardian:CompilePackage","floor":54,"key":"SMITH"}],"circlet_count":0,"master_deck":["Guardian:TwinSlam","Guardian:BaubleBeam+1","Transmutation+1","Guardian:CrystalBeam","Guardian:BronzeOrb","Guardian:Suspension","Guardian:VentSteam","Guardian:CrystalBeam","Guardian:TemporalShield","Guardian:StasisField","Guardian:CompilePackage+1","Guardian:Reroute","Guardian:Planning+1","Guardian:Preprogram+1","Guardian:Suspension+1","Guardian:TimeSifter+1","Guardian:TimeCapacitor","infinitespire:Menacing+1","Guardian:Preprogram+1","Guardian:SentryBeam","Guardian:ArmoredProtocol","Guardian:CrystalBeam+1","Guardian:GemFire+1","Guardian:Planning+1","Guardian:ArmoredProtocol+1"],"relics":["Guardian:ModeShifter","infinitespire:Satchel","White Beast Statue","Replay:Grab Bag","infinitespire:Cupcake","Coffee Dripper","Pandora\u0027s Box","Calipers","Toxic Egg 2","Letter Opener","Smiling Mask","Mango","downfall:HeartBlessingBlue","hubris:BottledRain","conspire:RoyalGoblet","downfall:HeartBlessingRed","TungstenRod","BargainBundle","Bag of Preparation","Gremlin Food","hubris:TinFlute","infinitespire:Bottled Soul","downfall:HeartBlessingGreen","Vajra","hubris:Reverence"],"acts_visited":["Exordium","theJungle:Jungle","TheBeyond","TheEnding"],"potions_floor_usage":[42,42,52,52,56,56,56],"damage_taken":[{"damage":1.0,"enemies":"Cultist","floor":2.0,"turns":4.0},{"damage":4.0,"enemies":"2 Louse","floor":7.0,"turns":5.0},{"damage":9.0,"enemies":"2 Louse","floor":8.0,"turns":4.0},{"damage":10.0,"enemies":"downfall:FleeingMerchant","floor":9.0,"turns":4.0},{"damage":2.0,"enemies":"Jaw Worm","floor":10.0,"turns":4.0},{"damage":7.0,"enemies":"Large Slime","floor":11.0,"turns":4.0},{"damage":0.0,"enemies":"Exordium Wildlife","floor":12.0,"turns":3.0},{"damage":0.0,"enemies":"downfall:FleeingMerchant","floor":13.0,"turns":4.0},{"damage":25.0,"enemies":"downfall:LadyInBlue","floor":14.0,"turns":7.0},{"damage":11.0,"enemies":"Lots of Slimes","floor":15.0,"turns":4.0},{"damage":4.0,"enemies":"SI_SHIV_ARCHETYPE","floor":16.0,"turns":6.0},{"damage":16.0,"enemies":"theJungle:5_Spyders","floor":19.0,"turns":6.0},{"damage":0.0,"enemies":"downfall:FleeingMerchant","floor":20.0,"turns":4.0},{"damage":10.0,"enemies":"theJungle:GiantWrat","floor":22.0,"turns":4.0},{"damage":4.0,"enemies":"theJungle:MamaSnecko","floor":26.0,"turns":5.0},{"damage":2.0,"enemies":"theJungle:2_Snecko_Cultists","floor":27.0,"turns":3.0},{"damage":11.0,"enemies":"theJungle:2_Flameangoes","floor":28.0,"turns":4.0},{"damage":5.0,"enemies":"theJungle:Snecko_Cultist_And_Trap","floor":29.0,"turns":5.0},{"damage":17.0,"enemies":"theJungle:Cassacara","floor":31.0,"turns":3.0},{"damage":0.0,"enemies":"theJungle:JungleHuntersEncounter","floor":32.0,"turns":2.0},{"damage":0.0,"enemies":"DF_ARCHETYPE_CLAW","floor":33.0,"turns":5.0},{"damage":4.0,"enemies":"3 Shapes","floor":36.0,"turns":3.0},{"damage":0.0,"enemies":"Orb Walker","floor":37.0,"turns":2.0},{"damage":0.0,"enemies":"Maw","floor":38.0,"turns":6.0},{"damage":1.0,"enemies":"infinitespire:Three Voidlings","floor":39.0,"turns":3.0},{"damage":35.0,"enemies":"Nightmare_Alpha","floor":39.0,"turns":9.0},{"damage":8,"enemies":"Nightmare","floor":42,"turns":4},{"damage":18,"enemies":"Jaw Worm Horde","floor":43,"turns":3},{"damage":0,"enemies":"Reptomancer","floor":44,"turns":6},{"damage":6,"enemies":"Writhing Mass","floor":46,"turns":4},{"damage":2,"enemies":"Sphere and 2 Shapes","floor":49,"turns":3},{"damage":6,"enemies":"IC_BLOCK_ARCHETYPE","floor":50,"turns":5},{"damage":44,"enemies":"downfall:CharBossMerchant","floor":52,"turns":7},{"damage":6,"enemies":"downfall:NeowBoss","floor":55,"turns":10},{"damage":57,"enemies":"downfall:NeowBossFinal","floor":56,"turns":10}],"seed_played":"-6654020743797710756","potions_obtained":[{"floor":8.0,"key":"GamblersBrew"},{"floor":10.0,"key":"SkillPotion"},{"floor":11.0,"key":"hexamod:SoulburnPotion"},{"floor":14.0,"key":"Elixir"},{"floor":14.0,"key":"SkillPotion"},{"floor":14.0,"key":"Regen Potion"},{"floor":14.0,"key":"FearPotion"},{"floor":15.0,"key":"Venom Potion"},{"floor":16.0,"key":"Adrenaline Potion"},{"floor":19.0,"key":"AttackPotion"},{"floor":20.0,"key":"SkillPotion"},{"floor":22.0,"key":"Flashbang"},{"floor":27.0,"key":"Cursed Concoction"},{"floor":28.0,"key":"DuplicationPotion"},{"floor":29.0,"key":"Guardian:DefensiveModePotion"},{"floor":32.0,"key":"DuplicationPotion"},{"floor":33.0,"key":"champ:CounterPotion"},{"floor":36.0,"key":"Guardian:AcceleratePotion"},{"floor":37.0,"key":"Languid Potion"},{"floor":39,"key":"ColorlessPotion"},{"floor":42,"key":"LiquidBronze"},{"floor":43,"key":"Doom Potion"},{"floor":44,"key":"LiquidMemories"},{"floor":52,"key":"conspire:TimeTravelPotion"}],"is_trial":false,"path_per_floor":["R","M","?","?","?","R","MIM","M","$","M","M","M","$","?","M","B",null,"R","M","$","T","M","AVR","T","?","E","M","M","M","R","E","M","B",null,"R","M","M","M","?","$","T","NM","M","E","R","M","?","?","M","B",null,"E","$","R","B","B",null],"character_chosen":"GUARDIAN","items_purchased":["Guardian:Suspension","Calipers","Toxic Egg 2","BargainBundle","Bag of Preparation","Guardian:Gem_Green","Languid Potion","Flashbang","Guardian:ArmoredProtocol"],"campfire_rested":0,"item_purchase_floors":[9,20,20,40,40,40,40,40,40],"current_hp_per_floor":[80,79,79,79,79,79,75,66,56,54,47,47,47,22,11,22,80,80,64,64,64,54,54,54,49,59,57,46,41,51,34,34,34,104,104,100,100,100,64,64,64,56,38,38,38,32,32,91,89,83,91,47,47,47,41,7],"gold":84,"neow_bonus":"THREE_RARE_CARDS","is_daily":false,"chose_seed":false,"campfire_upgraded":5,"win_rate":0.0,"timestamp":1612895947,"path_taken":["R","M","?","?","?","R","MIM","M","?","M","M","?","?","?","M","BOSS","R","M","?","?","M","AVR","T","?","E","M","M","M","R","E","M","BOSS","R","M","M","M","?","$","T","NM","M","E","R","M","?","?","M","BOSS","E","$","R","BOSS","BOSS"],"items_purchased_type":["Card","Relic","Relic","Relic","Relic","Card","Potion","Potion","Card"],"build_version":"2020-12-22","purchased_purges":3,"victory":true,"max_hp_per_floor":[80,80,80,80,80,80,80,80,80,80,80,80,80,80,80,80,80,80,80,80,80,80,80,80,80,94,94,94,94,104,104,104,104,104,104,104,104,104,104,104,104,104,104,104,104,104,104,91,91,91,91,91,91,91,91,91],"card_choices":[{"not_picked":["Guardian:StasisField","Guardian:Gem_Orange"],"picked":"Guardian:BaubleBeam","floor":0.0},{"not_picked":["Guardian:FuturePlans","Guardian:Incinerate"],"picked":"Guardian:Gem_Cyan","floor":2.0},{"not_picked":["Guardian:Incinerate","Guardian:Suspension"],"picked":"Guardian:Gem_Red","floor":7.0},{"not_picked":["Guardian:Gem_Lightblue","Guardian:PrimingBeam"],"picked":"Guardian:CrystalBeam","floor":8.0},{"not_picked":["Guardian:Repulse","Guardian:PrimingBeam"],"picked":"Guardian:BronzeOrb","floor":9.0},{"not_picked":["Guardian:BronzeArmor","Guardian:Clone","Guardian:PrimingBeam"],"picked":"SKIP","floor":10.0},{"not_picked":["Guardian:TimeCapacitor","Guardian:PolyBeam"],"picked":"Guardian:VentSteam","floor":11.0},{"not_picked":["Guardian:MultiBeam","Guardian:Harden"],"picked":"Guardian:AncientConstruct","floor":12.0},{"not_picked":["Guardian:WalkerClaw","Guardian:Reroute"],"picked":"Guardian:Gem_Yellow","floor":13.0},{"not_picked":["Guardian:Gem_Red","Guardian:Gem_Lightblue"],"picked":"Guardian:StasisField","floor":14.0},{"not_picked":["Guardian:Reroute","Guardian:PiercingHide"],"picked":"Guardian:CrystalBeam","floor":15.0},{"not_picked":["Guardian:ExploitGems","Guardian:FierceBash"],"picked":"Guardian:Gem_Synthetic","floor":16.0},{"not_picked":["Guardian:TemporalStrike","Guardian:EvasiveProtocol"],"picked":"Guardian:Reroute","floor":19.0},{"not_picked":["Guardian:MultiBeam+1","Guardian:GuardianWhirl"],"picked":"Guardian:Gem_Crimson","floor":20.0},{"not_picked":["Guardian:Emergency+1","Guardian:CrystalBeam"],"picked":"Guardian:Gem_Lightblue","floor":22.0},{"not_picked":["Guardian:MultiBeam","Guardian:ChargeUp+1"],"picked":"Guardian:Gem_Yellow","floor":26.0},{"not_picked":["Guardian:MultiBeam+1","Guardian:PiercingHide+1"],"picked":"Guardian:Gem_Lightblue","floor":27.0},{"not_picked":["Guardian:WalkerClaw+1","Guardian:SpikerProtocol+1"],"picked":"Guardian:Gem_Blue","floor":28.0},{"not_picked":["Guardian:TemporalStrike","Guardian:TemporalShield+1"],"picked":"Guardian:Planning+1","floor":29.0},{"not_picked":["Guardian:FloatingOrbs","Guardian:ChargeCore"],"picked":"Guardian:Preprogram+1","floor":31.0},{"not_picked":["Guardian:PrimingBeam","Guardian:TemporalShield+1"],"picked":"Guardian:Suspension+1","floor":32.0},{"not_picked":["Guardian:ConstructionForm","Guardian:StasisStrike"],"picked":"Guardian:TimeSifter","floor":33.0},{"not_picked":["Guardian:SentryBeam","Guardian:Reroute+1"],"picked":"Guardian:Gem_Cyan","floor":36.0},{"not_picked":["Guardian:SpikerProtocol","Guardian:DecasProtection+1"],"picked":"Guardian:TimeCapacitor","floor":37.0},{"not_picked":["Guardian:TemporalShield+1","Guardian:WalkerClaw"],"picked":"Guardian:Gem_Red","floor":38.0},{"not_picked":["infinitespire:NeuralNetwork","infinitespire:Punishment"],"picked":"infinitespire:Menacing","floor":39},{"not_picked":["Guardian:Gem_Lightblue","Guardian:PiercingHide+1"],"picked":"Guardian:Preprogram+1","floor":39},{"not_picked":["Guardian:TimeBomb+1","Guardian:Gem_Green"],"picked":"Guardian:CrystalBeam+1","floor":42},{"not_picked":["Guardian:Gem_Cyan","Guardian:Recover+1"],"picked":"Guardian:Gem_Lightblue","floor":43},{"not_picked":["Guardian:Gem_Lightblue","Guardian:ChargeCore"],"picked":"Guardian:GemFire","floor":44},{"not_picked":["Guardian:ChargeCore","Guardian:DecasProtection+1"],"picked":"Guardian:Planning+1","floor":46},{"not_picked":["Guardian:CrystalBeam+1","Guardian:ArmoredProtocol","Guardian:RollAttack+1"],"picked":"SKIP","floor":49},{"not_picked":["Guardian:FloatingOrbs+1","Guardian:CrystalBeam+1"],"picked":"Guardian:ArmoredProtocol+1","floor":52}],"player_experience":376570,"relics_obtained":[{"floor":7.0,"key":"infinitespire:Satchel"},{"floor":14.0,"key":"White Beast Statue"},{"floor":21.0,"key":"Letter Opener"},{"floor":26.0,"key":"Mango"},{"floor":31.0,"key":"hubris:BottledRain"},{"floor":39,"key":"TungstenRod"},{"floor":41,"key":"Gremlin Food"},{"floor":42,"key":"hubris:TinFlute"},{"floor":44,"key":"infinitespire:Bottled Soul"},{"floor":47,"key":"Vajra"},{"floor":52,"key":"hubris:Reverence"}],"event_choices":[{"cards_removed":["Guardian:Defend_Guardian"],"damage_healed":0.0,"max_hp_gain":0.0,"max_hp_loss":0.0,"gold_gain":0.0,"event_name":"The Cleric","player_choice":"Card Removal","floor":3.0,"gold_loss":0.0,"damage_taken":0.0},{"damage_healed":0.0,"max_hp_gain":0.0,"max_hp_loss":0.0,"gold_gain":0.0,"event_name":"conspire:LoneGhost","player_choice":"Agree","floor":4.0,"gold_loss":0.0,"damage_taken":0.0},{"damage_healed":0.0,"max_hp_gain":0.0,"max_hp_loss":0.0,"gold_gain":0.0,"cards_transformed":["conspire:GhostlyDefend"],"event_name":"Living Wall","player_choice":"Change","floor":5.0,"gold_loss":0.0,"damage_taken":0.0,"cards_obtained":["Transmutation"]},{"damage_healed":0,"gold_gain":0,"cards_transformed":["Guardian:BronzeArmor"],"player_choice":"Change","damage_taken":0,"max_hp_gain":0,"max_hp_loss":0,"event_name":"Living Wall","floor":39,"gold_loss":0,"cards_obtained":["Guardian:SentryBeam"]}],"is_beta":false,"boss_relics":[{"not_picked":["hubris:GrandSneckoEye","Black Star"],"picked":"Replay:Grab Bag"},{"not_picked":["ChewingGum","Painkiller Herb"],"picked":"infinitespire:Cupcake"},{"not_picked":["Fusion Hammer","Guardian:StasisSlotReductionRelic"],"picked":"Coffee Dripper"},{"not_picked":["Kintsugi","conspire:SpecialSausage"],"picked":"Pandora\u0027s Box"},{"not_picked":["Astrolabe","hubris:Backtick"],"picked":"conspire:RoyalGoblet"}],"items_purged_floors":[23,40,53],"is_endless":false,"potions_floor_spawned":[8,10,11,14,15,16,19,20,22,26,27,28,29,31,32,33,36,37,38,39,39,42,43,44,46,49,52],"ascension_level":2}}