{"host":"xkmvu47k9fdstweo","time":1612840087,"event":{"mods":["BaseMod","Colored Map","Conspire","HololiveMod","Hubris","Minty Spire (QoL Compilation)","Quick Restart","Shop Mod","StSLib"],"gold_per_floor":[79,4,4,21,49,49,76,76,76,122,116,157,82,82,82,174,224,209,209,220,220,48,48,48,48,48,82,110,135,135,157,157,231,231,253,273,273,273,284,284,10,42,123,123,23,66,129,143,143,180],"floor_reached":51,"language":"ENG","playtime":1606,"items_purged":["Hololive_Strike","Hololive_Sequa"],"score":1837,"play_id":"e832fa02-d0e3-4585-9724-0cdc9d0b98f0","local_time":"20210208220807","is_ascension_mode":true,"campfire_choices":[{"data":"Hololive_CallOzoraSubaru","floor":6.0,"key":"SMITH"},{"data":"Hololive_IdolExercise","floor":8.0,"key":"SMITH"},{"data":"Hololive_CallAmaneKanata","floor":15.0,"key":"SMITH"},{"data":"Hololive_Rebirth","floor":23.0,"key":"SMITH"},{"data":"Hololive_CallManoAloe","floor":30.0,"key":"SMITH"},{"data":"Hololive_CallManoAloe","floor":32.0,"key":"SMITH"},{"data":"Hololive_DDD","floor":40.0,"key":"SMITH"},{"data":"Hololive_DevilCharm","floor":44,"key":"SMITH"},{"data":"Hololive_CallRoboco","floor":49,"key":"SMITH"}],"circlet_count":0,"master_deck":["AscendersBane","Hololive_DevilCharm+1","Hololive_CallYozoraMel","Hololive_CallAiraniIofifteen","Hololive_CallRoboco+1","Hololive_CallOzoraSubaru+1","Hololive_CallShiranuiFlare","Hololive_CallSakuraMiko","Hololive_Trident","Hololive_IdolExercise+1","Hololive_CallAmaneKanata+1","Hololive_DurableLive+1","Hololive_Rebirth+1","Hololive_CallManoAloe+1","Hololive_CallManoAloe+1","Hololive_CallNekomataOkayu","RitualDagger","Hololive_CallShirakamiFubuki","Hololive_CallNatsuiroMatsuri","Hololive_CallHimemoriLuna","Hololive_DDD+1","Hololive_CallYuzukiChoco","Hololive_CallTsunomakiWatame","Hololive_CallHoushouMarine","Hololive_CallOkamiMio","Hololive_StrengthChampion","Parasite","Hololive_HuntDinosaur+1"],"relics":["Hololive_TheStar","Hololive_FriedShrimpLion","Shuriken","Happy Flower","Strawberry","Tiny House","Sling","Matryoshka","Shovel","Sozu","Bottled Tornado","Lantern","Gremlin Horn","Kunai","Potion Belt"],"acts_visited":["Exordium","TheCity","TheBeyond"],"potions_floor_usage":[42],"damage_taken":[{"damage":0.0,"enemies":"Small Slimes","floor":1.0,"turns":3.0},{"damage":0.0,"enemies":"Cultist","floor":4.0,"turns":4.0},{"damage":0.0,"enemies":"Jaw Worm","floor":5.0,"turns":4.0},{"damage":0.0,"enemies":"3 Sentries","floor":7.0,"turns":5.0},{"damage":0.0,"enemies":"Gremlin Nob","floor":10.0,"turns":4.0},{"damage":0.0,"enemies":"Exordium Thugs","floor":11.0,"turns":5.0},{"damage":0.0,"enemies":"3 Sentries","floor":12.0,"turns":4.0},{"damage":0.0,"enemies":"The Guardian","floor":16.0,"turns":6.0},{"damage":3.0,"enemies":"2 Thieves","floor":18.0,"turns":4.0},{"damage":0.0,"enemies":"Spheric Guardian","floor":20.0,"turns":4.0},{"damage":0.0,"enemies":"Centurion and Healer","floor":27.0,"turns":6.0},{"damage":5.0,"enemies":"Slavers","floor":28.0,"turns":5.0},{"damage":0.0,"enemies":"Snecko","floor":29.0,"turns":5.0},{"damage":0.0,"enemies":"3 Cultists","floor":31.0,"turns":5.0},{"damage":0.0,"enemies":"Automaton","floor":33.0,"turns":7.0},{"damage":3.0,"enemies":"3 Shapes","floor":35.0,"turns":6.0},{"damage":0.0,"enemies":"Orb Walker","floor":36.0,"turns":4.0},{"damage":0.0,"enemies":"Transient","floor":39.0,"turns":5.0},{"damage":4,"enemies":"Reptomancer","floor":42,"turns":7},{"damage":0,"enemies":"3 Darklings","floor":46,"turns":5},{"damage":0,"enemies":"Nemesis","floor":47,"turns":7},{"damage":0,"enemies":"Writhing Mass","floor":48,"turns":6},{"damage":0,"enemies":"Time Eater","floor":50,"turns":8}],"seed_played":"7779023651256857822","potions_obtained":[{"floor":1.0,"key":"Explosive Potion"},{"floor":3.0,"key":"DistilledChaos"},{"floor":11.0,"key":"DuplicationPotion"},{"floor":33.0,"key":"DuplicationPotion"}],"is_trial":false,"path_per_floor":["M","$","?","M","M","R","E","R","T","E","M","E","?","?","R","B",null,"M","?","M","?","$","R","$","?","T","M","E","M","R","M","R","B",null,"M","M","?","?","M","R","$","E","T","R","$","M","E","M","R","B",null],"character_chosen":"Hololive_HololiveCharacter","items_purchased":["Sling","Bottled Tornado"],"campfire_rested":0,"item_purchase_floors":[22,41],"current_hp_per_floor":[27,27,27,27,27,27,27,27,27,27,27,34,34,34,34,34,41,38,38,38,32,32,32,32,42,42,42,37,37,37,37,37,37,41,38,38,38,38,38,38,38,34,34,34,34,34,34,34,34,34],"gold":180,"neow_bonus":"REMOVE_CARD","is_daily":false,"chose_seed":false,"campfire_upgraded":9,"win_rate":0.0,"timestamp":1612840087,"path_taken":["M","$","?","M","?","R","E","R","T","E","M","E","?","?","R","BOSS","M","?","?","?","$","R","?","?","T","M","E","M","R","M","R","BOSS","M","?","?","?","M","R","$","E","T","R","$","?","E","M","R","BOSS"],"items_purchased_type":["Relic","Relic"],"build_version":"2020-12-22","purchased_purges":2,"victory":true,"max_hp_per_floor":[30,30,30,30,30,30,30,30,30,30,30,37,37,37,37,37,42,42,42,42,42,42,42,42,42,42,42,42,42,42,42,42,42,42,42,42,40,40,40,40,40,40,40,40,40,40,40,40,40,40],"card_choices":[{"not_picked":["Hololive_CallAiraniIofifteen","Hololive_OvertimeWork","Hololive_Psychosis"],"picked":"Hololive_CallShiranuiFlare","floor":1.0},{"not_picked":["Hololive_CallOkamiMio","Hololive_Drill","Hololive_CallOmaruPolka"],"picked":"Hololive_CallSakuraMiko","floor":4.0},{"not_picked":["Hololive_Psychosis","Hololive_Sequa","Hololive_CallOzoraSubaru"],"picked":"Hololive_Trident","floor":5.0},{"not_picked":["Hololive_Sequa","Hololive_CallFriendA","Hololive_Watashimo"],"picked":"Hololive_IdolExercise","floor":7.0},{"not_picked":["Hololive_Drill","Hololive_OvertimeWork","Hololive_Breathe"],"picked":"Hololive_Sequa","floor":10.0},{"not_picked":["Hololive_Psychosis","Hololive_OvertimeWork","Hololive_Drill"],"picked":"Hololive_CallAmaneKanata","floor":11.0},{"not_picked":["Hololive_StrengthChampion","Hololive_HuntDinosaur","Hololive_Sequa"],"picked":"Hololive_DurableLive","floor":12.0},{"not_picked":["Hololive_DiamondStrike","Hololive_DurableLive","Hololive_StarCraft"],"picked":"Hololive_Rebirth","floor":16.0},{"not_picked":["Hololive_CallHoushouMarine","Hololive_ILoveYou","Hololive_Rebound"],"picked":"Hololive_CallManoAloe","floor":17.0},{"not_picked":["Hololive_SoulCatcher+1","Hololive_Rebound","Hololive_LuckPotion"],"picked":"Hololive_CallManoAloe","floor":18.0},{"not_picked":["Hololive_RevenueBasedLive","Hololive_Trident+1","Hololive_CallFriendA"],"picked":"Hololive_CallNekomataOkayu","floor":20.0},{"not_picked":["Hololive_Breathe","Hololive_Rebound","Hololive_CallFriendA","Hololive_HuntDinosaur"],"picked":"SKIP","floor":27.0},{"not_picked":["Hololive_Trident","Hololive_RevenueBasedLive","Hololive_CallAkaiHaato+1"],"picked":"Hololive_CallShirakamiFubuki","floor":28.0},{"not_picked":["Hololive_Breathe","Hololive_Rebound","Hololive_WolfAndLamb"],"picked":"Hololive_CallNatsuiroMatsuri","floor":29.0},{"not_picked":["Hololive_Watashimo","Hololive_Yoholoon","Hololive_CocoNews"],"picked":"Hololive_CallHimemoriLuna","floor":31.0},{"not_picked":["Hololive_IdolExercise","Hololive_ASMR","Hololive_BeCareful"],"picked":"Hololive_DDD","floor":33.0},{"not_picked":["Hololive_Trident","Hololive_RevenueBasedLive","Hololive_CallYogiri"],"picked":"Hololive_CallYuzukiChoco","floor":35.0},{"not_picked":["Hololive_CallOmaruPolka","Hololive_Trident","Hololive_LuckPotion","Hololive_Sequa"],"picked":"SKIP","floor":36.0},{"not_picked":["Hololive_Rebound","Hololive_CandyCastle","Hololive_CocoNews"],"picked":"Hololive_CallTsunomakiWatame","floor":39.0},{"not_picked":["Hololive_Psychosis","Hololive_Breathe+1","Hololive_Drill"],"picked":"Hololive_CallHoushouMarine","floor":42},{"not_picked":["Hololive_ILoveYou","Hololive_Breathe","Hololive_Drill"],"picked":"Hololive_CallOkamiMio","floor":46},{"not_picked":["Hololive_Trident+1","Hololive_CallManoAloe","Hololive_Breathe"],"picked":"Hololive_StrengthChampion","floor":47},{"not_picked":["Hololive_CallYozoraMel+1","Hololive_CallShiranuiFlare+1","Hololive_Psychosis"],"picked":"Hololive_HuntDinosaur+1","floor":48}],"player_experience":344659,"relics_obtained":[{"floor":7.0,"key":"Hololive_FriedShrimpLion"},{"floor":9.0,"key":"Shuriken"},{"floor":10.0,"key":"Happy Flower"},{"floor":12.0,"key":"Strawberry"},{"floor":26.0,"key":"Matryoshka"},{"floor":28.0,"key":"Shovel"},{"floor":42,"key":"Lantern"},{"floor":43,"key":"Gremlin Horn"},{"floor":43,"key":"Kunai"},{"floor":47,"key":"Potion Belt"}],"event_choices":[{"damage_healed":0.0,"max_hp_gain":0.0,"max_hp_loss":0.0,"gold_gain":0.0,"event_name":"Lab","player_choice":"Got Potions","floor":3.0,"gold_loss":0.0,"damage_taken":0.0},{"cards_removed":["Hololive_Defend"],"damage_healed":0.0,"max_hp_gain":0.0,"max_hp_loss":0.0,"gold_gain":0.0,"event_name":"The Cleric","player_choice":"Card Removal","floor":13.0,"gold_loss":75.0,"damage_taken":0.0},{"cards_removed":["Hololive_CallAiraniIofifteen"],"damage_healed":0.0,"max_hp_gain":0.0,"max_hp_loss":0.0,"gold_gain":0.0,"event_name":"Purifier","player_choice":"Purged","floor":14.0,"gold_loss":0.0,"damage_taken":0.0},{"damage_healed":0.0,"max_hp_gain":0.0,"max_hp_loss":0.0,"gold_gain":0.0,"event_name":"Accursed Blacksmith","player_choice":"Forge","floor":19.0,"gold_loss":0.0,"damage_taken":0.0,"cards_upgraded":["Hololive_DurableLive"]},{"damage_healed":0.0,"max_hp_gain":0.0,"max_hp_loss":0.0,"gold_gain":0.0,"event_name":"Nest","player_choice":"Joined the Cult","floor":21.0,"gold_loss":0.0,"damage_taken":6.0,"cards_obtained":["RitualDagger"]},{"damage_healed":10.0,"max_hp_gain":0.0,"max_hp_loss":0.0,"gold_gain":0.0,"event_name":"Wheel of Change","player_choice":"Full Heal","floor":25.0,"gold_loss":0.0,"damage_taken":0.0},{"damage_healed":0.0,"max_hp_gain":0.0,"max_hp_loss":2.0,"gold_gain":0.0,"event_name":"Winding Halls","player_choice":"Max HP","floor":37.0,"gold_loss":0.0,"damage_taken":0.0},{"cards_removed":["Hololive_Defend"],"damage_healed":0.0,"max_hp_gain":0.0,"max_hp_loss":0.0,"gold_gain":0.0,"event_name":"Falling","player_choice":"Removed Skill","floor":38.0,"gold_loss":0.0,"damage_taken":0.0}],"is_beta":false,"boss_relics":[{"not_picked":["Hololive_ChaosS","Ectoplasm"],"picked":"Tiny House"},{"not_picked":["SlaversCollar","SacredBark"],"picked":"Sozu"}],"items_purged_floors":[2,45],"is_endless":false,"potions_floor_spawned":[1,4,11,12,16,18,27,33,39,42,48],"ascension_level":16}}