{"host":"ewn058xs2vaj5uc6","time":1612881349,"event":{"mods":["ATMod(??Mod)","Act Like it!","Aspiration","BaseMod","Better Vampires","BetterRewards","Bossed Relics","Colored Map","Colored Powertips","Downfall","Fox Events","Highlight Path","Minty Spire (QoL Compilation)","MostiFishMod","Quick Restart","Red Circlet Mod","Relic Filter Mod","Reliquary","Replay The Spire","Shop Mod","StSLib","SuperFastMode","TestMod","TheWitcher","??????REMEMod","????"],"gold_per_floor":[114,124,142,56,206,225,225,260,360,416,477,132,157,157,157],"floor_reached":13,"language":"ZHS","playtime":946,"items_purged":["downfall:Icky"],"score":160,"play_id":"57882dc7-ff53-4224-88d8-b3de239f8742","local_time":"20210209223549","is_ascension_mode":true,"campfire_choices":[],"circlet_count":0,"master_deck":["Guardian:Strike_Guardian","Guardian:Strike_Guardian","Guardian:Strike_Guardian","Guardian:Strike_Guardian","Guardian:Defend_Guardian","Guardian:Defend_Guardian","Guardian:Defend_Guardian","Guardian:Defend_Guardian","Guardian:CurlUp","Guardian:TwinSlam","MostiFishMod:SephirahHod","AT_ShadowStep","Guardian:Gem_Purple","Guardian:PolyBeam","Guardian:ExploitGems","Guardian:Gem_Red","Guardian:Gem_Green","Guardian:BodySlam","Guardian:Gem_Synthetic","Survey Options","Guardian:Gem_Fragmented"],"relics":["testmod-TestBox","AT_ATBox","REME_ComplimentaryCards","DaveBox","bronze:MakeshiftBattery","MostiFishMod:Hod","testmod-D_4","SynthV:TestCard","Bronze Scales","downfall:GremlinSack","AT_MibuBalloonWealth","MerchantsRug","Toolbox"],"acts_visited":["Exordium"],"potions_floor_usage":[10,10,10],"damage_taken":[{"damage":0,"enemies":"Cultist","floor":1,"turns":2},{"damage":0,"enemies":"Jaw Worm","floor":2,"turns":1},{"damage":0,"enemies":"2 Louse","floor":3,"turns":2},{"damage":0,"enemies":"downfall:FleeingMerchant","floor":4,"turns":4},{"damage":30,"enemies":"Gremlin Gang","floor":6,"turns":10},{"damage":16,"enemies":"Gremlin Nob","floor":8,"turns":3},{"damage":0,"enemies":"Gremlin Nob","floor":9,"turns":2},{"damage":0,"enemies":"Lagavulin","floor":10,"turns":2},{"damage":0,"enemies":"2 Fungi Beasts","floor":11,"turns":1},{"damage":0,"enemies":"downfall:FleeingMerchant","floor":12,"turns":4},{"damage":163,"enemies":"3 Sentries","floor":13,"turns":3}],"seed_played":"9152615359331841419","potions_obtained":[{"floor":6,"key":"REME_GoldPotion"},{"floor":8,"key":"Venom Potion"},{"floor":9,"key":"Languid Potion"},{"floor":10,"key":"Elixir"}],"is_trial":false,"path_per_floor":["M","M","M","$","?","M","T","E","?","E","M","$","E"],"character_chosen":"GUARDIAN","items_purchased":["Guardian:PolyBeam","MerchantsRug","Toolbox"],"campfire_rested":0,"item_purchase_floors":[4,12,12],"current_hp_per_floor":[80,80,80,80,80,50,50,34,34,34,34,34,0,0,0],"gold":157,"neow_bonus":"BOSS_RELIC","is_daily":false,"chose_seed":false,"campfire_upgraded":0,"win_rate":0.0,"timestamp":1612881349,"path_taken":["M","M","M","?","?","M","T","E","?","E","M","$","E"],"items_purchased_type":["Card","Relic","Relic"],"build_version":"2020-12-22","purchased_purges":1,"victory":false,"max_hp_per_floor":[80,80,80,80,80,80,80,80,80,80,80,80,80,80,80],"card_choices":[{"not_picked":["Guardian:WalkerClaw","Guardian:TemporalStrike","Guardian:EvasiveProtocol"],"picked":"SKIP","floor":1},{"not_picked":["Guardian:SpikerProtocol","Guardian:FuturePlans","Guardian:Gem_Green","Guardian:RollAttack","Guardian:VentSteam"],"picked":"SKIP","floor":2},{"not_picked":["Guardian:RefractedBeam","Guardian:PiercingHide","Guardian:CrystalBeam","Guardian:MultiBeam","Guardian:TimeBomb"],"picked":"SKIP","floor":3},{"not_picked":["Guardian:Incinerate","Guardian:GemFire","Guardian:RollAttack","Guardian:Recover"],"picked":"Guardian:Gem_Purple","floor":4},{"not_picked":["Guardian:Reroute","Guardian:Gem_Lightblue","Guardian:Suspension","Guardian:TemporalStrike"],"picked":"Guardian:ExploitGems","floor":6},{"not_picked":["Guardian:Incinerate","Guardian:WalkerClaw","Guardian:Gem_Blue","Guardian:ArmoredProtocol","Guardian:RefractedBeam"],"picked":"SKIP","floor":8},{"not_picked":["Guardian:HyperBeam_Guardian","Guardian:MultiBeam","Guardian:Recover","Guardian:ChargeCore","Guardian:PolyBeam"],"picked":"SKIP","floor":10},{"not_picked":["Guardian:MultiBeam","Guardian:TimeCapacitor","Guardian:DecasProtection","Guardian:TemporalStrike"],"picked":"Guardian:Gem_Fragmented","floor":11},{"not_picked":["Guardian:ShieldCharger","Guardian:TemporalShield","Guardian:PrimingBeam","Guardian:HyperBeam_Guardian","Guardian:Harden"],"picked":"SKIP","floor":12}],"player_experience":126671,"relics_obtained":[{"floor":1,"key":"SynthV:TestCard"},{"floor":7,"key":"Bronze Scales"},{"floor":8,"key":"reliquary:TatteredRug"},{"floor":9,"key":"downfall:GremlinSack"},{"floor":10,"key":"AT_MibuBalloonWealth"}],"event_choices":[],"is_beta":false,"boss_relics":[],"items_purged_floors":[12],"is_endless":false,"potions_floor_spawned":[6,8,9,10],"killed_by":"3 Sentries","ascension_level":2}}