{"host":"ayh4nqhr0ddw4ozv","time":1612846768,"event":{"mods":["BaseMod","Minty Spire (QoL Compilation)","Relic Stats","Replay The Spire","Robot Space Explorer","StSLib"],"gold_per_floor":[118,36,36,55,65,100,120,120,120],"floor_reached":8,"language":"ENG","playtime":380,"items_purged":[],"score":113,"play_id":"7d056089-1a31-4f52-b258-ba20d017bd74","local_time":"20210208205928","is_ascension_mode":true,"campfire_choices":[],"circlet_count":0,"master_deck":["AscendersBane","RobotSpaceExplorer:Strike","RobotSpaceExplorer:Strike","RobotSpaceExplorer:Strike","RobotSpaceExplorer:Strike","RobotSpaceExplorer:Defend","RobotSpaceExplorer:Defend","RobotSpaceExplorer:Defend","RobotSpaceExplorer:Defend","RobotSpaceExplorer:Scan","RobotSpaceExplorer:MiniLasers","RobotSpaceExplorer:ShovelStrike","RobotSpaceExplorer:GlueShot","RobotSpaceExplorer:Blitz","RobotSpaceExplorer:TurboDodge"],"relics":["RobotSpaceExplorer:RoboCore","NeowsBlessing","Replay:Bottled Steam"],"acts_visited":["Exordium"],"potions_floor_usage":[6,6,8],"damage_taken":[{"damage":0,"enemies":"Cultist","floor":1,"turns":1},{"damage":0,"enemies":"Jaw Worm","floor":4,"turns":1},{"damage":0,"enemies":"Small Slimes","floor":5,"turns":1},{"damage":28,"enemies":"Gremlin Nob","floor":6,"turns":4},{"damage":2,"enemies":"3 Louse","floor":7,"turns":4},{"damage":41,"enemies":"Lagavulin","floor":8,"turns":9}],"seed_played":"2497862944808171583","potions_obtained":[{"floor":4,"key":"SteroidPotion"},{"floor":6,"key":"SkillPotion"},{"floor":7,"key":"LiquidMemories"}],"is_trial":false,"path_per_floor":["M","$","$","M","M","E","M","E"],"character_chosen":"RobotSpaceExplorer","items_purchased":["RobotSpaceExplorer:GlueShot","BlessingOfTheForge"],"campfire_rested":0,"item_purchase_floors":[2,2],"current_hp_per_floor":[64,64,64,64,64,36,34,0,0],"gold":120,"neow_bonus":"THREE_ENEMY_KILL","is_daily":false,"chose_seed":false,"campfire_upgraded":0,"win_rate":0.0,"timestamp":1612846768,"path_taken":["M","?","$","?","M","E","M","E"],"items_purchased_type":["Card","Potion"],"build_version":"2020-12-22","purchased_purges":0,"victory":false,"max_hp_per_floor":[71,71,71,71,71,71,71,71,71],"relic_stats":{"counters":[6,20],"obtain_stats":[{"NeowsBlessing":0,"RobotSpaceExplorer:RoboCore":0,"Replay:Bottled Steam":6},{"NeowsBlessing":0,"RobotSpaceExplorer:RoboCore":0,"Replay:Bottled Steam":4},{"NeowsBlessing":0,"RobotSpaceExplorer:RoboCore":0,"Replay:Bottled Steam":7}]},"card_choices":[{"not_picked":["RobotSpaceExplorer:StunGrenade","RobotSpaceExplorer:ImprovisedAttack"],"picked":"RobotSpaceExplorer:ShovelStrike","floor":1},{"not_picked":["RobotSpaceExplorer:MetalStrike","RobotSpaceExplorer:Probe"],"picked":"RobotSpaceExplorer:Blitz","floor":4},{"not_picked":["RobotSpaceExplorer:FranticSearch","RobotSpaceExplorer:Fix","RobotSpaceExplorer:Pulsar"],"picked":"SKIP","floor":5},{"not_picked":["RobotSpaceExplorer:DoubleBlock","RobotSpaceExplorer:SurgingShield"],"picked":"RobotSpaceExplorer:TurboDodge","floor":6},{"not_picked":["RobotSpaceExplorer:SurgingShield","RobotSpaceExplorer:StunGrenade","RobotSpaceExplorer:ScrapMissile"],"picked":"SKIP","floor":7}],"player_experience":431277,"relics_obtained":[{"floor":6,"key":"Replay:Bottled Steam"}],"event_choices":[],"is_beta":false,"boss_relics":[],"items_purged_floors":[],"is_endless":false,"potions_floor_spawned":[4,6,7],"killed_by":"Lagavulin","ascension_level":19}}