{"host":"8rgpnls124hwjv5t","time":1612908400,"event":{"mods":["BaseMod","Colored Map","Colored Powertips","DeckTracker","Highlight Path","Minty Spire (QoL Compilation)","Permanent Neow","Quick Restart","Relic Stats","Shop Mod","StSLib"],"gold_per_floor":[111,159,174,17,17,17,17,44,44,75,75,75,75,75,75,152,152,163,163,176,176,68,68,68],"floor_reached":23,"language":"ENG","playtime":798,"items_purged":["Strike_B"],"score":351,"play_id":"59a0b873-2b94-43b1-b29c-492fba610953","local_time":"20210209170640","is_ascension_mode":true,"campfire_choices":[{"data":"Consume","floor":6,"key":"SMITH"},{"data":"Sunder","floor":11,"key":"SMITH"},{"data":"Loop","floor":13,"key":"SMITH"},{"floor":15,"key":"REST"}],"circlet_count":0,"master_deck":["AscendersBane","Strike_B","Defend_B","Defend_B","Zap","Dualcast","Consume+1","Loop+1","Cold Snap","Streamline","Sunder+1","Echo Form","Fusion","Capacitor","Darkness","Hologram"],"relics":["Snecko Eye","Oddly Smooth Stone","Darkstone Periapt","Bronze Scales","Boot","Black Star"],"acts_visited":["Exordium","TheCity"],"potions_floor_usage":[8,14,16,23],"damage_taken":[{"damage":9,"enemies":"Cultist","floor":1,"turns":5},{"damage":0,"enemies":"2 Louse","floor":3,"turns":2},{"damage":14,"enemies":"3 Sentries","floor":8,"turns":6},{"damage":7,"enemies":"Lagavulin","floor":10,"turns":6},{"damage":0,"enemies":"Jaw Worm","floor":14,"turns":1},{"damage":26,"enemies":"Hexaghost","floor":16,"turns":7},{"damage":16,"enemies":"2 Thieves","floor":18,"turns":3},{"damage":18,"enemies":"Shell Parasite","floor":20,"turns":3},{"damage":55,"enemies":"Gremlin Leader","floor":23,"turns":4}],"seed_played":"8808797774339688315","potions_obtained":[{"floor":1,"key":"FocusPotion"},{"floor":10,"key":"SmokeBomb"},{"floor":20,"key":"DuplicationPotion"}],"is_trial":false,"path_per_floor":["M","T","M","$","?","R","$","E","T","E","R","$","R","M","R","B",null,"M","?","M","?","$","E"],"character_chosen":"DEFECT","items_purchased":["PowerPotion","Cold Snap","FairyPotion"],"campfire_rested":1,"item_purchase_floors":[4,4,22],"current_hp_per_floor":[55,55,55,55,55,55,55,41,41,34,34,34,34,34,55,29,61,45,45,27,27,27,0,0],"gold":68,"neow_bonus":"BOSS_RELIC","is_daily":false,"chose_seed":false,"campfire_upgraded":3,"win_rate":0.0,"timestamp":1612908400,"path_taken":["M","?","M","$","?","R","?","E","T","E","R","$","R","M","R","BOSS","M","?","M","?","$","E"],"items_purchased_type":["Potion","Card","Potion"],"build_version":"2020-12-22","purchased_purges":1,"victory":false,"max_hp_per_floor":[71,71,71,71,71,71,71,71,71,71,71,71,71,71,71,71,71,71,71,71,71,71,71,71],"relic_stats":{"Darkstone Periapt":0,"counters":[9,37],"Bronze Scales":[69],"Snecko Eye":[57,62,55,64],"Black Star":0,"Boot":[6],"obtain_stats":[{"Darkstone Periapt":8,"Bronze Scales":9,"Snecko Eye":0,"Oddly Smooth Stone":2,"Black Star":17,"Cracked Core":0,"Boot":10},{"Darkstone Periapt":3,"Bronze Scales":3,"Snecko Eye":0,"Oddly Smooth Stone":1,"Black Star":6,"Cracked Core":0,"Boot":4},{"Darkstone Periapt":13,"Bronze Scales":13,"Snecko Eye":0,"Oddly Smooth Stone":5,"Black Star":27,"Cracked Core":0,"Boot":19}]},"card_choices":[{"not_picked":["Blizzard","Cold Snap"],"picked":"Consume","floor":1},{"not_picked":["Gash","Hologram"],"picked":"Loop","floor":3},{"not_picked":["Beam Cell","Conserve Battery","Melter"],"picked":"SKIP","floor":8},{"not_picked":["Leap","Conserve Battery"],"picked":"Sunder","floor":10},{"not_picked":["Hyperbeam","Fission"],"picked":"Echo Form","floor":16},{"not_picked":["Steam","Stack+1"],"picked":"Fusion","floor":18},{"not_picked":["Compile Driver","Chaos"],"picked":"Hologram","floor":20}],"player_experience":542346,"relics_obtained":[{"floor":2,"key":"Oddly Smooth Stone"},{"floor":8,"key":"Darkstone Periapt"},{"floor":9,"key":"Bronze Scales"},{"floor":10,"key":"Boot"}],"event_choices":[{"damage_healed":0,"gold_gain":0,"cards_transformed":["Strike_B"],"player_choice":"Change","damage_taken":0,"max_hp_gain":0,"max_hp_loss":0,"event_name":"Living Wall","floor":5,"gold_loss":0,"cards_obtained":["Streamline"]},{"damage_healed":0,"gold_gain":0,"cards_transformed":["Strike_B","Defend_B"],"player_choice":"Became Test Subject","damage_taken":0,"max_hp_gain":0,"max_hp_loss":0,"event_name":"Drug Dealer","floor":19,"gold_loss":0,"cards_obtained":["Capacitor","Darkness"]},{"cards_removed":["Defend_B"],"damage_healed":0,"gold_gain":0,"player_choice":"Elegance","damage_taken":0,"max_hp_gain":0,"max_hp_loss":0,"event_name":"Back to Basics","floor":21,"gold_loss":0}],"is_beta":false,"boss_relics":[{"not_picked":["Empty Cage","Runic Dome"],"picked":"Black Star"}],"items_purged_floors":[4],"is_endless":false,"potions_floor_spawned":[1,10,14,20],"killed_by":"Gremlin Leader","ascension_level":16}}