{"host":"djoj10dqzzvtkauc","time":1612904518,"event":{"mods":["2.2 Compatiblity","BaseMod","Colored Map","DeckTracker","Highlight Path","Keyboard Shortcuts","Marisa£¨Ùöéë¡¡Øª×âÞÞ£©","Minty Spire (QoL Compilation)","Permanent Neow","Quick Restart","Random Character Button","StSLib","SuperFastMode","everything is the same but u backflip on backflip"],"gold_per_floor":[113,129,129,5,15,15,47,47,47,47,62,77,27,27,27,131,131,148,148,165,165,8,39,39,53,128,128,141,152,152,180,180,282,282,301,314,188,188,200,231,231,257,306,306,306,330,341,356,356,356],"floor_reached":51,"language":"KOR","playtime":1337,"items_purged":["Strike_G"],"score":1218,"play_id":"9eb976cf-a6cc-40ca-99b6-be1feb6c5a26","local_time":"20210210060158","is_ascension_mode":true,"campfire_choices":[{"data":"Leg Sweep","floor":6.0,"key":"SMITH"},{"data":"Dodge and Roll","floor":8.0,"key":"SMITH"},{"data":"Dash","floor":10.0,"key":"SMITH"},{"floor":15.0,"key":"REST"},{"data":"Finisher","floor":24.0,"key":"SMITH"},{"data":"Storm of Steel","floor":27.0,"key":"SMITH"},{"data":"Well Laid Plans","floor":30.0,"key":"SMITH"},{"data":"Accuracy","floor":32.0,"key":"SMITH"},{"data":"Blade Dance","floor":41.0,"key":"SMITH"},{"data":"Blade Dance","floor":49.0,"key":"SMITH"}],"circlet_count":0,"master_deck":["AscendersBane","Strike_G","Strike_G+1","Defend_G","Defend_G","Defend_G","Defend_G","Survivor","Neutralize","Underhanded Strike","Backstab","Dash+1","Backstab","Leg Sweep+1","Dagger Spray","Flying Knee","Dodge and Roll+1","Crippling Poison+1","Backflip+1","Corpse Explosion","Blade Dance","Shame","Catalyst+1","Finisher+1","Escape Plan","Deflect","Backstab+1","Storm of Steel+1","Blade Dance+1","Well Laid Plans+1","Accuracy+1","Burst","Concentrate","Masterful Stab","Outmaneuver","Dark Shackles","PiercingWail+1","Infinite Blades","Wraith","Blade Dance+1"],"relics":["Ring of the Snake","Mango","Dead Branch","WristBlade","Du-Vu Doll","Vajra","Eternal Feather","Lantern","Black Star","Thread and Needle","StoneCalendar","Regal Pillow","Lizard Tail","Bag of Marbles","Snake Skull"],"acts_visited":["Exordium","TheCity","TheBeyond"],"potions_floor_usage":[50,50],"damage_taken":[{"damage":0.0,"enemies":"Small Slimes","floor":1.0,"turns":3.0},{"damage":0.0,"enemies":"Jaw Worm","floor":2.0,"turns":3.0},{"damage":0.0,"enemies":"2 Louse","floor":5.0,"turns":1.0},{"damage":5.0,"enemies":"Gremlin Nob","floor":7.0,"turns":3.0},{"damage":1.0,"enemies":"Blue Slaver","floor":11.0,"turns":2.0},{"damage":8.0,"enemies":"Gremlin Gang","floor":12.0,"turns":5.0},{"damage":40.0,"enemies":"The Guardian","floor":16.0,"turns":19.0},{"damage":0.0,"enemies":"Shell Parasite","floor":18.0,"turns":6.0},{"damage":3.0,"enemies":"Chosen","floor":20.0,"turns":3.0},{"damage":1.0,"enemies":"Book of Stabbing","floor":23.0,"turns":2.0},{"damage":8.0,"enemies":"Centurion and Healer","floor":25.0,"turns":3.0},{"damage":0.0,"enemies":"Snake Plant","floor":28.0,"turns":2.0},{"damage":0.0,"enemies":"Snecko","floor":29.0,"turns":1.0},{"damage":7.0,"enemies":"Slavers","floor":31.0,"turns":3.0},{"damage":52.0,"enemies":"Champ","floor":33.0,"turns":9.0},{"damage":0.0,"enemies":"3 Darklings","floor":35.0,"turns":2.0},{"damage":0.0,"enemies":"3 Shapes","floor":36.0,"turns":1.0},{"damage":0.0,"enemies":"Spire Growth","floor":39.0,"turns":1.0},{"damage":0.0,"enemies":"Giant Head","floor":40.0,"turns":5.0},{"damage":0.0,"enemies":"Reptomancer","floor":42.0,"turns":3.0},{"damage":0.0,"enemies":"Maw","floor":47.0,"turns":1.0},{"damage":0.0,"enemies":"3 Darklings","floor":48.0,"turns":2.0},{"damage":47,"enemies":"Awakened One","floor":50,"turns":7}],"seed_played":"-3497737422425063580","potions_obtained":[{"floor":1.0,"key":"FearPotion"},{"floor":7.0,"key":"SkillPotion"},{"floor":11.0,"key":"AttackPotion"},{"floor":16.0,"key":"Energy Potion"},{"floor":20.0,"key":"Fire Potion"},{"floor":25.0,"key":"LiquidMemories"},{"floor":28.0,"key":"LiquidBronze"},{"floor":39.0,"key":"ColorlessPotion"},{"floor":47.0,"key":"Fruit Juice"},{"floor":48.0,"key":"SteroidPotion"}],"is_trial":false,"path_per_floor":["M","M","?","$","M","R","E","R","T","R","M","M","?","?","R","B",null,"M","?","M","?","$","E","R","M","T","R","M","M","R","E","R","B",null,"M","M","$","?","M","E","R","E","T","?","?","T","M","M","R","B",null],"character_chosen":"THE_SILENT","items_purchased":["Leg Sweep","Dagger Spray","Finisher","Escape Plan","Deflect","Outmaneuver"],"campfire_rested":1,"item_purchase_floors":[4,4,22,22,22,37],"current_hp_per_floor":[45,45,45,45,45,45,54,54,54,54,53,45,45,28,53,13,66,66,66,63,63,63,62,62,54,54,69,69,69,84,77,84,32,71,71,71,71,71,71,71,84,84,84,84,84,84,84,84,84,42],"gold":356,"neow_bonus":"TRANSFORM_TWO_CARDS","is_daily":false,"chose_seed":false,"campfire_upgraded":9,"win_rate":0.0,"timestamp":1612904518,"path_taken":["M","M","?","$","M","R","E","R","T","R","M","M","?","?","R","BOSS","M","?","M","?","$","E","R","M","T","R","M","M","R","E","R","BOSS","M","?","$","?","M","E","R","E","T","?","?","?","M","M","R","BOSS"],"items_purchased_type":["Card","Card","Card","Card","Card","Card"],"build_version":"2020-12-22","purchased_purges":1,"victory":true,"max_hp_per_floor":[70,70,70,70,70,70,84,84,84,84,84,84,84,84,84,84,84,84,84,84,84,84,84,84,84,84,84,84,84,84,84,84,84,84,84,84,84,84,84,84,84,84,84,84,84,84,84,84,84,89],"card_choices":[{"not_picked":["Reflex","Sucker Punch"],"picked":"Dash","floor":1.0},{"not_picked":["Sucker Punch","Infinite Blades"],"picked":"Backstab","floor":2.0},{"not_picked":["Dagger Spray","Bane"],"picked":"Flying Knee","floor":5.0},{"not_picked":["Catalyst","Distraction"],"picked":"Dodge and Roll","floor":7.0},{"not_picked":["Blade Dance","Prepared"],"picked":"Crippling Poison","floor":11.0},{"not_picked":["Dodge and Roll","All Out Attack"],"picked":"Backflip","floor":12.0},{"not_picked":["Phantasmal Killer","Adrenaline"],"picked":"Corpse Explosion","floor":16.0},{"not_picked":["Deflect","Cloak And Dagger"],"picked":"Blade Dance","floor":18.0},{"not_picked":["Riddle With Holes","Quick Slash+1"],"picked":"Catalyst+1","floor":20.0},{"not_picked":["Dagger Spray","Flechettes+1"],"picked":"Backstab+1","floor":23.0},{"not_picked":["Quick Slash","Acrobatics"],"picked":"Storm of Steel","floor":25.0},{"not_picked":["Quick Slash","Sucker Punch+1"],"picked":"Blade Dance","floor":28.0},{"not_picked":["Dodge and Roll","Choke+1"],"picked":"Well Laid Plans","floor":29.0},{"not_picked":["Outmaneuver","Noxious Fumes"],"picked":"Accuracy","floor":31.0},{"not_picked":["Envenom","Unload"],"picked":"Burst","floor":33.0},{"not_picked":["Flying Knee","Deflect"],"picked":"Concentrate","floor":35.0},{"not_picked":["Dagger Throw","Choke+1"],"picked":"Masterful Stab","floor":36.0},{"not_picked":["Blind","HandOfGreed"],"picked":"Dark Shackles","floor":38.0},{"not_picked":["Tactician","Choke+1"],"picked":"PiercingWail+1","floor":39.0},{"not_picked":["Well Laid Plans","Quick Slash+1"],"picked":"Infinite Blades","floor":40.0},{"not_picked":["Choke","Underhanded Strike","Sucker Punch"],"picked":"SKIP","floor":42.0},{"not_picked":["Deadly Poison+1","Distraction+1"],"picked":"Blade Dance","floor":47.0},{"not_picked":["Deadly Poison+1","Expertise","Phantasmal Killer"],"picked":"SKIP","floor":48.0}],"player_experience":210530,"relics_obtained":[{"floor":7.0,"key":"Mango"},{"floor":9.0,"key":"Dead Branch"},{"floor":23.0,"key":"Vajra"},{"floor":26.0,"key":"Eternal Feather"},{"floor":31.0,"key":"Lantern"},{"floor":40.0,"key":"Thread and Needle"},{"floor":40.0,"key":"StoneCalendar"},{"floor":42.0,"key":"Regal Pillow"},{"floor":42.0,"key":"Lizard Tail"},{"floor":43.0,"key":"Bag of Marbles"},{"floor":46.0,"key":"Snake Skull"}],"event_choices":[{"damage_healed":0.0,"max_hp_gain":0.0,"max_hp_loss":0.0,"gold_gain":0.0,"event_name":"Golden Idol","player_choice":"Ignored","floor":3.0,"gold_loss":0.0,"damage_taken":0.0},{"cards_removed":["Strike_G"],"damage_healed":0.0,"max_hp_gain":0.0,"max_hp_loss":0.0,"gold_gain":0.0,"event_name":"The Cleric","player_choice":"Card Removal","floor":13.0,"gold_loss":50.0,"damage_taken":0.0},{"damage_healed":0.0,"max_hp_gain":0.0,"max_hp_loss":0.0,"gold_gain":0.0,"event_name":"Shining Light","player_choice":"Entered Light","floor":14.0,"gold_loss":0.0,"damage_taken":17.0,"cards_upgraded":["Strike_G","Crippling Poison"]},{"damage_healed":0.0,"max_hp_gain":0.0,"max_hp_loss":0.0,"gold_gain":0.0,"event_name":"Addict","player_choice":"Stole Relic","floor":19.0,"gold_loss":0.0,"damage_taken":0.0,"relics_obtained":["Du-Vu Doll"],"cards_obtained":["Shame"]},{"damage_healed":0.0,"max_hp_gain":0.0,"max_hp_loss":0.0,"gold_gain":0.0,"event_name":"Upgrade Shrine","player_choice":"Upgraded","floor":21.0,"gold_loss":0.0,"damage_taken":0.0,"cards_upgraded":["Backflip"]},{"damage_healed":0.0,"max_hp_gain":0.0,"max_hp_loss":0.0,"gold_gain":0.0,"event_name":"SensoryStone","player_choice":"Memory 1","floor":38.0,"gold_loss":0.0,"damage_taken":0.0},{"damage_healed":0.0,"max_hp_gain":0.0,"max_hp_loss":0.0,"gold_gain":0.0,"event_name":"Mysterious Sphere","player_choice":"Ignored","floor":44.0,"gold_loss":0.0,"damage_taken":0.0},{"damage_healed":0.0,"max_hp_gain":0.0,"max_hp_loss":0.0,"gold_gain":0.0,"event_name":"OrinTheCat","player_choice":"Ignored","floor":45.0,"gold_loss":0.0,"damage_taken":0.0}],"is_beta":false,"boss_relics":[{"not_picked":["Cursed Key","Tiny House"],"picked":"WristBlade"},{"not_picked":["Velvet Choker","Pandora\u0027s Box"],"picked":"Black Star"}],"items_purged_floors":[37],"is_endless":false,"potions_floor_spawned":[1,7,11,16,20,25,28,31,39,47,48],"ascension_level":10}}