{"host":"kvq1t47bkvtg8ho9","time":1612891245,"event":{"mods":["Aspiration","Bard","BaseMod","Beaked The Cultist","Better Sensory Stone","Better Third Choice","BetterRewards","Bossed Relics","Clockwork Mod","Colored Map","Conspire","Downfall","Energized Spire","Friendly Minions","Hermit","HexUI Lib","Highlight Path","Hubris","Infinite Spire","JesterMod","Minty Spire (QoL Compilation)","READ ME - Guardian Mod","Relic Stats","Reliquary","Shade Mod","Somnambulant","Spire Arcade","StSLib","The Bladedancer","The Bug Knight","The Cursed","The Death Knight","The Disciple","The Forsaken","The Jungle","The Marked","The Necromancer","The Runesmith"],"gold_per_floor":[111,111,121,74,93,119,119,45,114,114,139,153,185,195,195,290,290,304,320,339,339,355,355,355,355],"floor_reached":24,"language":"ENG","playtime":2289,"items_purged":["Runesmith:MetallurgicalResearch"],"score":350,"play_id":"b9b71999-8f52-49d4-be73-e0cf021d7e96","local_time":"20210209122045","is_ascension_mode":true,"campfire_choices":[{"data":"Runesmith:MetallurgicalResearch","floor":10,"key":"SMITH"},{"floor":15,"key":"REST"},{"floor":23,"key":"REST"}],"circlet_count":0,"master_deck":["Runesmith:MetallurgicalResearch+1","theMarked:Strike","theMarked:Strike","theMarked:Strike","theMarked:Defend","theMarked:Defend","theMarked:Defend","theMarked:Defend","theMarked:SoldierOfQuellstein","theMarked:MuscleMemory","theMarked:WardOff","theMarked:WardOff","theMarked:BanishingStrike","theMarked:Improvise","theMarked:Improvise","theMarked:ElectricStrings","theMarked:BanishingStrike","theMarked:TwofoldDefense","Runesmith:EnergizedChisel","theMarked:SelfDefenseTraining","theMarked:StartUp","theMarked:Frustration","theMarked:Vacuum","theMarked:EmpowerWeapon","theMarked:ElectricStrings","theMarked:Determination","theMarked:TurnInvisible","theMarked:BanishingWave+1"],"relics":["theMarked:ArtifactOfAir","Pocketwatch","hubris:DisguiseKit","infinitespire:CheckeredPen","reliquary:Boomerang","hubris:ToyBattleship","hubris:ScarierMask"],"acts_visited":["Exordium","TheCity"],"potions_floor_usage":[11,13,16,16,19,24],"damage_taken":[{"damage":8,"enemies":"2 Louse","floor":1,"turns":4},{"damage":12,"enemies":"infinitespire:Voidling","floor":3,"turns":4},{"damage":0,"enemies":"Cultist","floor":5,"turns":4},{"damage":9,"enemies":"3 Sentries","floor":6,"turns":7},{"damage":15,"enemies":"Gremlin Nob","floor":11,"turns":4},{"damage":10,"enemies":"Gremlin Gang","floor":12,"turns":4},{"damage":1,"enemies":"HollowMod:MossKnight","floor":13,"turns":5},{"damage":0,"enemies":"Large Slime","floor":14,"turns":6},{"damage":3,"enemies":"Slime Boss","floor":16,"turns":7},{"damage":22,"enemies":"3 Byrds","floor":18,"turns":5},{"damage":11,"enemies":"Spheric Guardian","floor":19,"turns":6},{"damage":17,"enemies":"Centurion and Healer","floor":20,"turns":4},{"damage":0,"enemies":"Snecko","floor":22,"turns":4},{"damage":41,"enemies":"Nightmare","floor":24,"turns":12}],"seed_played":"-424687204415867436","potions_obtained":[{"floor":6,"key":"bronze:BurnAndBuffPotion"},{"floor":7,"key":"Regen Potion"},{"floor":7,"key":"AttackPotion"},{"floor":11,"key":"Weak Potion"},{"floor":14,"key":"theMarked:ChargePotion"},{"floor":16,"key":"Dexterity Potion"},{"floor":18,"key":"BlessingOfTheForge"}],"is_trial":false,"path_per_floor":["M","?","M","$","M","E","?","$","T","R","E","M","E","M","R","B",null,"M","M","M","?","M","R","NM"],"character_chosen":"THE_DEFAULT","items_purchased":["theMarked:MuscleMemory","theMarked:WardOff","theMarked:Improvise","theMarked:BanishingStrike","theMarked:TwofoldDefense"],"campfire_rested":2,"item_purchase_floors":[0,0,4,8,8],"current_hp_per_floor":[62,62,54,54,54,45,45,45,45,45,42,32,31,31,52,49,70,48,37,20,20,20,41,0,0],"gold":355,"neow_bonus":"","is_daily":false,"chose_seed":false,"campfire_upgraded":1,"win_rate":0.0,"timestamp":1612891245,"path_taken":["M","?","?","$","M","E","?","$","T","R","E","?","E","M","R","BOSS","M","?","M","?","?","R","NM"],"items_purchased_type":["Card","Card","Card","Card","Card"],"build_version":"2020-12-22","purchased_purges":1,"victory":false,"max_hp_per_floor":[70,70,70,70,70,70,70,70,70,70,70,70,70,70,70,70,70,70,70,70,70,70,70,70,70],"relic_stats":{"counters":[172,679],"obtain_stats":[{"hubris:MysteriousPyramids":118,"aspiration:RitualStick":126,"infinitespire:ShieldingShard":27,"hubris:DeckOfHolding":53,"Fusion Hammer":17,"Kunai":7,"HollowMod:PaleOreRelic":112,"aspiration:DSix":0,"theMarked:DemonDagger":26,"Pear":10,"hubris:SphereOfDissonance":89,"Shade:YorickPolishedSkull":51,"Eternal Feather":23,"Pen Nib":44,"Guardian:PocketSentry":156,"energizedSpire:StickyHand":34,"MutagenicStrength":19,"infinitespire:PuzzleCube":104,"hubris:Reverence":14,"Regal Pillow":94,"Torii":74,"Bag of Preparation":91,"hubris:BlackHole":102,"hubris:ScarierMask":17,"Toolbox":13,"hubris:CuriousFeather":6,"aspiration:FutureDiary":68,"theMarked:Eyepatch":17,"aspiration:VileToxins":146,"Potion Belt":46,"hubris:64BitClover":48,"Golden Idol":61,"Guardian:GemstoneGun":6,"conspire:RunicOctahedron":85,"The Courier":99,"PreservedInsect":0,"Omamori":80,"infinitespire:Lucky Rock":59,"infinitespire:CheckeredPen":86,"Frozen Egg 2":36,"hubris:Towel":73,"MawBank":148,"theMarked:ArtifactOfAir":0,"Ornamental Fan":0,"Art of War":46,"Runesmith:AutoHammer":14,"conspire:DeflatedDodgeball":12,"Toy Ornithopter":23,"hubris:BottledRain":60,"Gremlin Horn":44,"hubris:VirtuousBlindfold":17,"Vajra":115,"HollowMod:StagPassRelic":57,"hubris:TerracottaHorce":34,"Lizard Tail":128,"aspiration:MobileForge":119,"aspiration:ArtOfWarUpgrade":83,"Toxic Egg 2":4,"hubris:Teleporter":123,"Astrolabe":136,"Oddly Smooth Stone":76,"energizedSpire:OgreHead":53,"Letter Opener":129,"conspire:GiftBox":43,"aspiration:EmptySkull":0,"Shuriken":64,"Molten Egg 2":131,"infinitespire:EmpoweringShard":43,"hubris:ToyBattleship":13,"Pocketwatch":0,"Darkstone Periapt":9,"bronze:BronzeCore":0,"reliquary:Boomerang":11,"SacredBark":34,"theForsaken:Lifeblossom":25,"Mango":77,"conspire:SpecialSausage":153,"aspiration:TomeofQuesting":25,"Incense Burner":99,"Juzu Bracelet":142,"hubris:SlimyHat":6,"theForsaken:Gavel":26,"conspire:TopHat":9,"aspiration:StickyExplosives_weak":95,"Frozen Eye":70,"Nunchaku":29,"hubris:Icosahedron":24,"theForsaken:Kindling":139,"Pantograph":106,"Tiny Chest":26,"Red Mask":37,"hubris:DisguiseKit":6,"aspiration:FetidBarrel":26,"Orichalcum":69,"Mercury Hourglass":40,"Calling Bell":99,"Anchor":8,"CaptainsWheel":37,"infinitespire:WardingShard":23,"infinitespire:Satchel":9,"Bag of Marbles":111,"Membership Card":0,"hubris:Potato":27},{"hubris:MysteriousPyramids":93,"aspiration:RitualStick":96,"infinitespire:ShieldingShard":48,"hubris:DeckOfHolding":61,"Fusion Hammer":119,"Kunai":3,"HollowMod:PaleOreRelic":88,"aspiration:DSix":35,"theMarked:DemonDagger":146,"Pear":5,"hubris:SphereOfDissonance":79,"Shade:YorickPolishedSkull":60,"Eternal Feather":145,"Pen Nib":31,"Guardian:PocketSentry":109,"energizedSpire:StickyHand":52,"MutagenicStrength":19,"infinitespire:PuzzleCube":85,"hubris:Reverence":42,"Regal Pillow":80,"Torii":72,"Bag of Preparation":79,"hubris:BlackHole":83,"hubris:ScarierMask":43,"Toolbox":141,"hubris:CuriousFeather":39,"aspiration:FutureDiary":68,"theMarked:Eyepatch":143,"aspiration:VileToxins":105,"Potion Belt":156,"hubris:64BitClover":59,"Golden Idol":66,"Guardian:GemstoneGun":14,"conspire:RunicOctahedron":77,"The Courier":82,"PreservedInsect":134,"Omamori":74,"infinitespire:Lucky Rock":66,"infinitespire:CheckeredPen":78,"Frozen Egg 2":28,"hubris:Towel":71,"MawBank":106,"theMarked:ArtifactOfAir":0,"Ornamental Fan":126,"Art of War":59,"Runesmith:AutoHammer":17,"conspire:DeflatedDodgeball":15,"Toy Ornithopter":47,"hubris:BottledRain":66,"Gremlin Horn":58,"hubris:VirtuousBlindfold":18,"Vajra":91,"HollowMod:StagPassRelic":64,"hubris:TerracottaHorce":150,"Lizard Tail":96,"aspiration:MobileForge":93,"aspiration:ArtOfWarUpgrade":76,"Toxic Egg 2":37,"hubris:Teleporter":95,"Astrolabe":100,"Oddly Smooth Stone":73,"energizedSpire:OgreHead":61,"Letter Opener":97,"conspire:GiftBox":31,"aspiration:EmptySkull":9,"Shuriken":67,"Molten Egg 2":98,"infinitespire:EmpoweringShard":57,"hubris:ToyBattleship":165,"Pocketwatch":158,"Darkstone Periapt":39,"bronze:BronzeCore":0,"reliquary:Boomerang":163,"SacredBark":27,"theForsaken:Lifeblossom":23,"Mango":73,"conspire:SpecialSausage":108,"aspiration:TomeofQuesting":146,"Incense Burner":82,"Juzu Bracelet":104,"hubris:SlimyHat":114,"theForsaken:Gavel":47,"conspire:TopHat":115,"aspiration:StickyExplosives_weak":80,"Frozen Eye":69,"Nunchaku":24,"hubris:Icosahedron":47,"theForsaken:Kindling":102,"Pantograph":85,"Tiny Chest":23,"Red Mask":28,"hubris:DisguiseKit":162,"aspiration:FetidBarrel":124,"Orichalcum":69,"Mercury Hourglass":56,"Calling Bell":82,"Anchor":139,"CaptainsWheel":152,"infinitespire:WardingShard":22,"infinitespire:Satchel":14,"Bag of Marbles":88,"Membership Card":9,"hubris:Potato":146},{"hubris:MysteriousPyramids":337,"aspiration:RitualStick":340,"infinitespire:ShieldingShard":207,"hubris:DeckOfHolding":261,"Fusion Hammer":428,"Kunai":10,"HollowMod:PaleOreRelic":331,"aspiration:DSix":159,"theMarked:DemonDagger":546,"Pear":18,"hubris:SphereOfDissonance":310,"Shade:YorickPolishedSkull":259,"Eternal Feather":541,"Pen Nib":138,"Guardian:PocketSentry":371,"energizedSpire:StickyHand":224,"MutagenicStrength":92,"infinitespire:PuzzleCube":326,"hubris:Reverence":183,"Regal Pillow":311,"Torii":294,"Bag of Preparation":310,"hubris:BlackHole":323,"hubris:ScarierMask":190,"Toolbox":524,"hubris:CuriousFeather":174,"aspiration:FutureDiary":282,"theMarked:Eyepatch":533,"aspiration:VileToxins":352,"Potion Belt":591,"hubris:64BitClover":249,"Golden Idol":274,"Guardian:GemstoneGun":65,"conspire:RunicOctahedron":308,"The Courier":317,"PreservedInsect":497,"Omamori":300,"infinitespire:Lucky Rock":274,"infinitespire:CheckeredPen":309,"Frozen Egg 2":126,"hubris:Towel":290,"MawBank":355,"theMarked:ArtifactOfAir":0,"Ornamental Fan":466,"Art of War":249,"Runesmith:AutoHammer":79,"conspire:DeflatedDodgeball":69,"Toy Ornithopter":204,"hubris:BottledRain":274,"Gremlin Horn":247,"hubris:VirtuousBlindfold":88,"Vajra":334,"HollowMod:StagPassRelic":267,"hubris:TerracottaHorce":563,"Lizard Tail":340,"aspiration:MobileForge":337,"aspiration:ArtOfWarUpgrade":304,"Toxic Egg 2":164,"hubris:Teleporter":339,"Astrolabe":345,"Oddly Smooth Stone":297,"energizedSpire:OgreHead":261,"Letter Opener":341,"conspire:GiftBox":138,"aspiration:EmptySkull":39,"Shuriken":277,"Molten Egg 2":342,"infinitespire:EmpoweringShard":242,"hubris:ToyBattleship":635,"Pocketwatch":603,"Darkstone Periapt":174,"bronze:BronzeCore":0,"reliquary:Boomerang":626,"SacredBark":122,"theForsaken:Lifeblossom":105,"Mango":297,"conspire:SpecialSausage":370,"aspiration:TomeofQuesting":546,"Incense Burner":317,"Juzu Bracelet":351,"hubris:SlimyHat":396,"theForsaken:Gavel":204,"conspire:TopHat":400,"aspiration:StickyExplosives_weak":311,"Frozen Eye":285,"Nunchaku":108,"hubris:Icosahedron":204,"theForsaken:Kindling":347,"Pantograph":326,"Tiny Chest":105,"Red Mask":126,"hubris:DisguiseKit":622,"aspiration:FetidBarrel":457,"Orichalcum":285,"Mercury Hourglass":239,"Calling Bell":317,"Anchor":518,"CaptainsWheel":572,"infinitespire:WardingShard":102,"infinitespire:Satchel":65,"Bag of Marbles":331,"Membership Card":39,"hubris:Potato":546}],"Pocketwatch":[168]},"card_choices":[{"not_picked":["theMarked:Friction","theMarked:ChainLightning"],"picked":"theMarked:WardOff","floor":1},{"not_picked":["theMarked:SwordAndMagic","theMarked:Frustration"],"picked":"theMarked:BanishingStrike","floor":3},{"not_picked":["theMarked:Indomitable","theMarked:WastefulAttack"],"picked":"theMarked:Improvise","floor":5},{"not_picked":["theMarked:TurnInvisible","theMarked:Static"],"picked":"theMarked:ElectricStrings","floor":6},{"not_picked":["theMarked:Maelstrom","theMarked:TwofoldDefense","theMarked:MuscleMemory"],"picked":"Runesmith:EnergizedChisel","floor":11},{"not_picked":["theMarked:Electrify","theMarked:RepellingDischarge","Runesmith:Repurpose"],"picked":"theMarked:SelfDefenseTraining","floor":12},{"not_picked":["theMarked:Heritage","theMarked:RepellingDischarge","Runesmith:ChargedHammer"],"picked":"theMarked:StartUp","floor":13},{"not_picked":["theMarked:Indomitable","theMarked:Parry","Runesmith:MakeshiftArmor"],"picked":"theMarked:Frustration","floor":14},{"not_picked":["theMarked:MagusForm","theMarked:Snap","Runesmith:Duplicate"],"picked":"theMarked:Vacuum","floor":16},{"not_picked":["theMarked:TunnelVision","theMarked:Friction","Runesmith:ChargedHammer"],"picked":"theMarked:EmpowerWeapon","floor":18},{"not_picked":["theMarked:ShockingTouch","theMarked:TakeCover+1","Runesmith:RuneHurl"],"picked":"theMarked:ElectricStrings","floor":19},{"not_picked":["theMarked:ElectricStrings","theMarked:EnhanceMovement","Runesmith:MakeshiftArmor"],"picked":"theMarked:Determination","floor":20},{"not_picked":["theMarked:Frustration+1","theMarked:Indomitable","Runesmith:BackupBattery"],"picked":"theMarked:BanishingWave+1","floor":22}],"player_experience":843054,"relics_obtained":[{"floor":6,"key":"hubris:DisguiseKit"},{"floor":9,"key":"infinitespire:CheckeredPen"},{"floor":11,"key":"reliquary:Boomerang"},{"floor":13,"key":"hubris:ToyBattleship"}],"event_choices":[{"cards_removed":["theMarked:Strike"],"damage_healed":0,"gold_gain":0,"player_choice":"Purged","damage_taken":0,"max_hp_gain":0,"max_hp_loss":0,"event_name":"Purifier","floor":2,"gold_loss":0},{"damage_healed":0,"gold_gain":0,"player_choice":"Got Potions","damage_taken":0,"max_hp_gain":0,"max_hp_loss":0,"event_name":"Lab","floor":7,"gold_loss":0},{"damage_healed":0,"gold_gain":0,"cards_transformed":["theMarked:Strike"],"player_choice":"Transformed","damage_taken":0,"max_hp_gain":0,"max_hp_loss":0,"event_name":"Transmorgrifier","floor":21,"gold_loss":0,"cards_obtained":["theMarked:TurnInvisible"]}],"is_beta":false,"boss_relics":[{"not_picked":["energizedSpire:SpiderWeb","Busted Crown"],"picked":"hubris:ScarierMask"}],"items_purged_floors":[0],"is_endless":false,"potions_floor_spawned":[6,11,14,16,18],"killed_by":"Nightmare","ascension_level":2}}