{"host":"3xramekeme16g407","time":1612830501,"event":{"mods":["2.2 Compatiblity","AchievementEnabler","BaseMod","Bestiary","Minty Spire (QoL Compilation)","Relic Stats","StSLib"],"gold_per_floor":[109,120,120,137,137,167,167,167,167,47,75,86,86,101,101,200,200,218,231,151,151,151],"floor_reached":21,"language":"ENG","playtime":1145,"items_purged":[],"score":214,"play_id":"e2e5f695-43eb-490b-9a11-30fa2354431d","local_time":"20210208162821","is_ascension_mode":false,"campfire_choices":[{"data":"Eruption","floor":7,"key":"SMITH"},{"data":"WindmillStrike","floor":13,"key":"SMITH"},{"data":"DevaForm","floor":15,"key":"SMITH"}],"circlet_count":0,"master_deck":["Strike_P","Strike_P","Strike_P+1","Strike_P+1","Defend_P","Defend_P","Defend_P","Defend_P","Eruption+1","Vigilance","FlurryOfBlows","ReachHeaven+1","SashWhip","WheelKick","WindmillStrike+1","WreathOfFlame+1","Crescendo+1","DevaForm+1","Alpha+1","EmptyBody+1","MentalFortress","ThirdEye+1"],"relics":["HolyWater","Unceasing Top","Yang","Lizard Tail","Toxic Egg 2"],"acts_visited":["Exordium","TheCity"],"potions_floor_usage":[6,16,21],"damage_taken":[{"damage":0,"enemies":"Small Slimes","floor":1,"turns":2},{"damage":0,"enemies":"Cultist","floor":2,"turns":2},{"damage":0,"enemies":"2 Louse","floor":4,"turns":3},{"damage":8,"enemies":"3 Sentries","floor":6,"turns":4},{"damage":0,"enemies":"Gremlin Nob","floor":11,"turns":2},{"damage":0,"enemies":"Large Slime","floor":12,"turns":2},{"damage":0,"enemies":"Blue Slaver","floor":14,"turns":1},{"damage":56,"enemies":"The Guardian","floor":16,"turns":9},{"damage":40,"enemies":"2 Thieves","floor":18,"turns":3},{"damage":35,"enemies":"3 Byrds","floor":19,"turns":4},{"damage":9,"enemies":"3 Cultists","floor":21,"turns":3}],"seed_played":"6697289267975583583","potions_obtained":[{"floor":2,"key":"SteroidPotion"},{"floor":14,"key":"Swift Potion"},{"floor":19,"key":"SkillPotion"}],"is_trial":false,"path_per_floor":["M","M","?","M","?","E","R","?","T","$","E","M","R","M","R","B",null,"M","M","$","M"],"character_chosen":"WATCHER","items_purchased":["WheelKick","WindmillStrike","MentalFortress","ThirdEye+1"],"campfire_rested":0,"item_purchase_floors":[10,10,20,20],"current_hp_per_floor":[79,79,63,63,60,52,52,52,52,52,52,52,52,52,52,39,79,39,4,4,0,0],"gold":151,"neow_bonus":"TEN_PERCENT_HP_BONUS","is_daily":false,"chose_seed":false,"campfire_upgraded":3,"win_rate":0.0,"timestamp":1612830501,"path_taken":["M","M","?","M","?","E","R","?","T","$","E","M","R","M","R","BOSS","M","M","?","M"],"items_purchased_type":["Card","Card","Card","Card"],"build_version":"2020-12-22","purchased_purges":0,"victory":false,"max_hp_per_floor":[79,79,79,79,79,79,79,79,79,79,79,79,79,79,79,79,79,79,79,79,79,79],"relic_stats":{"Lizard Tail":39,"counters":[11,35],"Yang":[46],"obtain_stats":[{"Lizard Tail":9,"HolyWater":17,"Yang":6,"PureWater":0,"Toxic Egg 2":11,"Unceasing Top":5},{"Lizard Tail":4,"HolyWater":8,"Yang":4,"PureWater":0,"Toxic Egg 2":5,"Unceasing Top":3},{"Lizard Tail":11,"HolyWater":25,"Yang":11,"PureWater":0,"Toxic Egg 2":13,"Unceasing Top":7}],"Unceasing Top":[1]},"card_choices":[{"not_picked":["Consecrate","Halt"],"picked":"FlurryOfBlows","floor":1},{"not_picked":["ClearTheMind","BowlingBash"],"picked":"ReachHeaven","floor":2},{"not_picked":["JustLucky","Blasphemy","ThirdEye"],"picked":"SKIP","floor":4},{"not_picked":["BowlingBash","Consecrate"],"picked":"SashWhip","floor":6},{"not_picked":["Halt+1","FollowUp"],"picked":"WreathOfFlame+1","floor":11},{"not_picked":["JustLucky","SashWhip"],"picked":"Crescendo+1","floor":12},{"not_picked":["Prostrate+1","WreathOfFlame+1"],"picked":"DevaForm","floor":14},{"not_picked":["Ragnarok","Blasphemy+1"],"picked":"Alpha+1","floor":16},{"not_picked":["Consecrate","SashWhip+1"],"picked":"EmptyBody+1","floor":18},{"not_picked":["PathToVictory+1","Study","EmptyFist"],"picked":"SKIP","floor":19}],"player_experience":486121,"relics_obtained":[{"floor":6,"key":"Yang"},{"floor":9,"key":"Lizard Tail"},{"floor":11,"key":"Toxic Egg 2"}],"event_choices":[{"damage_healed":0,"gold_gain":0,"player_choice":"Entered Light","damage_taken":16,"max_hp_gain":0,"max_hp_loss":0,"event_name":"Shining Light","floor":3,"gold_loss":0,"cards_upgraded":["Strike_P","Strike_P"]},{"damage_healed":0,"gold_gain":0,"player_choice":"Success","damage_taken":3,"relics_obtained":["Unceasing Top"],"max_hp_gain":0,"max_hp_loss":0,"event_name":"Scrap Ooze","floor":5,"gold_loss":0},{"damage_healed":0,"gold_gain":0,"player_choice":"Forge","damage_taken":0,"max_hp_gain":0,"max_hp_loss":0,"event_name":"Accursed Blacksmith","floor":8,"gold_loss":0,"cards_upgraded":["ReachHeaven"]}],"is_beta":false,"boss_relics":[{"not_picked":["Ectoplasm","Runic Dome"],"picked":"HolyWater"}],"items_purged_floors":[],"is_endless":false,"potions_floor_spawned":[2,14,19],"killed_by":"3 Cultists","ascension_level":0}}