{"host":"kokp9cirgkksa174","time":1612850603,"event":{"mods":["AchievementEnabler","BaseMod","Best Route Mod","Bestiary","Better Third Choice","Block Reminder","Colored Map","Colored Powertips","DeckTracker","Exacting","Jorbs\u0027s Wanderer Trilogy","Key Reminder","Minty Spire (QoL Compilation)","Permanent Neow","Random Character Button","Rare Cards Sparkle","Relic Stats","Slay the Relics Exporter","StSLib","Unceasing Turn Reminder"],"gold_per_floor":[112,112,132,159,205,205,220,220,220,220,254,310,339,339,339,444,444,369,379,397,27,27,27],"floor_reached":22,"language":"ENG","playtime":2909,"items_purged":["Strike_P+1"],"score":274,"play_id":"c3a1bc25-7d8f-4092-85be-19be6b374ba1","local_time":"20210209010323","is_ascension_mode":true,"campfire_choices":[{"floor":6,"key":"RECALL"},{"data":"ConjureBlade","floor":8,"key":"SMITH"},{"floor":10,"key":"REST"},{"data":"Study","floor":15,"key":"SMITH"}],"circlet_count":0,"master_deck":["Defend_P+1","Defend_P+1","Defend_P","Defend_P+1","Eruption+1","Vigilance+1","LessonLearned+1","EmptyFist+1","EmptyFist+1","Meditate+1","DeceiveReality","WindmillStrike","InnerPeace+1","ConjureBlade+1","WaveOfTheHand+1","Study+1","WheelKick","Establishment","BattleHymn","Fasting2+1","CarveReality+1","FlurryOfBlows","Magnetism"],"relics":["Astrolabe","Turnip","StoneCalendar","SacredBark","Membership Card","Orichalcum"],"acts_visited":["Exordium","TheCity"],"potions_floor_usage":[12,20],"damage_taken":[{"damage":1,"enemies":"Jaw Worm","floor":1,"turns":3},{"damage":7,"enemies":"Small Slimes","floor":3,"turns":2},{"damage":5,"enemies":"2 Louse","floor":4,"turns":4},{"damage":11,"enemies":"Lots of Slimes","floor":5,"turns":4},{"damage":9,"enemies":"Exordium Wildlife","floor":7,"turns":2},{"damage":0,"enemies":"Lagavulin","floor":11,"turns":6},{"damage":20,"enemies":"Gremlin Nob","floor":12,"turns":4},{"damage":0,"enemies":"2 Fungi Beasts","floor":13,"turns":6},{"damage":0,"enemies":"Slime Boss","floor":16,"turns":5},{"damage":19,"enemies":"2 Thieves","floor":18,"turns":5},{"damage":23,"enemies":"Chosen","floor":19,"turns":5},{"damage":22,"enemies":"Snake Plant","floor":20,"turns":5},{"damage":8,"enemies":"Centurion and Healer","floor":22,"turns":1}],"seed_played":"2174764836944635962","potions_obtained":[{"floor":4,"key":"SmokeBomb"},{"floor":5,"key":"Dexterity Potion"},{"floor":11,"key":"Strength Potion"},{"floor":12,"key":"Fire Potion"},{"floor":20,"key":"AttackPotion"}],"is_trial":false,"path_per_floor":["M","?","M","M","M","R","M","R","T","R","E","?","M","?","R","B",null,"M","M","M","$","M"],"character_chosen":"WATCHER","items_purchased":["Membership Card","FlurryOfBlows","Magnetism","Orichalcum"],"campfire_rested":1,"item_purchase_floors":[21,21,21,21],"current_hp_per_floor":[71,71,64,59,48,48,39,39,39,60,60,40,40,40,40,40,72,53,30,8,8,0,0],"gold":27,"neow_bonus":"BOSS_RELIC","is_daily":false,"chose_seed":false,"campfire_upgraded":2,"win_rate":0.0,"timestamp":1612850603,"path_taken":["M","?","M","M","M","R","M","R","T","R","E","?","M","?","R","BOSS","M","M","?","?","M"],"items_purchased_type":["Relic","Card","Card","Relic"],"build_version":"2020-12-22","purchased_purges":1,"victory":false,"max_hp_per_floor":[72,72,72,72,72,72,72,72,72,72,72,72,72,72,72,72,72,72,72,72,72,72,72],"relic_stats":{"counters":[13,52],"Astrolabe":["LessonLearned","EmptyFist","EmptyFist"],"StoneCalendar":[0],"Turnip":[4],"Orichalcum":[6],"obtain_stats":[{"keyreminder:keyreminder":6,"Astrolabe":0,"SacredBark":17,"StoneCalendar":12,"Turnip":11,"Membership Card":21,"PureWater":0,"Orichalcum":21},{"keyreminder:keyreminder":4,"Astrolabe":0,"SacredBark":9,"StoneCalendar":7,"Turnip":6,"Membership Card":12,"PureWater":0,"Orichalcum":12},{"keyreminder:keyreminder":13,"Astrolabe":0,"SacredBark":36,"StoneCalendar":25,"Turnip":21,"Membership Card":51,"PureWater":0,"Orichalcum":51}]},"card_choices":[{"not_picked":["ThirdEye","Evaluate"],"picked":"Meditate","floor":1},{"not_picked":["CrushJoints","FlurryOfBlows"],"picked":"DeceiveReality","floor":3},{"not_picked":["SashWhip","Protect"],"picked":"WindmillStrike","floor":4},{"not_picked":["SashWhip","EmptyFist"],"picked":"InnerPeace","floor":5},{"not_picked":["EmptyBody","Tantrum"],"picked":"ConjureBlade","floor":7},{"not_picked":["JustLucky","FollowUp"],"picked":"WaveOfTheHand","floor":11},{"not_picked":["Adaptation","Halt"],"picked":"Study","floor":12},{"not_picked":["Halt","CutThroughFate"],"picked":"WheelKick","floor":13},{"not_picked":["Wish","Brilliance"],"picked":"Establishment","floor":16},{"not_picked":["Protect","CutThroughFate"],"picked":"BattleHymn","floor":18},{"not_picked":["PathToVictory","Study"],"picked":"Fasting2+1","floor":19},{"not_picked":["FlurryOfBlows","BattleHymn"],"picked":"CarveReality+1","floor":20}],"player_experience":168178,"relics_obtained":[{"floor":11,"key":"Turnip"},{"floor":12,"key":"StoneCalendar"}],"event_choices":[{"damage_healed":0,"gold_gain":0,"player_choice":"Grow","damage_taken":0,"max_hp_gain":0,"max_hp_loss":0,"event_name":"Living Wall","floor":2,"gold_loss":0,"cards_upgraded":["Meditate"]},{"damage_healed":0,"gold_gain":0,"player_choice":"Searched \u00271\u0027 times","damage_taken":0,"max_hp_gain":0,"max_hp_loss":0,"event_name":"Dead Adventurer","floor":12,"gold_loss":0},{"damage_healed":0,"gold_gain":0,"player_choice":"Bought 0 Potions","damage_taken":0,"max_hp_gain":0,"max_hp_loss":0,"event_name":"The Woman in Blue","floor":14,"gold_loss":0}],"is_beta":false,"boss_relics":[{"not_picked":["Velvet Choker","Empty Cage"],"picked":"SacredBark"}],"items_purged_floors":[21],"is_endless":false,"potions_floor_spawned":[4,11,12,16,19,20],"killed_by":"Centurion and Healer","ascension_level":1}}