{"host":"6affnl2vk6en9o4b","time":1612884477,"event":{"mods":["AchievementEnabler","Aspiration","BaseMod","BetterRewards","Colored Powertips","Conspire","Downfall","Friendly Minions","Googly Eyes","Highlight Path","Hubris","Minty Spire (QoL Compilation)","Quick Restart","Replay The Spire","StSLib","Trackpad","Unceasing Turn Reminder"],"gold_per_floor":[99,114,130,130,143,54,54,54,39,51,64,99,118,118,135,237,237,37,56,69,69,69,69],"floor_reached":21,"language":"ENG","playtime":1091,"items_purged":[],"score":183,"play_id":"08126561-fca9-4c29-a756-ad2e9fd45667","local_time":"20210209152757","is_ascension_mode":false,"campfire_choices":[{"floor":1.0,"key":"RECALL"},{"data":"Guardian:StasisStrike","floor":18.0,"key":"SMITH"},{"data":"sneckomod:MorePower","floor":18.0,"key":"SMITH"}],"circlet_count":0,"master_deck":["sneckomod:Strike","sneckomod:Strike","sneckomod:Strike","sneckomod:Defend","sneckomod:Defend","sneckomod:Defend+1","sneckomod:TailWhip+1","sneckomod:SnekBite+1","sneckomod:Unknown","sneckomod:WideSting","sneckomod:UnknownUncommonPower+1","downfall:Malfunctioning","sneckomod:QuickMove","sneckomod:UnknownRareAttack","sneckomod:DiceCrush","Armaments+1","sneckomod:Unknown1Cost","sneckomod:UnendingSupply","sneckomod:UnknownVulnerable","sneckomod:UnknownBlock","sneckomod:MorePower+1","Guardian:StasisStrike+1","sneckomod:UnknownBoss+1","sneckomod:DefensiveFlair","sneckomod:CheapStock"],"relics":["sneckomod:SuperSneckoSoul","Replay:Arrowhead","downfall:HeartBlessingRed","downfall:HeartBlessingGreen"],"acts_visited":["Exordium","TheCity"],"potions_floor_usage":[21],"damage_taken":[{"damage":2.0,"enemies":"2 Louse","floor":2.0,"turns":2.0},{"damage":0.0,"enemies":"Small Slimes","floor":3.0,"turns":3.0},{"damage":3.0,"enemies":"Jaw Worm","floor":5.0,"turns":4.0},{"damage":2.0,"enemies":"downfall:FleeingMerchant","floor":6.0,"turns":4.0},{"damage":3.0,"enemies":"downfall:FleeingMerchant","floor":9.0,"turns":4.0},{"damage":14.0,"enemies":"3 Louse","floor":10.0,"turns":3.0},{"damage":4.0,"enemies":"2 Fungi Beasts","floor":11.0,"turns":3.0},{"damage":34.0,"enemies":"Lagavulin","floor":12.0,"turns":6.0},{"damage":16.0,"enemies":"Blue Slaver","floor":13.0,"turns":5.0},{"damage":3.0,"enemies":"Large Slime","floor":15.0,"turns":4.0},{"damage":27.0,"enemies":"WA_ARCHETYPE_RETAIN","floor":16.0,"turns":11.0},{"damage":48.0,"enemies":"conspire:FuzzyDice","floor":19.0,"turns":8.0},{"damage":30.0,"enemies":"Spheric Guardian","floor":20.0,"turns":4.0},{"damage":13,"enemies":"conspire:HollyBat","floor":21,"turns":7}],"seed_played":"4388056381931217216","potions_obtained":[{"floor":3.0,"key":"SkillPotion"},{"floor":5.0,"key":"Block Potion"},{"floor":11.0,"key":"GamblersBrew"},{"floor":12.0,"key":"DuplicationPotion"},{"floor":13.0,"key":"Languid Potion"},{"floor":15.0,"key":"AttackPotion"},{"floor":19.0,"key":"PowerPotion"},{"floor":20.0,"key":"ColorlessPotion"}],"is_trial":false,"path_per_floor":["R","M","M","?","M","$","T","?","$","M","M","E","M","?","M","B",null,"R","M","M","M"],"character_chosen":"THE_SNECKO","items_purchased":["sneckomod:UnknownRareAttack"],"campfire_rested":0,"item_purchase_floors":[6],"current_hp_per_floor":[90,88,88,88,85,83,83,83,80,74,75,41,29,59,56,29,90,90,42,12,0,0,0],"gold":69,"neow_bonus":"UPGRADE_CARD","is_daily":false,"chose_seed":false,"campfire_upgraded":2,"win_rate":0.0,"timestamp":1612884477,"path_taken":["R","M","M","?","M","$","T","?","$","M","M","E","M","?","M","BOSS","R","M","M","M"],"items_purchased_type":["Card"],"build_version":"2020-12-22","purchased_purges":0,"victory":false,"max_hp_per_floor":[90,90,90,90,90,90,90,90,90,90,90,90,90,90,90,90,90,90,90,90,90,90,90],"card_choices":[{"not_picked":["sneckomod:DiceCrush","sneckomod:RainOfDice"],"picked":"sneckomod:WideSting","floor":2.0},{"not_picked":["sneckomod:RainOfDice","sneckomod:DiceBlock"],"picked":"sneckomod:UnknownUncommonPower","floor":3.0},{"not_picked":["sneckomod:DiceBlock","sneckomod:UnknownX"],"picked":"sneckomod:Memorize","floor":5.0},{"not_picked":["sneckomod:Nope","sneckomod:DiceBlock"],"picked":"sneckomod:QuickMove","floor":6.0},{"not_picked":["sneckomod:ImprovisedAttack","sneckomod:ImprovisedGuard"],"picked":"sneckomod:UnknownRareAttack","floor":9.0},{"not_picked":["sneckomod:DiceBlock","sneckomod:WideSting"],"picked":"sneckomod:DiceCrush","floor":10.0},{"not_picked":["sneckomod:UnknownCommonAttack","sneckomod:DiceBlock"],"picked":"sneckomod:Unknown1Cost","floor":11.0},{"not_picked":["sneckomod:UnknownStrike","sneckomod:UnknownVulnerable"],"picked":"sneckomod:UnendingSupply","floor":12.0},{"not_picked":["sneckomod:SoulRoll","sneckomod:UnknownCommonAttack"],"picked":"sneckomod:UnknownVulnerable","floor":13.0},{"not_picked":["sneckomod:Rotation","sneckomod:SoulRoll"],"picked":"sneckomod:UnknownBlock","floor":15.0},{"not_picked":["sneckomod:UnknownRareSkill","sneckomod:UnlimitedRolls"],"picked":"sneckomod:MorePower","floor":16.0},{"not_picked":["sneckomod:UnknownRareAttack+1","sneckomod:UnknownBlock+1"],"picked":"sneckomod:UnknownBoss+1","floor":19.0},{"not_picked":["sneckomod:UnknownClassPURPLE","sneckomod:Nope"],"picked":"sneckomod:DefensiveFlair","floor":19.0},{"not_picked":["sneckomod:UnknownRarePower","sneckomod:SoulRoll"],"picked":"sneckomod:CheapStock","floor":20.0}],"player_experience":240841,"relics_obtained":[{"floor":12.0,"key":"Replay:Arrowhead"}],"event_choices":[{"damage_healed":30.0,"max_hp_gain":0.0,"max_hp_loss":0.0,"gold_gain":0.0,"event_name":"Big Fish","player_choice":"Banana","floor":14.0,"gold_loss":0.0,"damage_taken":0.0}],"is_beta":false,"boss_relics":[{"not_picked":["hubris:CrackedHourglass","hubris:Backtick"],"picked":"sneckomod:SuperSneckoSoul"}],"items_purged_floors":[],"is_endless":false,"potions_floor_spawned":[3,5,11,12,13,15,19,20],"killed_by":"conspire:HollyBat","ascension_level":0}}