{"host":"8pl220r0zqtv6uof","time":1612876341,"event":{"mods":["BaseMod","Colored Map","DeckTracker","Highlight Path","Keyboard Shortcuts","Minty Spire (QoL Compilation)","Quick Restart","SuperFastMode"],"gold_per_floor":[110,120,12017,11244,11258,11293,11293,11328,11328,11339,11339,11367,11385,11385,11385,11481,11481,11494,6972,6972,6972,6972,6997,7045,5956,6003,6003,6016,6034,6063,6094,6094,6199,6199,6214,6264,6264,6264,6283,6314,6105,6140,6140,6175,6085,6105,6105,6117,6117,6117,6117,6117,5324,5350,5350],"floor_reached":56,"language":"KOR","playtime":1750,"items_purged":["Strike_G","Strike_G","Strike_G","Strike_G+1"],"score":2042,"play_id":"758468cb-66cc-46ed-a321-6ed0046070f1","local_time":"20210209221221","is_ascension_mode":true,"campfire_choices":[{"floor":11,"key":"REST"},{"floor":15,"key":"REST"},{"floor":32,"key":"REST"},{"floor":47,"key":"RECALL"},{"floor":49,"key":"REST"},{"floor":52,"key":"REST"}],"circlet_count":0,"master_deck":["Strike_G+1","Defend_G+1","Defend_G+1","Defend_G+1","Defend_G+1","Defend_G+1","Survivor","Neutralize+1","Well Laid Plans+1","Poisoned Stab","Dagger Spray","Noxious Fumes+1","Deadly Poison+1","Blur","Bane","Infinite Blades","Catalyst+1","Catalyst+1","Reflex","Corpse Explosion","Cloak And Dagger","Infinite Blades","Bouncing Flask","Accuracy","Caltrops","Caltrops","Noxious Fumes","Cloak And Dagger+1","Night Terror","A Thousand Cuts","Caltrops","Accuracy","Catalyst","Infinite Blades+1","Outmaneuver+1","Dodge and Roll+1","Infinite Blades+1","Noxious Fumes","Footwork","Well Laid Plans","Caltrops","Footwork","Noxious Fumes","Deflect+1"],"relics":["Ring of the Snake","Ornamental Fan","Kunai","Pen Nib","Mummified Hand","Matryoshka","The Courier","Fusion Hammer","Bronze Scales","Potion Belt","Molten Egg 2","Snake Skull","Tiny Chest","Oddly Smooth Stone","WingedGreaves","Medical Kit","Happy Flower","Blood Vial","Mango","Tough Bandages","Mercury Hourglass","Anchor","Shuriken","Boot","Ancient Tea Set","Toy Ornithopter","Regal Pillow","Art of War","Question Card","War Paint","Whetstone","Juzu Bracelet","PreservedInsect","Orichalcum","MealTicket","Lantern","Tingsha","Omamori","Pear","Gremlin Horn","HandDrill","Vajra","HornCleat","FossilizedHelix","Darkstone Periapt","Smiling Mask","Centennial Puzzle","Bag of Marbles","Cursed Key","Ninja Scroll","Membership Card","Nunchaku","Toxic Egg 2","White Beast Statue","Pantograph","Lee\u0027s Waffle","Torii","Sundial","Bird Faced Urn","Lizard Tail","Pocketwatch"],"acts_visited":["Exordium","TheCity","TheBeyond","TheEnding"],"potions_floor_usage":[5,6,6,12,16,42,50,50,55,55],"damage_taken":[{"damage":0,"enemies":"2 Louse","floor":1,"turns":4},{"damage":3,"enemies":"Jaw Worm","floor":2,"turns":5},{"damage":4,"enemies":"Cultist","floor":3,"turns":4},{"damage":2,"enemies":"Looter","floor":5,"turns":3},{"damage":24,"enemies":"3 Sentries","floor":6,"turns":6},{"damage":6,"enemies":"Lagavulin","floor":8,"turns":5},{"damage":2,"enemies":"3 Louse","floor":10,"turns":3},{"damage":22,"enemies":"Gremlin Nob","floor":12,"turns":4},{"damage":5,"enemies":"Large Slime","floor":13,"turns":5},{"damage":18,"enemies":"The Guardian","floor":16,"turns":7},{"damage":9,"enemies":"3 Byrds","floor":18,"turns":5},{"damage":3,"enemies":"Slavers","floor":23,"turns":2},{"damage":11,"enemies":"Spheric Guardian","floor":28,"turns":4},{"damage":0,"enemies":"Centurion and Healer","floor":29,"turns":5},{"damage":0,"enemies":"Book of Stabbing","floor":30,"turns":3},{"damage":0,"enemies":"Gremlin Leader","floor":31,"turns":3},{"damage":0,"enemies":"Champ","floor":33,"turns":5},{"damage":0,"enemies":"3 Darklings","floor":35,"turns":2},{"damage":0,"enemies":"Mind Bloom Boss Battle","floor":36,"turns":4},{"damage":0,"enemies":"3 Shapes","floor":39,"turns":3},{"damage":9,"enemies":"Reptomancer","floor":40,"turns":4},{"damage":0,"enemies":"Nemesis","floor":42,"turns":4},{"damage":0,"enemies":"Reptomancer","floor":44,"turns":3},{"damage":0,"enemies":"Sphere and 2 Shapes","floor":46,"turns":3},{"damage":0,"enemies":"Jaw Worm Horde","floor":48,"turns":2},{"damage":14,"enemies":"Donu and Deca","floor":50,"turns":5},{"damage":20,"enemies":"Shield and Spear","floor":54,"turns":3},{"damage":66,"enemies":"The Heart","floor":55,"turns":4}],"seed_played":"-7062313515834697850","potions_obtained":[{"floor":2,"key":"ColorlessPotion"},{"floor":5,"key":"SkillPotion"},{"floor":10,"key":"PowerPotion"},{"floor":12,"key":"SpeedPotion"},{"floor":16,"key":"GamblersBrew"},{"floor":23,"key":"Strength Potion"},{"floor":29,"key":"Regen Potion"},{"floor":30,"key":"Weak Potion"},{"floor":33,"key":"SteroidPotion"},{"floor":35,"key":"Explosive Potion"},{"floor":42,"key":"GamblersBrew"},{"floor":54,"key":"Ancient Potion"}],"is_trial":false,"path_per_floor":["M","M","M","$","M","E","?","E","T","M","R","E","M","?","R","B",null,"M","$","?","?","?","E","T","$","T","?","M","M","E","E","R","B",null,"M","?","?","T","M","E","$","E","T","E","?","M","R","M","R","B",null,"R","$","E","B",null],"character_chosen":"THE_SILENT","items_purchased":["Noxious Fumes","Ornamental Fan","Kunai","CunningPotion","Deadly Poison","Bronze Scales","Potion Belt","Molten Egg 2","Snake Skull","Tiny Chest","Oddly Smooth Stone","WingedGreaves","Medical Kit","Happy Flower","Blood Vial","Mango","Tough Bandages","Mercury Hourglass","Anchor","Shuriken","Boot","Ancient Tea Set","Toy Ornithopter","Regal Pillow","Art of War","Question Card","War Paint","Whetstone","Juzu Bracelet","PreservedInsect","Orichalcum","MealTicket","Lantern","Tingsha","Omamori","Bouncing Flask","Accuracy","Caltrops","Caltrops","Noxious Fumes","HandDrill","Vajra","HornCleat","FossilizedHelix","Membership Card","Catalyst","Noxious Fumes","Footwork","Well Laid Plans","Caltrops","Footwork","Noxious Fumes","Pantograph","Lee\u0027s Waffle","Torii","Sundial","Bird Faced Urn","Lizard Tail"],"campfire_rested":5,"item_purchase_floors":[4,4,4,4,4,19,19,19,19,19,19,19,19,19,19,19,19,19,19,19,19,19,19,19,19,19,19,19,19,19,19,19,19,19,19,25,25,25,25,25,25,25,25,25,41,41,53,53,53,53,53,53,53,53,53,53,53,53],"current_hp_per_floor":[63,60,56,56,54,30,30,24,24,22,43,21,16,2,23,5,54,45,59,59,59,84,91,91,94,94,94,83,85,87,89,94,94,94,94,94,89,89,89,80,89,89,89,89,89,89,89,89,89,75,86,89,96,84,38],"gold":5350,"neow_bonus":"UPGRADE_CARD","is_daily":false,"chose_seed":false,"campfire_upgraded":0,"win_rate":0.0,"timestamp":1612876341,"path_taken":["M","M","M","$","M","E","?","E","T","M","R","E","M","?","R","BOSS","M","$","?","?","?","E","?","$","T","?","M","M","E","E","R","BOSS","M","?","?","?","M","E","$","E","T","E","?","M","R","M","R","BOSS","R","$","E","BOSS"],"items_purchased_type":["Card","Relic","Relic","Potion","Card","Relic","Relic","Relic","Relic","Relic","Relic","Relic","Relic","Relic","Relic","Relic","Relic","Relic","Relic","Relic","Relic","Relic","Relic","Relic","Relic","Relic","Relic","Relic","Relic","Relic","Relic","Relic","Relic","Relic","Relic","Card","Card","Card","Card","Card","Relic","Relic","Relic","Relic","Relic","Card","Card","Card","Card","Card","Card","Card","Relic","Relic","Relic","Relic","Relic","Relic"],"build_version":"2020-12-22","purchased_purges":4,"victory":true,"max_hp_per_floor":[70,70,70,70,70,70,70,70,70,70,70,70,70,70,70,70,70,70,84,84,84,84,94,94,94,94,94,94,94,94,94,94,94,94,94,94,89,89,89,89,89,89,89,89,89,89,89,89,89,89,89,89,96,96,96],"card_choices":[{"not_picked":["Bane","Flying Knee"],"picked":"Well Laid Plans","floor":1},{"not_picked":["Outmaneuver","Caltrops"],"picked":"Poisoned Stab","floor":2},{"not_picked":["Prepared","Heel Hook"],"picked":"Dagger Spray","floor":3},{"not_picked":["Expertise","Dash"],"picked":"Blur","floor":5},{"not_picked":["Dodge and Roll","Blade Dance"],"picked":"Bane","floor":6},{"not_picked":["Slice","Predator"],"picked":"Infinite Blades","floor":8},{"not_picked":["Accuracy","Deflect"],"picked":"Catalyst","floor":10},{"not_picked":["Masterful Stab","Caltrops"],"picked":"Catalyst","floor":12},{"not_picked":["Terror","Expertise"],"picked":"Reflex","floor":13},{"not_picked":["Venomology","Doppelganger"],"picked":"Corpse Explosion","floor":16},{"not_picked":["Dagger Spray","Dodge and Roll"],"picked":"Cloak And Dagger","floor":18},{"not_picked":["Acrobatics","Escape Plan","Predator+1"],"picked":"Infinite Blades","floor":23},{"not_picked":["Flying Knee+1","Well Laid Plans","Deadly Poison","Leg Sweep+1"],"picked":"SKIP","floor":28},{"not_picked":["Heel Hook+1","Acrobatics+1","Dagger Throw+1"],"picked":"Cloak And Dagger+1","floor":29},{"not_picked":["Riddle With Holes+1","Flechettes+1","Acrobatics"],"picked":"Outmaneuver","floor":30},{"not_picked":["Choke+1","Slice+1","Blur+1"],"picked":"Night Terror","floor":31},{"not_picked":["Die Die Die+1","Corpse Explosion","Glass Knife+1"],"picked":"A Thousand Cuts","floor":33},{"not_picked":["Sucker Punch+1","Dodge and Roll","Leg Sweep+1"],"picked":"Caltrops","floor":35},{"not_picked":["PiercingWail","Deadly Poison","Expertise+1"],"picked":"Accuracy","floor":39},{"not_picked":["Terror","Glass Knife+1","Deflect+1","PiercingWail+1"],"picked":"SKIP","floor":40},{"not_picked":["All Out Attack+1","Catalyst","Calculated Gamble"],"picked":"Infinite Blades+1","floor":42},{"not_picked":["Expertise+1","Acrobatics+1","Sucker Punch+1"],"picked":"Outmaneuver+1","floor":44},{"not_picked":["PiercingWail+1","Leg Sweep+1","Masterful Stab+1"],"picked":"Dodge and Roll+1","floor":46},{"not_picked":["Riddle With Holes+1","Slice+1","Blade Dance+1"],"picked":"Infinite Blades+1","floor":48},{"not_picked":["Grand Finale+1","Leg Sweep+1","Choke+1"],"picked":"Deflect+1","floor":54}],"player_experience":136767,"relics_obtained":[{"floor":6,"key":"Pen Nib"},{"floor":8,"key":"Mummified Hand"},{"floor":9,"key":"Matryoshka"},{"floor":12,"key":"The Courier"},{"floor":23,"key":"Pear"},{"floor":24,"key":"Gremlin Horn"},{"floor":26,"key":"Darkstone Periapt"},{"floor":26,"key":"Smiling Mask"},{"floor":30,"key":"Centennial Puzzle"},{"floor":31,"key":"Bag of Marbles"},{"floor":38,"key":"Ninja Scroll"},{"floor":42,"key":"Nunchaku"},{"floor":43,"key":"Toxic Egg 2"},{"floor":44,"key":"White Beast Statue"},{"floor":54,"key":"Pocketwatch"}],"event_choices":[{"damage_healed":0,"gold_gain":0,"player_choice":"Grow","damage_taken":0,"max_hp_gain":0,"max_hp_loss":0,"event_name":"Living Wall","floor":7,"gold_loss":0,"cards_upgraded":["Noxious Fumes"]},{"damage_healed":0,"gold_gain":0,"player_choice":"Entered Light","damage_taken":14,"max_hp_gain":0,"max_hp_loss":0,"event_name":"Shining Light","floor":14,"gold_loss":0,"cards_upgraded":["Deadly Poison","Defend_G"]},{"damage_healed":0,"gold_gain":0,"player_choice":"Ignored","damage_taken":0,"max_hp_gain":0,"max_hp_loss":0,"event_name":"The Mausoleum","floor":20,"gold_loss":0},{"damage_healed":0,"gold_gain":0,"player_choice":"Forge","damage_taken":0,"max_hp_gain":0,"max_hp_loss":0,"event_name":"Accursed Blacksmith","floor":21,"gold_loss":0,"cards_upgraded":["Catalyst"]},{"damage_healed":28,"gold_gain":0,"player_choice":"Heal","damage_taken":0,"max_hp_gain":0,"max_hp_loss":0,"event_name":"The Library","floor":22,"gold_loss":0},{"damage_healed":0,"gold_gain":0,"player_choice":"Simplicity","damage_taken":0,"max_hp_gain":0,"max_hp_loss":0,"event_name":"Back to Basics","floor":27,"gold_loss":0,"cards_upgraded":["Defend_G","Defend_G","Defend_G"]},{"damage_healed":0,"gold_gain":0,"player_choice":"Fight","damage_taken":0,"max_hp_gain":0,"max_hp_loss":0,"event_name":"MindBloom","floor":36,"gold_loss":0},{"damage_healed":0,"gold_gain":0,"player_choice":"Max HP","damage_taken":0,"max_hp_gain":0,"max_hp_loss":5,"event_name":"Winding Halls","floor":37,"gold_loss":0},{"cards_removed":["Outmaneuver"],"damage_healed":0,"gold_gain":0,"player_choice":"Upgrade and Remove","damage_taken":0,"max_hp_gain":0,"max_hp_loss":0,"event_name":"Designer","floor":45,"gold_loss":90,"cards_upgraded":["Well Laid Plans"]}],"is_beta":false,"boss_relics":[{"not_picked":["Runic Dome","Snecko Eye"],"picked":"Fusion Hammer"},{"not_picked":["Pandora\u0027s Box","Busted Crown"],"picked":"Cursed Key"}],"items_purged_floors":[4,19,25,41],"is_endless":false,"potions_floor_spawned":[2,5,10,12,16,23,29,30,33,35,40,42,44,46,48,54],"ascension_level":7}}