{"host":"8fnghcq8tvbg6z9e","time":1612869324,"event":{"mods":["BaseMod","Minty Spire (QoL Compilation)","Quick Restart","StSLib"],"gold_per_floor":[19,34,53,153,172,172,182,212,236,251,29,29,29,47,47,47,47],"floor_reached":16,"language":"ZHS","playtime":611,"items_purged":["Strike_R"],"score":104,"play_id":"693d5a17-b72c-4c3b-bfd4-ce3da81f3e08","local_time":"20210209191524","is_ascension_mode":true,"campfire_choices":[{"data":"Body Slam","floor":6.0,"key":"SMITH"},{"data":"Entrench","floor":12.0,"key":"SMITH"},{"data":"Entrench","floor":15.0,"key":"SMITH"}],"circlet_count":0,"master_deck":["Strike_R","Strike_R","Strike_R","Defend_R","Defend_R","Defend_R","Bash","Body Slam+1","Battle Trance","Entrench+1","Entrench+1","Armaments"],"relics":["Burning Blood","Vajra","Pen Nib","Tiny Chest"],"acts_visited":["Exordium"],"potions_floor_usage":[],"damage_taken":[{"damage":5.0,"enemies":"Jaw Worm","floor":1.0,"turns":4.0},{"damage":6.0,"enemies":"Cultist","floor":2.0,"turns":3.0},{"damage":1.0,"enemies":"2 Louse","floor":3.0,"turns":3.0},{"damage":5.0,"enemies":"2 Fungi Beasts","floor":5.0,"turns":5.0},{"damage":0.0,"enemies":"Looter","floor":7.0,"turns":4.0},{"damage":26.0,"enemies":"Lagavulin","floor":8.0,"turns":6.0},{"damage":2.0,"enemies":"Blue Slaver","floor":10.0,"turns":5.0},{"damage":11.0,"enemies":"Exordium Wildlife","floor":14.0,"turns":6.0},{"damage":60,"enemies":"Hexaghost","floor":16,"turns":14}],"seed_played":"-2803411125919283785","potions_obtained":[{"floor":3.0,"key":"LiquidBronze"},{"floor":5.0,"key":"champ:CounterPotion"},{"floor":7.0,"key":"Energy Potion"},{"floor":8.0,"key":"SpeedPotion"}],"is_trial":false,"path_per_floor":["M","M","M","?","M","R","M","E","T","M","$","R","?","M","R","B"],"character_chosen":"IRONCLAD","items_purchased":["Pen Nib"],"campfire_rested":0,"item_purchase_floors":[11],"current_hp_per_floor":[80,80,80,80,80,80,80,60,60,64,64,64,64,59,59,0,0],"gold":47,"neow_bonus":"REMOVE_TWO","is_daily":false,"chose_seed":false,"campfire_upgraded":3,"win_rate":0.0,"timestamp":1612869324,"path_taken":["M","M","M","?","M","R","M","E","T","?","?","R","?","M","R","BOSS"],"items_purchased_type":["Relic"],"build_version":"2020-12-22","purchased_purges":1,"victory":false,"max_hp_per_floor":[80,80,80,80,80,80,80,80,80,80,80,80,80,80,80,80,80],"card_choices":[{"not_picked":["Disarm","Warcry"],"picked":"Body Slam","floor":1.0},{"not_picked":["Clothesline","Combust"],"picked":"Battle Trance","floor":2.0},{"not_picked":["Thunderclap","Evolve","True Grit"],"picked":"SKIP","floor":3.0},{"not_picked":["Flex","conspire:Charge","conspire:HitWhereItHurts"],"picked":"SKIP","floor":5.0},{"not_picked":["Flex","Metallicize"],"picked":"Entrench","floor":7.0},{"not_picked":["Flex","Anger","Wild Strike"],"picked":"SKIP","floor":8.0},{"not_picked":["Clash","Burning Pact"],"picked":"Entrench","floor":10.0},{"not_picked":["Wild Strike","Warcry"],"picked":"Armaments","floor":14.0}],"player_experience":146243,"relics_obtained":[{"floor":8.0,"key":"Vajra"}],"event_choices":[{"damage_healed":0.0,"max_hp_gain":0.0,"max_hp_loss":0.0,"gold_gain":100.0,"event_name":"Wheel of Change","player_choice":"Gold","floor":4.0,"gold_loss":0.0,"damage_taken":0.0},{"damage_healed":0.0,"max_hp_gain":0.0,"max_hp_loss":0.0,"gold_gain":0.0,"event_name":"Dead Adventurer","player_choice":"Searched \u00272\u0027 times","floor":13.0,"gold_loss":0.0,"damage_taken":0.0,"relics_obtained":["Tiny Chest"]}],"is_beta":false,"boss_relics":[],"items_purged_floors":[11],"is_endless":false,"potions_floor_spawned":[3,5,7,8],"killed_by":"Hexaghost","ascension_level":0}}