{"host":"ihsge0lre3slh6sc","time":1612861295,"event":{"mods":["Act Like it!","Arknights","BaseMod","CapriCore","Highlight Path","Lobotomy","LobotomyExtend","Marisa£®ÏF”Í°°ƒß¿Ì…≥£©","Minty Spire (QoL Compilation)","MostiFishMod","Quick Restart","Remilia£®¿Ÿ√◊¿Ú—«£©","Shop Mod","StSLib","TestMod","The Immortal","Waifu the Spire","WarShipGirlsR/’ΩΩ¢…Ÿ≈ÆR mod","Yakumo Yukari mod","Youmu£®ªÍ∆«—˝√Œ£©","[IsaacMod]“‘»ˆº‚À˛","°æ“≈ŒÔø®≈∆°øREMEMod","ÛÙª÷∏ƒœ"],"gold_per_floor":[360,372,154,379,379,480,480,257,284,324,398,398,412,446,240,378,378,917,917,1575,1090,1090,1131,735,775,775,840,410,459,164,195,84,194,194,1463,1944,2219,2872,2872,4064,3560,4595,4645,5200,5584,5067,5089,5345,5345,5443,5443,4970,4071,4104,4300],"floor_reached":56,"language":"ZHS","playtime":2888,"items_purged":["ats:Strike V","ats:Strike G","Regret","ats:Leaping Hammer","ats:Revitalization","ats:Defend","ats:Armor Crushing Shot","ats:Revitalization","Regret","REME_MagicPocketWatch","ats:Apocalypse","ats:Healing Drone"],"score":1679,"play_id":"20340a1d-bd3d-49aa-8027-91dcff863e34","local_time":"20210209170135","is_ascension_mode":true,"campfire_choices":[{"data":"ats:Sword Rain","floor":7.0,"key":"SMITH"},{"floor":49,"key":"RECALL"}],"circlet_count":0,"master_deck":["ats:Defend","ats:Defend","ats:Defend+1","ats:Emotion Absorption+1","MostiFishMod:Mottled","ats:Sword Rain+1","ats:Support Order","ats:Healing Strengthening","ats:Directed Diagnosis","ats:Shell Defense","Purity","CurseOfTheBell","ats:Chain Hook","ats:Calcification+1","ats:Sashimi Platter","ats:Charging Defense","ats:Dogmatic Field","ats:Counter Healing Mode+1","ats:Sashimi Platter","ats:Composite Medical Shells"],"relics":["ats:Sanity","HushsDoor","testmod-TestBox","DaveBox","REME_ComplimentaryCards","Civilization","testmod-Fortitude","SalivaCoin","ats:Originium","testmod-IndustrialRevolution","ats:Assault","DaCapo","ats:Spiritual Recovery","Calling Bell","Nunchaku","BookofShadows","Lizard Tail","BloodDonationBag","Bottled Tornado","AnarchistCookbook","MostiFishMod:AdaptiveDefenses","Sundial","Thread and Needle","DeathBook","ats:Cure","BelialBook","ats:Attack","PatriotShield","Bird Faced Urn","testmod-EqualTreatment","ats:Special","ats:Ability Aura","BookOfRevelations","War Paint","REME_HandOfSuture","ats:Defend","ats:Berate","Medical Kit","Ornamental Fan","testmod-BalancedPeriapt"],"acts_visited":["Exordium","TheCity","TheBeyond","TheEnding"],"potions_floor_usage":[18,23,23,31,31],"damage_taken":[{"damage":10.0,"enemies":"Small Slimes","floor":1.0,"turns":4.0},{"damage":0.0,"enemies":"Jaw Worm","floor":2.0,"turns":2.0},{"damage":0.0,"enemies":"ats:Genji","floor":4.0,"turns":3.0},{"damage":18.0,"enemies":"Gremlin Nob","floor":6.0,"turns":3.0},{"damage":10.0,"enemies":"Lagavulin","floor":10.0,"turns":5.0},{"damage":0.0,"enemies":"2 Fungi Beasts","floor":13.0,"turns":3.0},{"damage":30.0,"enemies":"Exordium Wildlife","floor":14.0,"turns":5.0},{"damage":63.0,"enemies":"The Guardian","floor":16.0,"turns":9.0},{"damage":11,"enemies":"2 Thieves","floor":18,"turns":3},{"damage":61,"enemies":"Chosen","floor":20,"turns":8},{"damage":5,"enemies":"Book of Stabbing","floor":23,"turns":6},{"damage":8,"enemies":"REME_1_Revenger","floor":25,"turns":6},{"damage":34,"enemies":"Book of Stabbing","floor":27,"turns":7},{"damage":0,"enemies":"Slavers","floor":31,"turns":2},{"damage":4,"enemies":"Collector","floor":33,"turns":9},{"damage":2,"enemies":"3 Darklings","floor":35,"turns":2},{"damage":32,"enemies":"3 Shapes","floor":36,"turns":7},{"damage":15,"enemies":"2 Orb Walkers","floor":38,"turns":3},{"damage":7,"enemies":"Nemesis","floor":40,"turns":3},{"damage":82,"enemies":"Transient","floor":42,"turns":5},{"damage":20,"enemies":"Sphere and 2 Shapes","floor":44,"turns":2},{"damage":5,"enemies":"Giant Head","floor":45,"turns":4},{"damage":2,"enemies":"3 Darklings","floor":47,"turns":1},{"damage":20,"enemies":"Reptomancer","floor":48,"turns":4},{"damage":151,"enemies":"Time Eater","floor":50,"turns":10},{"damage":0,"enemies":"Shield and Spear","floor":54,"turns":2},{"damage":144,"enemies":"The Heart","floor":55,"turns":7}],"seed_played":"-3173341939836084965","potions_obtained":[{"floor":2.0,"key":"BlessingOfTheForge"},{"floor":10.0,"key":"Explosive Potion"},{"floor":13.0,"key":"testmod-TestPotion"},{"floor":18,"key":"ColorlessPotion"},{"floor":27,"key":"SkillPotion"},{"floor":31,"key":"testmod-TimePotion"},{"floor":45,"key":"AttackPotion"},{"floor":48,"key":"Explosive Potion"}],"is_trial":false,"path_per_floor":["M","M","$","M","?","E","R","$","T","E","?","?","M","M","R","B",null,"M","?","M","$","?","E","R","E","T","E","$","?","R","E","R","B",null,"M","M","?","?","?","E","R","M","T","M","E","$","M","E","R","B",null,"R","$","E","B",null],"character_chosen":"DOCTOR_CLASS","items_purchased":["SalivaCoin","ats:Assault","ats:Healing Strengthening","ats:Directed Diagnosis","ats:Leaping Hammer","Purity","Bottled Tornado","REME_MagicPocketWatch","MostiFishMod:AdaptiveDefenses","ats:Chain Hook","ats:Cure","ats:Calcification","ats:Sashimi Platter","ats:Attack","ats:Special","ats:Sashimi Platter","War Paint","ats:Composite Medical Shells","ats:Defend","ats:Berate","Medical Kit","Ornamental Fan"],"campfire_rested":0,"item_purchase_floors":[3,8,8,8,8,15,21,21,24,24,28,28,30,32,41,41,46,46,52,53,53,53],"current_hp_per_floor":[45,52,51,47,47,30,30,19,19,30,15,15,32,32,32,81,106,70,70,13,13,13,56,56,65,65,73,73,58,58,65,35,101,141,32,141,141,111,111,114,114,75,75,128,143,143,146,186,186,93,191,191,191,196,179],"gold":4300,"neow_bonus":"HUNDRED_GOLD","is_daily":false,"chose_seed":false,"campfire_upgraded":1,"win_rate":0.0,"timestamp":1612861295,"path_taken":["M","M","$","M","?","E","R","$","T","E","?","?","M","M","R","BOSS","M","?","M","?","?","E","R","E","T","E","$","?","R","E","R","BOSS","M","M","?","?","?","E","R","M","T","M","E","$","M","E","R","BOSS","R","$","E","BOSS"],"items_purchased_type":["Relic","Relic","Card","Card","Card","Card","Relic","Card","Relic","Card","Relic","Card","Card","Relic","Relic","Card","Relic","Card","Card","Relic","Relic","Relic"],"build_version":"2020-12-22","purchased_purges":12,"victory":true,"max_hp_per_floor":[74,77,77,81,81,86,86,86,86,91,91,91,96,101,101,106,106,111,111,116,116,116,121,121,126,126,131,131,131,131,136,136,141,141,146,151,151,156,156,161,161,166,166,171,176,176,181,186,186,191,191,191,191,196,196],"card_choices":[{"not_picked":[],"picked":"Bomb","floor":0.0},{"not_picked":["ats:Composite Medical Shells","ats:Neurotoxin"],"picked":"ats:Apocalypse","floor":1.0},{"not_picked":["ats:Powerful Strike","ats:Ignite"],"picked":"ats:Sword Rain","floor":2.0},{"not_picked":["ats:Sword Rain","ats:Hammer On","ats:Explosion Area Strengthen"],"picked":"SKIP","floor":4.0},{"not_picked":["ats:Phantom","ats:Sword Rain","ats:Shell Defense"],"picked":"SKIP","floor":6.0},{"not_picked":["ats:Shadow Raid","ats:Collapsing Strike"],"picked":"ats:Revitalization","floor":10.0},{"not_picked":["ats:Guard Mode","ats:Ignite"],"picked":"ats:Healing Drone","floor":13.0},{"not_picked":["ats:Flame Of Heaven","ats:Revitalization"],"picked":"ats:Shell Defense","floor":14.0},{"not_picked":["ats:Echo Reverb","ats:Volcano"],"picked":"ats:True Silver Slash","floor":16.0},{"not_picked":["ats:Very Hot Blade","ats:Guard Mode","ats:Rapid Magazine"],"picked":"SKIP","floor":18},{"not_picked":["ats:Red Shift","ats:Phantom"],"picked":"ats:Revitalization","floor":20},{"not_picked":["ats:Fractured Body","ats:Cat Scratch","ats:Leaping Hammer"],"picked":"SKIP","floor":23},{"not_picked":["ats:Ignite","ats:Very Hot Blade","ats:Red Shift+1"],"picked":"SKIP","floor":25},{"not_picked":["ats:Sunburst","ats:Apocalypse+1","ats:Support Order"],"picked":"SKIP","floor":27},{"not_picked":["ats:Apocalypse","ats:Fractured Body"],"picked":"ats:Charging Defense","floor":31},{"not_picked":["ats:Nebulous Foxfire","ats:Roar Of Ursus"],"picked":"ats:Dogmatic Field","floor":33},{"not_picked":["ats:Absolute Focus+1","ats:Thorns","ats:Neurotoxin"],"picked":"SKIP","floor":35},{"not_picked":["ats:Mental Burst+1","ats:Sword Rain"],"picked":"ats:Counter Healing Mode+1","floor":36},{"not_picked":["ats:Cat Scratch","ats:Spore Proliferation","ats:Poison Spread"],"picked":"SKIP","floor":40},{"not_picked":["ats:Defend Order+1","ats:Assault Order","ats:Burning Ground"],"picked":"SKIP","floor":42},{"not_picked":["ats:Echo Reverb","ats:Part Time Job+1","ats:Explosion Area Strengthen+1"],"picked":"SKIP","floor":44},{"not_picked":["ats:Directed Diagnosis","ats:Hammer On","ats:Thermite Blade+1"],"picked":"SKIP","floor":45},{"not_picked":["ats:Song Of Battle","ats:Thorns+1","ats:Explosion Area Strengthen+1"],"picked":"SKIP","floor":47},{"not_picked":["ats:Cat Scratch+1","ats:Apocalypse","ats:Revitalization+1"],"picked":"SKIP","floor":48},{"not_picked":["ats:Defend Order","ats:Ignite+1","ats:Automatic Cover"],"picked":"SKIP","floor":54}],"player_experience":831612,"relics_obtained":[{"floor":6.0,"key":"ats:Originium"},{"floor":6.0,"key":"testmod-IndustrialRevolution"},{"floor":10.0,"key":"ats:Originium"},{"floor":10.0,"key":"DaCapo"},{"floor":17.0,"key":"Nunchaku"},{"floor":17.0,"key":"BookofShadows"},{"floor":17.0,"key":"Lizard Tail"},{"floor":23,"key":"ats:Originium"},{"floor":23,"key":"AnarchistCookbook"},{"floor":25,"key":"ats:Originium"},{"floor":25,"key":"Sundial"},{"floor":26,"key":"Thread and Needle"},{"floor":27,"key":"DeathBook"},{"floor":31,"key":"BelialBook"},{"floor":38,"key":"Bird Faced Urn"},{"floor":40,"key":"testmod-EqualTreatment"},{"floor":43,"key":"ats:Ability Aura"},{"floor":45,"key":"BookOfRevelations"},{"floor":48,"key":"REME_HandOfSuture"},{"floor":54,"key":"testmod-BalancedPeriapt"}],"event_choices":[{"damage_healed":0.0,"max_hp_gain":0.0,"max_hp_loss":0.0,"gold_gain":0.0,"cards_transformed":["ats:Strike S"],"event_name":"Living Wall","player_choice":"Change","floor":5.0,"gold_loss":0.0,"damage_taken":0.0,"cards_obtained":["ats:Support Order"]},{"damage_healed":0.0,"max_hp_gain":0.0,"max_hp_loss":0.0,"gold_gain":0.0,"event_name":"Big Fish","player_choice":"Box","floor":12.0,"gold_loss":0.0,"damage_taken":0.0,"relics_obtained":["ats:Spiritual Recovery"],"cards_obtained":["Regret"]},{"cards_removed":["ats:Strike C"],"damage_healed":0,"gold_gain":0,"player_choice":"Elegance","damage_taken":0,"max_hp_gain":0,"max_hp_loss":0,"event_name":"Back to Basics","floor":19,"gold_loss":0},{"damage_healed":0,"gold_gain":0,"player_choice":"Forge","damage_taken":0,"max_hp_gain":0,"max_hp_loss":0,"event_name":"Accursed Blacksmith","floor":22,"gold_loss":0,"cards_upgraded":["ats:Emotion Absorption"]},{"damage_healed":0,"gold_gain":275,"player_choice":"Desecrate","damage_taken":0,"max_hp_gain":0,"max_hp_loss":0,"event_name":"Golden Shrine","floor":37,"gold_loss":0,"cards_obtained":["Regret"]},{"damage_healed":0,"gold_gain":0,"player_choice":"Fight","damage_taken":0,"max_hp_gain":0,"max_hp_loss":0,"event_name":"Mysterious Sphere","floor":38,"gold_loss":0},{"cards_removed":["ats:True Silver Slash"],"damage_healed":0,"gold_gain":0,"player_choice":"Removed Attack","damage_taken":0,"max_hp_gain":0,"max_hp_loss":0,"event_name":"Falling","floor":39,"gold_loss":0}],"is_beta":false,"boss_relics":[{"not_picked":["ExusiaiGun","OneHitWonderSystem"],"picked":"Calling Bell"},{"not_picked":[]},{"not_picked":["Tiny House","testmod-KeyOfTheVoid"],"picked":"PatriotShield"},{"not_picked":[]}],"items_purged_floors":[3,8,15,21,24,28,30,32,41,46,52,53],"is_endless":false,"potions_floor_spawned":[2,10,13,16,18,23,27,31,42,45,48],"ascension_level":3}}