{"host":"mmqs5ul2bvb60kyc","time":1612835802,"event":{"mods":["AchievementEnabler","BaseMod","Colored Map","Colored Powertips","Minty Spire (QoL Compilation)","Quick Restart","StSLib"],"gold_per_floor":[13,25,44,44,63,63,91,108,133,149,149,74,92,108,108,181,181,194,211,231,231,53,79,79,104,104,117,149,162,191,191,191,268,268,280,294,294,294,122,152,163,178,178,189,220,238,269,66,66,66,66,66,24,50,50,50],"floor_reached":55,"language":"ZHS","playtime":2516,"items_purged":["Defend_P","Strike_P","Conclude+1"],"score":1698,"play_id":"a2cc3c97-5f21-43f6-9494-e56df59a9a87","local_time":"20210209095642","is_ascension_mode":true,"campfire_choices":[{"data":"Eruption","floor":6.0,"key":"SMITH"},{"data":"Conclude","floor":11.0,"key":"SMITH"},{"data":"Wallop","floor":15.0,"key":"SMITH"},{"floor":32.0,"key":"REST"},{"floor":49.0,"key":"RECALL"},{"data":"Deep Breath","floor":52.0,"key":"SMITH"}],"circlet_count":0,"master_deck":["AscendersBane","Defend_P+1","Defend_P+1","Eruption+1","Vigilance+1","Judgement+1","TalkToTheHand+1","Prostrate+1","FlurryOfBlows+1","Blasphemy+1","Wallop+1","BowlingBash+1","InnerPeace","LessonLearned+1","DevaForm+1","SignatureMove+1","ClearTheMind+1","Study+1","Ragnarok","Crescendo+1","DeusExMachina+1","EmptyMind+1","MasterReality+1","WheelKick+1","Deep Breath+1","Madness","Madness+1","Tantrum+1","Wallop+1","MentalFortress","FearNoEvil"],"relics":["PureWater","FossilizedHelix","Akabeko","Astrolabe","Whetstone","Anchor","Lantern","Ancient Tea Set","War Paint","Coffee Dripper","MealTicket","Strawberry","Omamori","Pen Nib","HornCleat"],"acts_visited":["Exordium","TheCity","TheBeyond","TheEnding"],"potions_floor_usage":[],"damage_taken":[{"damage":0.0,"enemies":"Cultist","floor":1.0,"turns":3.0},{"damage":0.0,"enemies":"Small Slimes","floor":2.0,"turns":3.0},{"damage":0.0,"enemies":"Jaw Worm","floor":3.0,"turns":4.0},{"damage":0.0,"enemies":"Looter","floor":5.0,"turns":1.0},{"damage":8.0,"enemies":"Gremlin Nob","floor":7.0,"turns":3.0},{"damage":0.0,"enemies":"Exordium Thugs","floor":8.0,"turns":1.0},{"damage":0.0,"enemies":"Large Slime","floor":10.0,"turns":3.0},{"damage":0.0,"enemies":"Blue Slaver","floor":13.0,"turns":1.0},{"damage":0.0,"enemies":"3 Louse","floor":14.0,"turns":2.0},{"damage":33.0,"enemies":"The Guardian","floor":16.0,"turns":13.0},{"damage":4.0,"enemies":"Shell Parasite","floor":18.0,"turns":3.0},{"damage":0.0,"enemies":"Spheric Guardian","floor":19.0,"turns":3.0},{"damage":12.0,"enemies":"Snecko","floor":20.0,"turns":7.0},{"damage":14.0,"enemies":"Slavers","floor":23.0,"turns":2.0},{"damage":32.0,"enemies":"Book of Stabbing","floor":25.0,"turns":4.0},{"damage":0.0,"enemies":"Chosen and Byrds","floor":27.0,"turns":1.0},{"damage":0.0,"enemies":"Gremlin Leader","floor":28.0,"turns":6.0},{"damage":0.0,"enemies":"Centurion and Healer","floor":29.0,"turns":5.0},{"damage":14.0,"enemies":"Book of Stabbing","floor":30.0,"turns":3.0},{"damage":10.0,"enemies":"Champ","floor":33.0,"turns":11.0},{"damage":0.0,"enemies":"3 Shapes","floor":35.0,"turns":6.0},{"damage":0.0,"enemies":"3 Darklings","floor":36.0,"turns":4.0},{"damage":0.0,"enemies":"Nemesis","floor":40.0,"turns":3.0},{"damage":20.0,"enemies":"Writhing Mass","floor":41.0,"turns":4.0},{"damage":0.0,"enemies":"Transient","floor":42.0,"turns":6.0},{"damage":0.0,"enemies":"4 Shapes","floor":44.0,"turns":3.0},{"damage":0.0,"enemies":"Reptomancer","floor":45.0,"turns":3.0},{"damage":0.0,"enemies":"Spire Growth","floor":46.0,"turns":2.0},{"damage":0.0,"enemies":"Giant Head","floor":47.0,"turns":6.0},{"damage":15.0,"enemies":"Time Eater","floor":50.0,"turns":7.0},{"damage":36.0,"enemies":"Shield and Spear","floor":54.0,"turns":5.0},{"damage":40,"enemies":"The Heart","floor":55,"turns":5}],"seed_played":"7661465829448999403","potions_obtained":[{"floor":7.0,"key":"SneckoOil"},{"floor":8.0,"key":"SpeedPotion"},{"floor":10.0,"key":"BlessingOfTheForge"},{"floor":16.0,"key":"Regen Potion"},{"floor":20.0,"key":"Explosive Potion"},{"floor":25.0,"key":"Dexterity Potion"},{"floor":27.0,"key":"Regen Potion"},{"floor":29.0,"key":"DuplicationPotion"},{"floor":30.0,"key":"Energy Potion"}],"is_trial":false,"path_per_floor":["M","M","M","?","M","R","E","M","T","M","R","$","M","M","R","B",null,"M","M","M","?","$","E","?","E","T","M","E","M","E","?","R","B",null,"M","M","?","?","$","E","M","M","T","M","E","M","E","$","R","B",null,"R","$","E","B"],"character_chosen":"WATCHER","items_purchased":["Ragnarok","MealTicket","MentalFortress","FearNoEvil"],"campfire_rested":1,"item_purchase_floors":[22,39,48,53],"current_hp_per_floor":[61,61,61,54,54,54,46,46,46,46,46,46,46,46,46,13,54,50,59,47,47,47,33,33,1,1,1,16,16,2,2,22,12,54,54,54,44,32,32,39,19,19,19,19,19,19,19,34,34,19,61,61,75,39,0,0],"gold":50,"neow_bonus":"THREE_RARE_CARDS","is_daily":false,"chose_seed":false,"campfire_upgraded":4,"win_rate":0.0,"timestamp":1612835802,"path_taken":["M","M","?","?","M","R","E","M","T","M","R","$","M","M","R","BOSS","M","M","M","?","$","E","?","E","T","M","E","?","E","?","R","BOSS","M","M","?","?","$","E","M","M","T","M","E","M","E","$","R","BOSS","R","$","E","BOSS"],"items_purchased_type":["Card","Relic","Card","Card"],"build_version":"2020-12-22","purchased_purges":3,"victory":false,"max_hp_per_floor":[68,68,68,68,68,68,68,68,68,68,68,68,68,68,68,68,68,68,68,68,68,68,68,68,68,68,68,68,68,68,68,68,68,68,68,68,68,68,68,75,75,75,75,75,75,75,75,75,75,75,75,75,75,75,75,75],"card_choices":[{"not_picked":["ConjureBlade","SpiritShield"],"picked":"Judgement","floor":0.0},{"not_picked":["ClearTheMind","FlurryOfBlows"],"picked":"TalkToTheHand","floor":1.0},{"not_picked":["ForeignInfluence","Fasting2"],"picked":"Prostrate","floor":2.0},{"not_picked":["FlyingSleeves","Halt"],"picked":"FlurryOfBlows","floor":3.0},{"not_picked":["Evaluate","FollowUp"],"picked":"Blasphemy","floor":5.0},{"not_picked":["PathToVictory","Crescendo"],"picked":"Conclude","floor":7.0},{"not_picked":["SignatureMove","FollowUp","Consecrate"],"picked":"SKIP","floor":8.0},{"not_picked":["SignatureMove","BattleHymn"],"picked":"Wallop","floor":10.0},{"not_picked":["Meditate","Evaluate"],"picked":"BowlingBash","floor":13.0},{"not_picked":["Evaluate","Halt"],"picked":"InnerPeace","floor":14.0},{"not_picked":["MasterReality","DevaForm"],"picked":"LessonLearned","floor":16.0},{"not_picked":["FollowUp","LikeWater","WindmillStrike+1"],"picked":"SKIP","floor":18.0},{"not_picked":["Conclude+1","ThirdEye"],"picked":"Study+1","floor":19.0},{"not_picked":["PathToVictory","BowlingBash","Consecrate"],"picked":"SKIP","floor":20.0},{"not_picked":["EmptyFist","Halt"],"picked":"Crescendo","floor":23.0},{"not_picked":["Study","CarveReality"],"picked":"EmptyMind","floor":25.0},{"not_picked":["Halt","Sanctity","SignatureMove"],"picked":"SKIP","floor":27.0},{"not_picked":["PathToVictory","Weave","SandsOfTime"],"picked":"SKIP","floor":28.0},{"not_picked":["FlyingSleeves","Judgement","Halt+1"],"picked":"SKIP","floor":29.0},{"not_picked":["WreathOfFlame","ThirdEye+1","Crescendo"],"picked":"SKIP","floor":30.0},{"not_picked":["Devotion","Wish"],"picked":"MasterReality","floor":33.0},{"not_picked":["PathToVictory","CarveReality+1","WreathOfFlame+1"],"picked":"SKIP","floor":35.0},{"not_picked":["PathToVictory+1","Vengeance"],"picked":"WheelKick+1","floor":36.0},{"not_picked":["Forethought","Purity"],"picked":"Deep Breath","floor":37.0},{"not_picked":["Halt+1","SashWhip","BowlingBash"],"picked":"SKIP","floor":40.0},{"not_picked":["WheelKick","Protect+1","CrushJoints+1"],"picked":"SKIP","floor":41.0},{"not_picked":["SashWhip","WindmillStrike","SpiritShield"],"picked":"SKIP","floor":42.0},{"not_picked":["PathToVictory","ThirdEye+1"],"picked":"Tantrum+1","floor":44.0},{"not_picked":["DeceiveReality","Crescendo","Protect"],"picked":"SKIP","floor":45.0},{"not_picked":["Consecrate+1","Blasphemy"],"picked":"Wallop","floor":46.0},{"not_picked":["CrushJoints","Crescendo","BowlingBash"],"picked":"SKIP","floor":47.0},{"not_picked":["Protect","Swivel+1","FlurryOfBlows"],"picked":"SKIP","floor":54.0}],"player_experience":340343,"relics_obtained":[{"floor":7.0,"key":"FossilizedHelix"},{"floor":9.0,"key":"Akabeko"},{"floor":23.0,"key":"Whetstone"},{"floor":25.0,"key":"Anchor"},{"floor":26.0,"key":"Lantern"},{"floor":28.0,"key":"Ancient Tea Set"},{"floor":30.0,"key":"War Paint"},{"floor":40.0,"key":"Strawberry"},{"floor":45.0,"key":"Omamori"},{"floor":47.0,"key":"Pen Nib"},{"floor":54.0,"key":"HornCleat"}],"event_choices":[{"cards_removed":["Defend_P"],"damage_healed":0.0,"max_hp_gain":0.0,"max_hp_loss":0.0,"gold_gain":0.0,"event_name":"Golden Wing","player_choice":"Card Removal","floor":4.0,"gold_loss":0.0,"damage_taken":7.0},{"damage_healed":0.0,"max_hp_gain":0.0,"max_hp_loss":0.0,"gold_gain":0.0,"event_name":"Vampires","player_choice":"Ignored","floor":21.0,"gold_loss":0.0,"damage_taken":0.0},{"damage_healed":0.0,"max_hp_gain":0.0,"max_hp_loss":0.0,"gold_gain":0.0,"event_name":"Match and Keep!","player_choice":"1 cards matched","floor":24.0,"gold_loss":0.0,"damage_taken":0.0,"cards_obtained":["DeusExMachina"]},{"damage_healed":0.0,"max_hp_gain":0.0,"max_hp_loss":0.0,"gold_gain":0.0,"event_name":"The Mausoleum","player_choice":"Ignored","floor":31.0,"gold_loss":0.0,"damage_taken":0.0},{"damage_healed":0.0,"max_hp_gain":0.0,"max_hp_loss":0.0,"gold_gain":0.0,"event_name":"SensoryStone","player_choice":"Memory 3","floor":37.0,"gold_loss":0.0,"damage_taken":10.0},{"damage_healed":0.0,"max_hp_gain":0.0,"max_hp_loss":0.0,"gold_gain":0.0,"event_name":"Winding Halls","player_choice":"Embrace Madness","floor":38.0,"gold_loss":0.0,"damage_taken":12.0,"cards_obtained":["Madness","Madness"]}],"is_beta":false,"boss_relics":[{"not_picked":["Tiny House","Calling Bell"],"picked":"Astrolabe"},{"not_picked":["Snecko Eye","Velvet Choker"],"picked":"Coffee Dripper"}],"items_purged_floors":[12,22,48],"is_endless":false,"potions_floor_spawned":[7,8,10,13,16,18,20,25,27,29,30,35,44,46],"killed_by":"The Heart","ascension_level":17}}