{"host":"uv5ws9rdk87e8i5k","time":1612832342,"event":{"mods":["AchievementEnabler","BaseMod","Colored Map","Minty Spire (QoL Compilation)","Permanent Neow","Quick Restart","StSLib","SuperFastMode","The Necromancer"],"gold_per_floor":[112,123,72,87,87,122,122,139,139,139,168,178,23,52,52,52,52],"floor_reached":16,"language":"ENG","playtime":349,"items_purged":[],"score":225,"play_id":"632e1e03-8b62-4dd6-a066-867a74356cfc","local_time":"20210208185902","is_ascension_mode":true,"campfire_choices":[{"floor":7,"key":"REST"},{"floor":10,"key":"REST"},{"data":"A Thousand Cuts","floor":15,"key":"SMITH"}],"circlet_count":0,"master_deck":["AscendersBane","Strike_G","Strike_G","Strike_G","Strike_G","Strike_G","Defend_G","Defend_G","Defend_G","Defend_G","Defend_G","Survivor","Neutralize","All Out Attack","Backflip","Backstab","Dagger Spray","A Thousand Cuts+1","Backstab","Backflip"],"relics":["Ring of the Snake","Thread and Needle","Potion Belt","Matryoshka","Calipers","Tiny Chest","Boot"],"acts_visited":["Exordium"],"potions_floor_usage":[6,8,11,14,16],"damage_taken":[{"damage":0,"enemies":"Cultist","floor":1,"turns":5},{"damage":0,"enemies":"Jaw Worm","floor":2,"turns":4},{"damage":0,"enemies":"Small Slimes","floor":4,"turns":4},{"damage":28,"enemies":"Gremlin Nob","floor":6,"turns":5},{"damage":0,"enemies":"2 Fungi Beasts","floor":8,"turns":2},{"damage":17,"enemies":"Lagavulin","floor":11,"turns":9},{"damage":2,"enemies":"Blue Slaver","floor":12,"turns":4},{"damage":0,"enemies":"3 Sentries","floor":14,"turns":4},{"damage":5,"enemies":"Hexaghost","floor":16,"turns":7}],"seed_played":"4456539765268460185","potions_obtained":[{"floor":1,"key":"PowerPotion"},{"floor":6,"key":"Explosive Potion"},{"floor":11,"key":"Strength Potion"},{"floor":14,"key":"PowerPotion"}],"is_trial":false,"path_per_floor":["M","M","$","M","?","E","R","M","T","R","E","M","$","E","R","B"],"character_chosen":"THE_SILENT","items_purchased":["PowerPotion","Tiny Chest"],"campfire_rested":2,"item_purchase_floors":[3,13],"current_hp_per_floor":[45,45,45,45,45,17,38,38,38,59,42,40,40,40,40,35,35],"gold":52,"neow_bonus":"ONE_RARE_RELIC","is_daily":false,"chose_seed":false,"campfire_upgraded":1,"win_rate":0.0,"timestamp":1612832342,"path_taken":["M","M","?","M","?","E","R","M","T","R","E","M","?","E","R","BOSS"],"items_purchased_type":["Potion","Relic"],"build_version":"2020-12-22","purchased_purges":0,"victory":false,"max_hp_per_floor":[70,70,70,70,70,70,70,70,70,70,70,70,70,70,70,70,70],"card_choices":[{"not_picked":["Underhanded Strike","Bane","Dodge and Roll"],"picked":"SKIP","floor":1},{"not_picked":["Outmaneuver","Flechettes"],"picked":"All Out Attack","floor":2},{"not_picked":["Slice","Setup"],"picked":"Backflip","floor":4},{"not_picked":["All Out Attack","Underhanded Strike"],"picked":"Backstab","floor":6},{"not_picked":["Concentrate","Deflect"],"picked":"Dagger Spray","floor":8},{"not_picked":["Underhanded Strike","Deflect"],"picked":"A Thousand Cuts","floor":11},{"not_picked":["Blade Dance","Sucker Punch"],"picked":"Backstab","floor":12},{"not_picked":["Poisoned Stab","Bouncing Flask"],"picked":"Backflip","floor":14}],"player_experience":272871,"relics_obtained":[{"floor":6,"key":"Potion Belt"},{"floor":9,"key":"Matryoshka"},{"floor":11,"key":"Calipers"},{"floor":14,"key":"Boot"}],"event_choices":[{"damage_healed":0,"gold_gain":0,"player_choice":"Ignored","damage_taken":0,"max_hp_gain":0,"max_hp_loss":0,"event_name":"Liars Game","floor":5,"gold_loss":0}],"is_beta":false,"boss_relics":[],"items_purged_floors":[],"is_endless":false,"potions_floor_spawned":[1,6,11,14],"killed_by":"Hexaghost","ascension_level":11}}