{"host":"hkwcbm4a2xrenbef","time":1612850527,"event":{"mods":["2.2 Compatiblity","Act Like it!","BaseMod","Bestiary","Colored Map","Googly Eyes","Highlight Path","Marisa????????","Minty Spire (QoL Compilation)","Quick Restart","Relic Stats","Remilia_Scarlet Moed?????·?????3.3.5","Remilia??????","Spire Arcade","StSLib","The Marked"],"gold_per_floor":[118,31,51,70,70,70,101,101,101,116,129,147,167,167,167,265,265,281,196,3,3,3,3,3,3,26,26,26,26,26],"floor_reached":29,"language":"ENG","playtime":5201,"items_purged":["RemiliaMod:Scratch"],"score":346,"play_id":"e16ec6bc-ea84-47e0-a04e-ba305cd9116e","local_time":"20210209010207","is_ascension_mode":false,"campfire_choices":[{"data":"RemiliaMod:CNLCSZL","floor":6.0,"key":"SMITH"},{"data":"RemiliaMod:CPXRNL","floor":8.0,"key":"SMITH"},{"data":"RemiliaMod:CMADBY","floor":15,"key":"SMITH"},{"data":"Dark Shackles","floor":23,"key":"SMITH"},{"data":"Bite","floor":25,"key":"SMITH"},{"data":"RemiliaMod:CPHwYb","floor":27,"key":"SMITH"}],"circlet_count":0,"master_deck":["RemiliaMod:Defend","RemiliaMod:Defend","RemiliaMod:Defend","RemiliaMod:Defend","RemiliaMod:CNLCSZL+1","RemiliaMod:CDB","RemiliaMod:CJNXRFZ","RemiliaMod:CMABianfuzhen","RemiliaMod:CPZQ+1","RemiliaMod:CPXRNL+1","RemiliaMod:CPZQ","RemiliaMod:CDB","RemiliaMod:CMADBY+1","RemiliaMod:CPHwYb+1","RemiliaMod:CFHGJ","Discovery","Dark Shackles+1","Bite","Bite","Bite","Bite","Bite+1","Normality"],"relics":["RemiliaMod:RXiangDui","RemiliaMod:RFkXt","RemiliaMod:RWYXT","Juzu Bracelet","Ornamental Fan","Matryoshka","Philosopher\u0027s Stone","Du-Vu Doll","Membership Card","Centennial Puzzle","MealTicket"],"acts_visited":["Exordium","TheCity"],"potions_floor_usage":[],"damage_taken":[{"damage":0.0,"enemies":"Cultist","floor":1.0,"turns":3.0},{"damage":0.0,"enemies":"2 Louse","floor":3.0,"turns":3.0},{"damage":0.0,"enemies":"Small Slimes","floor":4.0,"turns":4.0},{"damage":0.0,"enemies":"Lagavulin","floor":7.0,"turns":3.0},{"damage":8.0,"enemies":"Exordium Thugs","floor":10.0,"turns":5.0},{"damage":10.0,"enemies":"Blue Slaver","floor":11.0,"turns":5.0},{"damage":26,"enemies":"Lots of Slimes","floor":12,"turns":5},{"damage":25,"enemies":"3 Louse","floor":13,"turns":4},{"damage":0,"enemies":"Slime Boss","floor":16,"turns":3},{"damage":7,"enemies":"Chosen","floor":18,"turns":5},{"damage":0,"enemies":"2 Thieves","floor":29,"turns":1}],"seed_played":"-5956237641300805549","potions_obtained":[{"floor":4.0,"key":"Energy Potion"},{"floor":10.0,"key":"SpeedPotion"},{"floor":11,"key":"Fire Potion"}],"is_trial":false,"path_per_floor":["M","$","M","M","?","R","E","R","T","M","M","M","M","?","R","B",null,"M","?","$","?","?","R","?","R","T","R","?","M"],"character_chosen":"Remilia_Scarlet_Modee","items_purchased":["RemiliaMod:CMPA","RemiliaMod:CJNXRFZ","Membership Card"],"campfire_rested":0,"item_purchase_floors":[2,2,20],"current_hp_per_floor":[82,82,82,82,82,82,82,82,82,79,79,54,30,30,30,40,82,78,78,78,78,59,59,57,57,57,57,57,57,57],"gold":26,"neow_bonus":"TEN_PERCENT_HP_BONUS","is_daily":false,"chose_seed":false,"campfire_upgraded":6,"win_rate":0.0,"timestamp":1612850527,"path_taken":["M","?","M","M","?","R","E","R","T","M","M","M","M","?","R","BOSS","M","?","$","?","?","R","?","R","T","R","?","M"],"items_purchased_type":["Card","Card","Relic"],"build_version":"2020-12-22","purchased_purges":1,"victory":false,"max_hp_per_floor":[82,82,82,82,82,82,82,82,82,82,82,82,82,82,82,82,82,82,82,82,82,82,82,57,57,57,57,57,57,57],"relic_stats":{"Centennial Puzzle":[0],"counters":[11,41],"Ornamental Fan":[36],"MealTicket":0,"Juzu Bracelet":2,"obtain_stats":[{"Du-Vu Doll":19,"Centennial Puzzle":26,"Matryoshka":9,"Ornamental Fan":7,"RemiliaMod:RWYXT":0,"RemiliaMod:RFkXt":0,"Philosopher\u0027s Stone":17,"MealTicket":26,"Juzu Bracelet":0,"Membership Card":20,"RemiliaMod:RXiangDui":0},{"Du-Vu Doll":10,"Centennial Puzzle":10,"Matryoshka":4,"Ornamental Fan":4,"RemiliaMod:RWYXT":0,"RemiliaMod:RFkXt":0,"Philosopher\u0027s Stone":9,"MealTicket":10,"Juzu Bracelet":0,"Membership Card":10,"RemiliaMod:RXiangDui":0},{"Du-Vu Doll":40,"Centennial Puzzle":40,"Matryoshka":13,"Ornamental Fan":13,"RemiliaMod:RWYXT":0,"RemiliaMod:RFkXt":0,"Philosopher\u0027s Stone":35,"MealTicket":40,"Juzu Bracelet":0,"Membership Card":40,"RemiliaMod:RXiangDui":0}]},"card_choices":[{"not_picked":["RemiliaMod:CJNLLFZ","RemiliaMod:CPFWZL"],"picked":"RemiliaMod:CDB","floor":1.0},{"not_picked":["RemiliaMod:CPFPDLL","RemiliaMod:CXXSJ"],"picked":"RemiliaMod:CMABianfuzhen","floor":3.0},{"not_picked":["RemiliaMod:CDB","RemiliaMod:CJNWYXD2"],"picked":"RemiliaMod:CPZQ","floor":4.0},{"not_picked":["RemiliaMod:CMADc","RemiliaMod:CDB"],"picked":"RemiliaMod:CPXRNL","floor":7.0},{"not_picked":["RemiliaMod:CZXSJ","RemiliaMod:CJDB"],"picked":"RemiliaMod:CPZQ","floor":10.0},{"not_picked":["RemiliaMod:CJDB","RemiliaMod:CPXRNL"],"picked":"RemiliaMod:CMPB","floor":11},{"not_picked":["RemiliaMod:CJDB","RemiliaMod:CD6B"],"picked":"RemiliaMod:CDB","floor":12},{"not_picked":["RemiliaMod:CPFWZL","RemiliaMod:CPXRNL"],"picked":"RemiliaMod:CMPA","floor":13},{"not_picked":["RemiliaMod:CGJM","RemiliaMod:CJNWYXD3"],"picked":"RemiliaMod:CPHwYb","floor":16},{"not_picked":["RemiliaMod:CJNWYXD2+1","RemiliaMod:CFPLL"],"picked":"RemiliaMod:CMPA+1","floor":18}],"player_experience":62080,"relics_obtained":[{"floor":7.0,"key":"Ornamental Fan"},{"floor":9.0,"key":"Matryoshka"},{"floor":26,"key":"Centennial Puzzle"},{"floor":26,"key":"MealTicket"}],"event_choices":[{"damage_healed":0.0,"max_hp_gain":0.0,"max_hp_loss":0.0,"gold_gain":0.0,"event_name":"Living Wall","player_choice":"Grow","floor":5.0,"gold_loss":0.0,"damage_taken":0.0,"cards_upgraded":["RemiliaMod:CPZQ"]},{"damage_healed":0,"gold_gain":0,"cards_transformed":["RemiliaMod:Scratch"],"player_choice":"Transformed","damage_taken":0,"max_hp_gain":0,"max_hp_loss":0,"event_name":"Transmorgrifier","floor":14,"gold_loss":0,"cards_obtained":["RemiliaMod:CMADBY"]},{"damage_healed":0,"gold_gain":0,"player_choice":"Obtained Relic","damage_taken":0,"relics_obtained":["Du-Vu Doll"],"max_hp_gain":0,"max_hp_loss":0,"event_name":"Addict","floor":19,"gold_loss":85},{"damage_healed":0,"gold_gain":0,"player_choice":"Read","damage_taken":0,"max_hp_gain":0,"max_hp_loss":0,"event_name":"The Library","floor":21,"gold_loss":0,"cards_obtained":["RemiliaMod:CFHGJ"]},{"damage_healed":0,"gold_gain":0,"player_choice":"CARD CARD ","damage_taken":19,"max_hp_gain":0,"max_hp_loss":0,"event_name":"Knowing Skull","floor":22,"potions_obtained":[],"gold_loss":0,"cards_obtained":["Discovery","Dark Shackles"]},{"damage_healed":0,"gold_gain":0,"player_choice":"Became a vampire","damage_taken":0,"max_hp_gain":0,"max_hp_loss":25,"event_name":"Vampires","floor":24,"gold_loss":0,"cards_obtained":["Bite","Bite","Bite","Bite","Bite"]}],"is_beta":false,"boss_relics":[{"not_picked":["Calling Bell","Runic Dome"],"picked":"Philosopher\u0027s Stone"}],"items_purged_floors":[20],"is_endless":false,"potions_floor_spawned":[4,10,11,12,13,16,18],"killed_by":"2 Thieves","ascension_level":0}}