{"host":"vhvubw4jk4f204qs","time":1612894876,"event":{"mods":["AchievementEnabler","BaseMod","DeckTracker","GifTheSpireLib","Googly Eyes","Minty Spire (QoL Compilation)","Permanent Neow","Quick Restart","StSLib","SuperFastMode","The IronCluck","slay the spire mod where everything is the same but ironclad has a cowboy hat"],"gold_per_floor":[109,128,58,58,58,96,117,161,161,161,161,161,161],"floor_reached":12,"language":"ENG","playtime":419,"items_purged":[],"score":120,"play_id":"a25983ef-4afa-4006-b34a-865db9bb7e8a","local_time":"20210209132116","is_ascension_mode":true,"campfire_choices":[{"data":"Warcry","floor":10,"key":"SMITH"}],"circlet_count":0,"master_deck":["Strike_R","Strike_R","Strike_R","Strike_R","Strike_R","Defend_R","Defend_R","Defend_R","Defend_R","Bash","Spot Weakness","Thunderclap","Sword Boomerang","Warcry+1","Sword Boomerang","Twin Strike"],"relics":["Burning Blood","Unceasing Top","Golden Idol","Bird Faced Urn","The Courier","Pear","Pocketwatch"],"acts_visited":["Exordium"],"potions_floor_usage":[6,8],"damage_taken":[{"damage":5,"enemies":"Cultist","floor":1,"turns":5},{"damage":0,"enemies":"Small Slimes","floor":2,"turns":3},{"damage":30,"enemies":"3 Sentries","floor":6,"turns":6},{"damage":7,"enemies":"Jaw Worm","floor":7,"turns":3},{"damage":28,"enemies":"Gremlin Nob","floor":8,"turns":4},{"damage":0,"enemies":"Lagavulin","floor":12,"turns":1}],"seed_played":"7607600311156138284","potions_obtained":[{"floor":1,"key":"LiquidMemories"},{"floor":6,"key":"PowerPotion"}],"is_trial":false,"path_per_floor":["M","M","$","?","?","E","M","E","T","R","?","E"],"character_chosen":"IRONCLAD","items_purchased":["Sword Boomerang","Warcry"],"campfire_rested":0,"item_purchase_floors":[3,3],"current_hp_per_floor":[52,58,58,58,63,39,38,18,28,28,16,16,16],"gold":161,"neow_bonus":"ONE_RARE_RELIC","is_daily":false,"chose_seed":false,"campfire_upgraded":1,"win_rate":0.0,"timestamp":1612894876,"path_taken":["M","M","$","?","?","E","M","E","T","R","?","E"],"items_purchased_type":["Card","Card"],"build_version":"2020-12-22","purchased_purges":0,"victory":false,"max_hp_per_floor":[80,80,80,74,79,79,79,79,89,89,89,89,89],"card_choices":[{"not_picked":["Armaments","Blood for Blood"],"picked":"Spot Weakness","floor":1},{"not_picked":["Disarm","Havoc"],"picked":"Thunderclap","floor":2},{"not_picked":["Feel No Pain","Havoc"],"picked":"Sword Boomerang","floor":6},{"not_picked":["Headbutt","Sever Soul"],"picked":"Twin Strike","floor":7},{"not_picked":["Armaments","Metallicize","Fire Breathing"],"picked":"SKIP","floor":8}],"player_experience":781701,"relics_obtained":[{"floor":6,"key":"Bird Faced Urn"},{"floor":8,"key":"The Courier"},{"floor":9,"key":"Pear"}],"event_choices":[{"damage_healed":0,"gold_gain":0,"player_choice":"Lose Max HP","damage_taken":0,"relics_obtained":["Golden Idol"],"max_hp_gain":0,"max_hp_loss":6,"event_name":"Golden Idol","floor":4,"gold_loss":0},{"damage_healed":0,"gold_gain":0,"player_choice":"Donut","damage_taken":0,"max_hp_gain":5,"max_hp_loss":0,"event_name":"Big Fish","floor":5,"gold_loss":0},{"damage_healed":0,"gold_gain":0,"player_choice":"Success","damage_taken":12,"relics_obtained":["Pocketwatch"],"max_hp_gain":0,"max_hp_loss":0,"event_name":"Scrap Ooze","floor":11,"gold_loss":0}],"is_beta":false,"boss_relics":[],"items_purged_floors":[],"is_endless":false,"potions_floor_spawned":[1,6],"killed_by":"Lagavulin","ascension_level":8}}