{"host":"pe2q1tocp309rrg9","time":1612860688,"event":{"mods":["2.2 Compatiblity","BaseMod","BetterRewards","Downfall","Ekko","Gremlin Mod","Hermit","Jorbs\u0027s Wanderer Trilogy","Minty Spire (QoL Compilation)","Quick Restart","Rare Cards Sparkle","Replay The Spire","StSLib","The Blue Laboratory","The Construct","The Hierophant","Uncapped"],"gold_per_floor":[114,134,134,221,74,105,119,137,137,13,13,13,26,46,46,150,150,165,176,192,210,103,103,130,130,199,56,87,87,110,132,132,136,136],"floor_reached":33,"language":"ENG","playtime":1016,"items_purged":["downfall:Malfunctioning"],"score":310,"play_id":"aa793239-408a-45ce-9178-848018ffc66a","local_time":"20210209025128","is_ascension_mode":true,"campfire_choices":[{"floor":11,"key":"REST"},{"floor":15,"key":"REST"},{"floor":23,"key":"REST"},{"floor":32,"key":"REST"}],"circlet_count":0,"master_deck":["Strike_B","Strike_B","Strike_B","Strike_B","Defend_B","Defend_B","Defend_B","Defend_B","Zap+1","Dualcast","ReplayGash","ReplayTheSpireMod:Calculation Training+1","ReplayTheSpireMod:Splinters","Gash","Stack","Leap","BootSequence","Sunder","Sweeping Beam","Doom and Gloom","Sunder","Self Repair+1","Sweeping Beam","Biased Cognition+1","BasicCrystalCard","Machine Learning+1","Ball Lightning+1","Lockon+1","Skim+1","Turbo","Defragment+1","Sunder","Ball Lightning+1","Crystallizer+1","Buffer+1","Cold Snap+1","Turbo+1"],"relics":["Cracked Core","Sundial","Frozen Egg 2","Orichalcum","construct:ClawGrip","Replay:Bandana","Potion Belt","ReplayTheSpireMod:Ninjato"],"acts_visited":["Exordium","TheCity"],"potions_floor_usage":[6,33,33],"damage_taken":[{"damage":1.0,"enemies":"Jaw Worm","floor":1.0,"turns":3.0},{"damage":2.0,"enemies":"Small Slimes","floor":2.0,"turns":3.0},{"damage":39,"enemies":"3 Sentries","floor":6,"turns":8},{"damage":0,"enemies":"2 Louse","floor":7,"turns":3},{"damage":9,"enemies":"Exordium Thugs","floor":8,"turns":4},{"damage":0,"enemies":"3 Louse","floor":13,"turns":3},{"damage":4,"enemies":"Gremlin Gang","floor":14,"turns":4},{"damage":32,"enemies":"Fading Forest","floor":16,"turns":11},{"damage":11,"enemies":"Shell Parasite","floor":18,"turns":5},{"damage":3,"enemies":"Spheric Guardian","floor":19,"turns":3},{"damage":14,"enemies":"Snake Plant","floor":20,"turns":4},{"damage":26,"enemies":"Centurion and Healer","floor":21,"turns":5},{"damage":19,"enemies":"Replay:Snechameleon","floor":24,"turns":5},{"damage":31,"enemies":"Sentry and Sphere","floor":28,"turns":5},{"damage":32,"enemies":"Snake Plant","floor":30,"turns":5},{"damage":0,"enemies":"Snecko","floor":31,"turns":4},{"damage":35,"enemies":"Pondfish","floor":33,"turns":8}],"seed_played":"-3167929851467496201","potions_obtained":[{"floor":1.0,"key":"EssenceOfSteel"},{"floor":2.0,"key":"hexamod:SoulburnPotion"},{"floor":7,"key":"blueLaboratory:FrostheartPotion"},{"floor":16,"key":"blueLaboratory:BiasPotion"}],"is_trial":false,"path_per_floor":["M","M","?","?","$","E","M","M","T","$","R","?","M","M","R","B",null,"M","M","M","M","$","R","E","?","T","$","M","?","M","M","R","B"],"character_chosen":"DEFECT","items_purchased":["BootSequence","Sunder","Self Repair+1","Sweeping Beam","Defragment+1","Sunder","Crystallizer+1"],"campfire_rested":4,"item_purchase_floors":[5,5,10,10,22,22,27],"current_hp_per_floor":[74,72,72,72,72,33,33,24,24,24,46,39,49,45,67,55,75,74,75,71,55,55,75,66,66,66,66,45,45,13,13,35,0,0],"gold":136,"neow_bonus":"UPGRADE_CARD","is_daily":false,"chose_seed":false,"campfire_upgraded":0,"win_rate":0.0,"timestamp":1612860688,"path_taken":["M","M","?","?","$","E","M","M","T","$","R","?","M","M","R","BOSS","M","M","M","M","$","R","E","?","T","$","M","?","?","M","R","BOSS"],"items_purchased_type":["Card","Card","Card","Card","Card","Card","Card"],"build_version":"2020-12-22","purchased_purges":1,"victory":false,"max_hp_per_floor":[75,75,75,75,75,75,75,75,75,75,75,75,75,75,75,75,75,75,75,75,75,75,75,75,75,75,75,75,75,75,75,75,75,75],"card_choices":[{"not_picked":["Recycle","Leap"],"picked":"ReplayGash","floor":1.0},{"not_picked":["Steam","Rebound"],"picked":"ReplayTheSpireMod:Omega Cannon","floor":2.0},{"not_picked":["FTL","Undo"],"picked":"Gash","floor":4.0},{"not_picked":["Compile Driver","White Noise"],"picked":"Stack","floor":4.0},{"not_picked":["Fusion","Barrage"],"picked":"Leap","floor":4.0},{"not_picked":["Conserve Battery","Ball Lightning"],"picked":"Sweeping Beam","floor":6},{"not_picked":["Hologram","Beam Cell"],"picked":"Doom and Gloom","floor":7},{"not_picked":["Barrage","Go for the Eyes"],"picked":"Sunder","floor":8},{"not_picked":["Ball Lightning","Beam Cell"],"picked":"Biased Cognition+1","floor":13},{"not_picked":["Melter","Ball Lightning"],"picked":"BasicCrystalCard","floor":14},{"not_picked":["Seek","All For One"],"picked":"Machine Learning+1","floor":16},{"not_picked":["Leap","Steam"],"picked":"Ball Lightning+1","floor":18},{"not_picked":["Tempest","Hello World+1"],"picked":"Lockon+1","floor":19},{"not_picked":["Streamline","Panic Button"],"picked":"Skim+1","floor":20},{"not_picked":["Heatsinks+1","Stack"],"picked":"Turbo","floor":21},{"not_picked":["Turbo","Blizzard"],"picked":"Ball Lightning+1","floor":24},{"not_picked":["Cold Snap","Hologram"],"picked":"Buffer+1","floor":28},{"not_picked":["Steam","ReplaySort"],"picked":"Cold Snap+1","floor":30},{"not_picked":["Chaos+1","Steam"],"picked":"Turbo+1","floor":31}],"player_experience":706998,"relics_obtained":[{"floor":6,"key":"Sundial"},{"floor":9,"key":"Frozen Egg 2"},{"floor":24,"key":"Replay:Bandana"},{"floor":26,"key":"ReplayTheSpireMod:Ninjato"}],"event_choices":[{"damage_healed":0,"gold_gain":0,"player_choice":"Success","damage_taken":7,"relics_obtained":["Orichalcum"],"max_hp_gain":0,"max_hp_loss":0,"event_name":"Scrap Ooze","floor":12,"gold_loss":0},{"damage_healed":0,"gold_gain":0,"player_choice":"Ignored","damage_taken":0,"max_hp_gain":0,"max_hp_loss":0,"event_name":"Transmorgrifier","floor":29,"gold_loss":0}],"is_beta":false,"boss_relics":[{"not_picked":["Replay:Bronze Core","Abe\u0027s Treasure"],"picked":"construct:ClawGrip"}],"items_purged_floors":[27],"is_endless":false,"potions_floor_spawned":[1,2,7,16,18,19,24],"killed_by":"Pondfish","ascension_level":1}}