{"host":"xsuxkwaivmtd234a","time":1612879120,"event":{"mods":["BaseMod","Colored Map","Filter the Spire","Minty Spire (QoL Compilation)","Relic Stats","StSLib"],"gold_per_floor":[110,127,18,18,31,64,64,89,89,114,132,152,252,271,271,371,371,353,368,368,368,368,368,39,89,89,89,20,20,20,20],"floor_reached":30,"language":"ENG","playtime":1248,"items_purged":["Strike_R","Infernal Blade"],"score":398,"play_id":"b04e84bd-e332-4d2b-a50c-f81a13dfe9ca","local_time":"20210209085840","is_ascension_mode":true,"campfire_choices":[{"floor":15.0,"key":"REST"},{"data":"Armaments","floor":23.0,"key":"SMITH"}],"circlet_count":0,"master_deck":["Bash","Barricade","Battle Trance","Clothesline","Combust","Hemokinesis","Corruption","Entrench","Dual Wield","Entrench","Shrug It Off","Impervious","Clothesline","Sword Boomerang","Flame Barrier","Body Slam","Armaments+1","Rupture","Pommel Strike","Wild Strike+1","Uppercut","Feed+1"],"relics":["Burning Blood","Lantern","WarpedTongs","Question Card","Potion Belt","Pandora\u0027s Box","Bag of Marbles","Molten Egg 2","Bottled Flame","Nloth\u0027s Gift"],"acts_visited":["Exordium","TheCity"],"potions_floor_usage":[25],"damage_taken":[{"damage":6.0,"enemies":"Cultist","floor":1.0,"turns":3.0},{"damage":14.0,"enemies":"Jaw Worm","floor":2.0,"turns":3.0},{"damage":4.0,"enemies":"Small Slimes","floor":5.0,"turns":4.0},{"damage":28.0,"enemies":"Gremlin Nob","floor":6.0,"turns":4.0},{"damage":13.0,"enemies":"Lagavulin","floor":8.0,"turns":7.0},{"damage":31.0,"enemies":"Gremlin Nob","floor":10.0,"turns":4.0},{"damage":26.0,"enemies":"Exordium Thugs","floor":11.0,"turns":5.0},{"damage":13.0,"enemies":"3 Louse","floor":12.0,"turns":3.0},{"damage":13.0,"enemies":"Blue Slaver","floor":14.0,"turns":2.0},{"damage":41.0,"enemies":"Slime Boss","floor":16.0,"turns":12.0},{"damage":32.0,"enemies":"2 Thieves","floor":18.0,"turns":4.0},{"damage":35.0,"enemies":"Shell Parasite","floor":19.0,"turns":5.0},{"damage":0.0,"enemies":"Cultist and Chosen","floor":20.0,"turns":1.0},{"damage":37,"enemies":"Gremlin Leader","floor":25,"turns":8},{"damage":28,"enemies":"Book of Stabbing","floor":30,"turns":4}],"seed_played":"-377508004236666856","potions_obtained":[{"floor":2.0,"key":"FairyPotion"},{"floor":8.0,"key":"DuplicationPotion"},{"floor":12.0,"key":"CultistPotion"},{"floor":14.0,"key":"Weak Potion"},{"floor":16.0,"key":"SmokeBomb"},{"floor":18.0,"key":"Regen Potion"},{"floor":19.0,"key":"ColorlessPotion"}],"is_trial":false,"path_per_floor":["M","M","$","?","M","E","?","E","T","E","M","M","?","M","R","B",null,"M","M","M","?","?","R","$","E","T","?","$","?","E"],"character_chosen":"IRONCLAD","items_purchased":["Combust","Uppercut","Bag of Marbles","Feed+1"],"campfire_rested":1,"item_purchase_floors":[3,24,24,28],"current_hp_per_floor":[80,72,72,77,79,57,57,50,50,25,31,24,24,17,42,7,66,40,25,31,31,59,59,59,28,28,28,28,28,0,0],"gold":20,"neow_bonus":"ONE_RANDOM_RARE_CARD","is_daily":false,"chose_seed":false,"campfire_upgraded":1,"win_rate":0.0,"timestamp":1612879120,"path_taken":["M","M","$","?","M","E","?","E","T","E","?","M","?","?","R","BOSS","M","M","M","?","?","R","$","E","T","?","?","?","E"],"items_purchased_type":["Card","Card","Relic","Card"],"build_version":"2020-12-22","purchased_purges":2,"victory":false,"max_hp_per_floor":[80,80,80,85,85,85,85,85,85,85,85,85,85,85,85,85,85,85,85,85,85,85,85,85,85,85,85,85,85,85,85],"relic_stats":{"counters":[15,69],"Pandora\u0027s Box":["Clothesline","Sword Boomerang","Flame Barrier","Body Slam","Armaments","Rupture","Pommel Strike","Infernal Blade"],"Nloth\u0027s Gift":0,"Question Card":8,"obtain_stats":[{"Potion Belt":10,"Lantern":6,"Bottled Flame":26,"Pandora\u0027s Box":17,"Molten Egg 2":25,"Bag of Marbles":24,"Nloth\u0027s Gift":29,"Letter Opener":8,"Question Card":9,"Burning Blood":0,"WarpedTongs":7},{"Potion Belt":6,"Lantern":4,"Bottled Flame":14,"Pandora\u0027s Box":10,"Molten Egg 2":14,"Bag of Marbles":13,"Nloth\u0027s Gift":14,"Letter Opener":5,"Question Card":5,"Burning Blood":0,"WarpedTongs":4},{"Potion Belt":25,"Lantern":14,"Bottled Flame":65,"Pandora\u0027s Box":47,"Molten Egg 2":65,"Bag of Marbles":57,"Nloth\u0027s Gift":65,"Letter Opener":21,"Question Card":21,"Burning Blood":0,"WarpedTongs":14}],"Burning Blood":84,"WarpedTongs":[55]},"card_choices":[{"not_picked":["Armaments","Havoc"],"picked":"Battle Trance","floor":1.0},{"not_picked":["Anger","Intimidate"],"picked":"Clothesline","floor":2.0},{"not_picked":["Flex","Clothesline"],"picked":"Hemokinesis","floor":5.0},{"not_picked":["True Grit","Bloodletting"],"picked":"Corruption","floor":6.0},{"not_picked":["Rage","Sentinel","Havoc"],"picked":"SKIP","floor":8.0},{"not_picked":["Body Slam","Flex","Iron Wave"],"picked":"Entrench","floor":10.0},{"not_picked":["Anger","Sword Boomerang","Intimidate"],"picked":"Dual Wield","floor":11.0},{"not_picked":["Battle Trance","Carnage","Disarm"],"picked":"Entrench","floor":12.0},{"not_picked":["Wild Strike","Heavy Blade","Sever Soul"],"picked":"Shrug It Off","floor":14.0},{"not_picked":["Fiend Fire","Immolate","Brutality"],"picked":"Impervious","floor":16.0},{"not_picked":["Clash","Searing Blow","Dark Embrace+1"],"picked":"Wild Strike+1","floor":18.0},{"not_picked":["Iron Wave","Headbutt","Bloodletting","Clash"],"picked":"SKIP","floor":19.0},{"not_picked":["Twin Strike+1","Flex","Combust","Sever Soul+1"],"picked":"SKIP","floor":25}],"player_experience":1225175,"relics_obtained":[{"floor":6.0,"key":"Lantern"},{"floor":8.0,"key":"Letter Opener"},{"floor":9.0,"key":"Question Card"},{"floor":10.0,"key":"Potion Belt"},{"floor":25,"key":"Molten Egg 2"},{"floor":26,"key":"Bottled Flame"}],"event_choices":[{"damage_healed":0.0,"max_hp_gain":5.0,"max_hp_loss":0.0,"gold_gain":0.0,"event_name":"Big Fish","player_choice":"Donut","floor":4.0,"gold_loss":0.0,"damage_taken":0.0},{"damage_healed":0.0,"max_hp_gain":0.0,"max_hp_loss":0.0,"gold_gain":0.0,"event_name":"Accursed Blacksmith","player_choice":"Rummage","floor":7.0,"gold_loss":0.0,"damage_taken":0.0,"relics_obtained":["WarpedTongs"],"cards_obtained":["Pain"]},{"damage_healed":0.0,"max_hp_gain":0.0,"max_hp_loss":0.0,"gold_gain":100.0,"event_name":"Golden Shrine","player_choice":"Pray","floor":13.0,"gold_loss":0.0,"damage_taken":0.0},{"cards_removed":["Pain"],"damage_healed":0.0,"max_hp_gain":0.0,"max_hp_loss":0.0,"gold_gain":0.0,"event_name":"Back to Basics","player_choice":"Elegance","floor":21.0,"gold_loss":0.0,"damage_taken":0.0},{"damage_healed":28.0,"max_hp_gain":0.0,"max_hp_loss":0.0,"gold_gain":0.0,"event_name":"The Library","player_choice":"Heal","floor":22.0,"gold_loss":0.0,"damage_taken":0.0},{"damage_healed":0,"gold_gain":0,"player_choice":"Ignored","damage_taken":0,"max_hp_gain":0,"max_hp_loss":0,"event_name":"Vampires","floor":27,"gold_loss":0},{"damage_healed":0,"gold_gain":0,"player_choice":"Traded Relic","damage_taken":0,"relics_obtained":["Nloth\u0027s Gift"],"max_hp_gain":0,"max_hp_loss":0,"event_name":"N\u0027loth","floor":29,"relics_lost":["Letter Opener"],"gold_loss":0}],"is_beta":false,"boss_relics":[{"not_picked":["Fusion Hammer","Tiny House"],"picked":"Pandora\u0027s Box"}],"items_purged_floors":[3,24],"is_endless":false,"potions_floor_spawned":[2,8,12,14,16,18,19],"killed_by":"Book of Stabbing","ascension_level":5}}