{"host":"Jedit","time":1612913121,"event":{"mods":["BaseMod","Minty Spire (QoL Compilation)","Relic Stats","StSLib"],"gold_per_floor":[111,261,280,28,28,28,4,39,63,77,90,90,3,3,3,3,3],"floor_reached":16,"language":"ENG","playtime":505,"items_purged":["Doubt"],"score":196,"play_id":"99ecc4b0-b943-40cb-99ef-f7f74723622a","local_time":"20210209232521","is_ascension_mode":true,"campfire_choices":[{"data":"Bouncing Flask","floor":6,"key":"SMITH"},{"data":"Leg Sweep","floor":15,"key":"SMITH"}],"circlet_count":0,"master_deck":["AscendersBane","Strike_G","Strike_G","Strike_G","Strike_G","Strike_G","Defend_G","Defend_G","Defend_G","Defend_G","Defend_G+1","Survivor","Neutralize","All Out Attack","Bouncing Flask+1","Footwork+1","Masterful Stab","Deflect","Dagger Throw","Dagger Spray","Leg Sweep+1","Endless Agony","PiercingWail","Sucker Punch"],"relics":["Coffee Dripper","Juzu Bracelet","Bronze Scales","NlothsMask"],"acts_visited":["Exordium"],"potions_floor_usage":[8],"damage_taken":[{"damage":0,"enemies":"Jaw Worm","floor":1,"turns":6},{"damage":4,"enemies":"2 Louse","floor":3,"turns":2},{"damage":19,"enemies":"3 Sentries","floor":8,"turns":9},{"damage":0,"enemies":"Cultist","floor":10,"turns":3},{"damage":0,"enemies":"Blue Slaver","floor":11,"turns":2},{"damage":39,"enemies":"Slime Boss","floor":16,"turns":11}],"seed_played":"8848309111544380247","potions_obtained":[{"floor":1,"key":"DistilledChaos"},{"floor":11,"key":"Energy Potion"}],"is_trial":false,"path_per_floor":["M","?","M","$","?","R","$","E","T","M","M","?","$","?","R","B"],"character_chosen":"THE_SILENT","items_purchased":["Footwork","Masterful Stab","Deflect","Dagger Throw","PiercingWail","Sucker Punch"],"campfire_rested":0,"item_purchase_floors":[4,4,4,7,13,13],"current_hp_per_floor":[59,59,55,55,35,35,35,16,16,16,16,16,16,38,38,0,0],"gold":3,"neow_bonus":"BOSS_RELIC","is_daily":false,"chose_seed":false,"campfire_upgraded":2,"win_rate":0.0,"timestamp":1612913121,"path_taken":["M","?","M","$","?","R","$","E","T","M","M","?","$","?","R","BOSS"],"items_purchased_type":["Card","Card","Card","Card","Card","Card"],"build_version":"2020-12-18","purchased_purges":1,"victory":false,"max_hp_per_floor":[66,66,66,66,66,66,66,66,66,66,66,66,66,66,66,66,66],"relic_stats":{"counters":[6,33],"Bronze Scales":[21],"Juzu Bracelet":1,"obtain_stats":[{"Bronze Scales":9,"Coffee Dripper":0,"Juzu Bracelet":8,"Ring of the Snake":0,"NlothsMask":12},{"Bronze Scales":3,"Coffee Dripper":0,"Juzu Bracelet":3,"Ring of the Snake":0,"NlothsMask":5},{"Bronze Scales":17,"Coffee Dripper":0,"Juzu Bracelet":17,"Ring of the Snake":0,"NlothsMask":22}]},"card_choices":[{"not_picked":["Backflip","Finisher"],"picked":"All Out Attack","floor":1},{"not_picked":["Prepared","Noxious Fumes"],"picked":"Bouncing Flask","floor":3},{"not_picked":["Accuracy","Flying Knee"],"picked":"Dagger Spray","floor":8},{"not_picked":["Deadly Poison","Outmaneuver"],"picked":"Leg Sweep","floor":10},{"not_picked":["Flechettes","Finisher"],"picked":"Endless Agony","floor":11}],"player_experience":3477990,"relics_obtained":[{"floor":8,"key":"Juzu Bracelet"},{"floor":9,"key":"Bronze Scales"}],"event_choices":[{"damage_healed":0,"gold_gain":150,"player_choice":"AGREE","damage_taken":0,"max_hp_gain":0,"max_hp_loss":0,"event_name":"Liars Game","floor":2,"gold_loss":0,"cards_obtained":["Doubt"]},{"damage_healed":0,"gold_gain":0,"player_choice":"Entered Light","damage_taken":20,"max_hp_gain":0,"max_hp_loss":0,"event_name":"Shining Light","floor":5,"gold_loss":0,"cards_upgraded":["Footwork","Defend_G"]},{"damage_healed":0,"gold_gain":0,"player_choice":"Trade","damage_taken":0,"relics_obtained":["NlothsMask"],"max_hp_gain":0,"max_hp_loss":0,"event_name":"FaceTrader","floor":12,"gold_loss":0},{"damage_healed":22,"gold_gain":0,"player_choice":"Banana","damage_taken":0,"max_hp_gain":0,"max_hp_loss":0,"event_name":"Big Fish","floor":14,"gold_loss":0}],"is_beta":true,"boss_relics":[],"items_purged_floors":[4],"is_endless":false,"potions_floor_spawned":[1,11],"killed_by":"Slime Boss","ascension_level":20}}