{"host":"hka8b3f4pkvnp4ei","time":1612869214,"event":{"mods":["BaseMod","Minty Spire (QoL Compilation)","Quick Restart","Replay The Spire","StSLib"],"gold_per_floor":[109,109,123,123,48,78,78,153,153,153,182,74,101,119,119,119,119],"floor_reached":16,"language":"ZHS","playtime":285,"items_purged":["Strike_G"],"score":190,"play_id":"af105a33-3058-4f3e-9731-4513c25dde4e","local_time":"20210209191334","is_ascension_mode":true,"campfire_choices":[{"data":"Blade Dance","floor":7.0,"key":"SMITH"},{"data":"Riddle With Holes","floor":10.0,"key":"SMITH"},{"data":"Accuracy","floor":15,"key":"SMITH"}],"circlet_count":0,"master_deck":["Strike_G","Strike_G","Strike_G","Strike_G+1","Defend_G","Defend_G","Defend_G","Defend_G","Defend_G","Survivor+1","Neutralize","Blade Dance+1","Riddle With Holes+1","Reflex","Accuracy+1","Acrobatics"],"relics":["Ring of the Snake","NeowsBlessing","Replay:Bottled Snecko","MealTicket","Toy Ornithopter","Replay:Accelerometer","Blue Candle"],"acts_visited":["Exordium"],"potions_floor_usage":[11],"damage_taken":[{"damage":0.0,"enemies":"Cultist","floor":1.0,"turns":1.0},{"damage":0.0,"enemies":"2 Louse","floor":3.0,"turns":1.0},{"damage":0.0,"enemies":"Gremlin Nob","floor":6.0,"turns":1.0},{"damage":24,"enemies":"Lagavulin","floor":11,"turns":6},{"damage":16,"enemies":"Gremlin Nob","floor":13,"turns":4},{"damage":2,"enemies":"Small Slimes","floor":14,"turns":3},{"damage":0,"enemies":"Fading Forest","floor":16,"turns":1}],"seed_played":"-1890801699961560403","potions_obtained":[{"floor":1.0,"key":"Toxic Potion"},{"floor":14,"key":"Reflective Coating"}],"is_trial":false,"path_per_floor":["M","T","M","?","$","E","R","?","T","R","E","$","E","M","R","B"],"character_chosen":"THE_SILENT","items_purchased":["Reflex","Accuracy"],"campfire_rested":0,"item_purchase_floors":[12,12],"current_hp_per_floor":[63,63,63,49,49,49,49,38,38,38,19,34,18,16,16,16,16],"gold":119,"neow_bonus":"THREE_ENEMY_KILL","is_daily":false,"chose_seed":false,"campfire_upgraded":3,"win_rate":0.0,"timestamp":1612869214,"path_taken":["M","?","M","?","$","E","R","?","T","R","E","$","E","M","R","BOSS"],"items_purchased_type":["Card","Card"],"build_version":"2020-12-22","purchased_purges":1,"victory":false,"max_hp_per_floor":[70,70,70,70,70,70,70,70,70,70,70,70,70,70,70,70,70],"card_choices":[{"not_picked":["Dash","Cloak And Dagger"],"picked":"Blade Dance","floor":1.0},{"not_picked":["Poisoned Stab","Escape Plan","Prepared"],"picked":"SKIP","floor":3.0},{"not_picked":["PiercingWail","Prepared"],"picked":"Riddle With Holes","floor":6.0},{"not_picked":["Slice","Dodge and Roll","ReplayTheSpireMod:Exploit Weakness"],"picked":"SKIP","floor":11},{"not_picked":["Hidden Blade","Reflex","Wraith Form v2"],"picked":"SKIP","floor":13},{"not_picked":["Masterful Stab","Deflect"],"picked":"Acrobatics","floor":14}],"player_experience":465161,"relics_obtained":[{"floor":2.0,"key":"Replay:Bottled Snecko"},{"floor":6.0,"key":"MealTicket"},{"floor":9.0,"key":"Toy Ornithopter"},{"floor":11,"key":"Replay:Accelerometer"},{"floor":13,"key":"Blue Candle"}],"event_choices":[{"damage_healed":0.0,"max_hp_gain":0.0,"max_hp_loss":0.0,"gold_gain":0.0,"event_name":"Shining Light","player_choice":"Entered Light","floor":4.0,"gold_loss":0.0,"damage_taken":14.0,"cards_upgraded":["Strike_G","Survivor"]},{"damage_healed":0.0,"max_hp_gain":0.0,"max_hp_loss":0.0,"gold_gain":75.0,"event_name":"World of Goop","player_choice":"Gather Gold","floor":8.0,"gold_loss":0.0,"damage_taken":11.0}],"is_beta":false,"boss_relics":[],"items_purged_floors":[5],"is_endless":false,"potions_floor_spawned":[1,14],"killed_by":"Fading Forest","ascension_level":7}}