{"host":"mhzgc0zma59jtmoj","time":1612846398,"event":{"mods":["BaseMod","BetterRewards","Custom Start","Fiend Mod","Glutton Mod","Ironclad Rager","Minty Spire (QoL Compilation)","Replay The Spire","Somnambulant","StSLib","The Cursed","The Hierophant","The Jungle","The Marked","The Necromancer"],"gold_per_floor":[366,165,165,179,190,225,225,255,255,289,239,268,268,278,278,375,375,395,395,395,411,138,138,138],"floor_reached":23,"language":"ENG","playtime":1632,"items_purged":["TheCursedMod:Strike_TheCursed","TheCursedMod:Strike_TheCursed"],"score":217,"play_id":"4be40f38-affc-4341-9585-d3c8da73436c","local_time":"20210208235318","is_ascension_mode":false,"campfire_choices":[{"data":"TheCursedMod:CleanUpWorkshop","floor":7,"key":"SMITH"},{"data":"TheCursedMod:HellsGateOpen","floor":13,"key":"SMITH"},{"data":"TheCursedMod:CircleOfAbyss","floor":15,"key":"SMITH"}],"circlet_count":0,"master_deck":["TheCursedMod:Strike_TheCursed","TheCursedMod:Defend_TheCursed","TheCursedMod:Defend_TheCursed","TheCursedMod:CursedWand","TheCursedMod:CleanUpWorkshop+1","TheCursedMod:Dregs","TheCursedMod:CursedMace","TheCursedMod:HellsGateOpen+1","TheCursedMod:FleshFromBone","TheCursedMod:SmokeScreen","TheCursedMod:Hemoplague","TheCursedMod:CircleOfCorruption","TheCursedMod:Hemoplague","TheCursedMod:HellfireBreathing","TheCursedMod:CircleOfAbyss+1","TheCursedMod:UltimatePain","TheCursedMod:SpitefulPlan","Shame","TheCursedMod:HellfireBreathing","Impatience"],"relics":["TheCursedMod:BlackMagic101","TheCursedMod:BloodyHarpoon","Bottled Lightning","Toy Ornithopter","Thread and Needle","StoneCalendar","Gambling Chip","Empty Cage","Gremlin Horn"],"acts_visited":["Exordium","TheCity"],"potions_floor_usage":[12,23],"damage_taken":[{"damage":0,"enemies":"Cultist","floor":1,"turns":4},{"damage":0,"enemies":"Small Slimes","floor":4,"turns":3},{"damage":3,"enemies":"Jaw Worm","floor":5,"turns":4},{"damage":6,"enemies":"Lagavulin","floor":6,"turns":10},{"damage":17,"enemies":"3 Sentries","floor":8,"turns":9},{"damage":2,"enemies":"Lagavulin","floor":10,"turns":7},{"damage":9,"enemies":"Replay:BlueRogue","floor":12,"turns":4},{"damage":0,"enemies":"Exordium Wildlife","floor":14,"turns":6},{"damage":25,"enemies":"Fading Forest","floor":16,"turns":11},{"damage":10,"enemies":"Chosen","floor":18,"turns":4},{"damage":10,"enemies":"3 Byrds","floor":21,"turns":3},{"damage":43,"enemies":"Slavers","floor":23,"turns":3}],"seed_played":"7230299104430821011","potions_obtained":[{"floor":4,"key":"Venom Potion"},{"floor":10,"key":"ColorlessPotion"},{"floor":14,"key":"DistilledChaos"},{"floor":16,"key":"Weak Potion"}],"is_trial":false,"path_per_floor":["M","$","T","M","M","E","R","E","T","E","?","E","R","M","R","B",null,"M","?","?","M","$","E"],"character_chosen":"THE_CURSED","items_purchased":["TheCursedMod:HellsGateOpen","TheCursedMod:FleshFromBone","TheCursedMod:HellfireBreathing","Impatience"],"campfire_rested":0,"item_purchase_floors":[2,2,22,22],"current_hp_per_floor":[68,68,68,68,65,59,59,42,42,40,40,36,36,36,36,29,68,58,58,46,36,36,0,0],"gold":138,"neow_bonus":"TWO_FIFTY_GOLD","is_daily":false,"chose_seed":false,"campfire_upgraded":3,"win_rate":0.0,"timestamp":1612846398,"path_taken":["M","$","?","M","M","E","R","E","T","E","?","E","R","M","R","BOSS","M","?","?","M","$","E"],"items_purchased_type":["Card","Card","Card","Card"],"build_version":"2020-12-22","purchased_purges":2,"victory":false,"max_hp_per_floor":[68,68,68,68,68,68,68,68,68,68,68,68,68,68,68,68,68,68,68,73,73,73,73,73],"card_choices":[{"not_picked":["TheCursedMod:RavingStaff","TheCursedMod:Stigma"],"picked":"TheCursedMod:CursedMace","floor":1},{"not_picked":["TheCursedMod:Obscuration","TheCursedMod:VitalStrike"],"picked":"TheCursedMod:SmokeScreen","floor":4},{"not_picked":["TheCursedMod:CircleOfFlame","TheCursedMod:UltimatePain"],"picked":"TheCursedMod:Hemoplague","floor":5},{"not_picked":["TheCursedMod:CursedStaff","TheCursedMod:SpreadPlague"],"picked":"TheCursedMod:CircleOfCorruption","floor":6},{"not_picked":["TheCursedMod:ShockAndAwe","TheCursedMod:Stretching"],"picked":"TheCursedMod:Hemoplague","floor":8},{"not_picked":["TheCursedMod:SpitefulPray","TheCursedMod:SoulCrush"],"picked":"TheCursedMod:HellfireBreathing","floor":10},{"not_picked":["TheCursedMod:CursedShiv","TheCursedMod:Torture"],"picked":"TheCursedMod:CircleOfAbyss","floor":12},{"not_picked":["TheCursedMod:CursedMace","TheCursedMod:PrepareRite","TheCursedMod:Wield"],"picked":"SKIP","floor":14},{"not_picked":["TheCursedMod:CircleOfAbyss","TheCursedMod:DarkBarrier"],"picked":"TheCursedMod:UltimatePain","floor":16},{"not_picked":["TheCursedMod:CursedShiv+1","TheCursedMod:Obscuration+1"],"picked":"TheCursedMod:SpitefulPlan","floor":18},{"not_picked":["TheCursedMod:WearCloak","TheCursedMod:CursedStaff","TheCursedMod:CursedShiv"],"picked":"SKIP","floor":21}],"player_experience":269515,"relics_obtained":[{"floor":3,"key":"TheCursedMod:BloodyHarpoon"},{"floor":6,"key":"Bottled Lightning"},{"floor":8,"key":"Toy Ornithopter"},{"floor":9,"key":"Thread and Needle"},{"floor":10,"key":"StoneCalendar"},{"floor":12,"key":"Gambling Chip"}],"event_choices":[{"cards_removed":["TheCursedMod:Defend_TheCursed"],"damage_healed":0,"gold_gain":0,"player_choice":"Card Removal","damage_taken":0,"max_hp_gain":0,"max_hp_loss":0,"event_name":"The Cleric","floor":11,"gold_loss":50},{"damage_healed":0,"gold_gain":0,"player_choice":"Stole Relic","damage_taken":0,"relics_obtained":["Gremlin Horn"],"max_hp_gain":0,"max_hp_loss":0,"event_name":"Addict","floor":19,"gold_loss":0,"cards_obtained":["Shame"]},{"damage_healed":0,"gold_gain":0,"player_choice":"Shed Blood","damage_taken":17,"max_hp_gain":5,"max_hp_loss":0,"event_name":"Forgotten Altar","floor":20,"gold_loss":0}],"is_beta":false,"boss_relics":[{"not_picked":["Pandora\u0027s Box","Replay:Fungal Core"],"picked":"Empty Cage"}],"items_purged_floors":[2,22],"is_endless":false,"potions_floor_spawned":[4,10,14,16,21],"killed_by":"Slavers","ascension_level":0}}