{"host":"4rvakrj1idbgia3f","time":1612887206,"event":{"mods":["BaseMod","Colored Map","Colored Powertips","DeckTracker","Highlight Path","Minty Spire (QoL Compilation)","Random Character Button","StSLib"],"gold_per_floor":[115,115,126,51,70,70,82,113,113,133,161,161,161,161,161,161,161],"floor_reached":16,"language":"JPN","playtime":499,"items_purged":[],"score":224,"play_id":"5058ecd7-65e1-45e3-926b-8e81fc89e59b","local_time":"20210210011326","is_ascension_mode":true,"campfire_choices":[{"data":"Blade Dance","floor":6,"key":"SMITH"},{"data":"Blade Dance","floor":13,"key":"SMITH"},{"data":"Dagger Spray","floor":15,"key":"SMITH"}],"circlet_count":0,"master_deck":["AscendersBane","Strike_G","Strike_G","Strike_G","Strike_G","Strike_G","Defend_G","Defend_G","Defend_G","Defend_G","Survivor","Neutralize","Noxious Fumes+1","Blade Dance+1","Cloak And Dagger","Blade Dance+1","Crippling Poison","Dagger Spray+1","Backflip"],"relics":["Ring of the Snake","Bag of Marbles","Eternal Feather","Letter Opener","The Courier"],"acts_visited":["Exordium"],"potions_floor_usage":[8,11,12],"damage_taken":[{"damage":0,"enemies":"2 Louse","floor":1,"turns":2},{"damage":1,"enemies":"Cultist","floor":3,"turns":5},{"damage":0,"enemies":"Small Slimes","floor":5,"turns":2},{"damage":9,"enemies":"Blue Slaver","floor":7,"turns":4},{"damage":18,"enemies":"Lagavulin","floor":8,"turns":6},{"damage":1,"enemies":"Exordium Wildlife","floor":10,"turns":3},{"damage":8,"enemies":"Gremlin Nob","floor":11,"turns":3},{"damage":9,"enemies":"Gremlin Gang","floor":12,"turns":2},{"damage":13,"enemies":"Slime Boss","floor":16,"turns":7}],"seed_played":"-7611147562721940242","potions_obtained":[{"floor":3,"key":"BlessingOfTheForge"},{"floor":8,"key":"Poison Potion"},{"floor":10,"key":"SmokeBomb"}],"is_trial":false,"path_per_floor":["M","?","M","?","M","R","M","E","T","M","E","M","R","?","R","B"],"character_chosen":"THE_SILENT","items_purchased":[],"campfire_rested":0,"item_purchase_floors":[],"current_hp_per_floor":[59,50,49,49,49,49,40,22,22,21,13,4,13,13,22,9,9],"gold":161,"neow_bonus":"RANDOM_COMMON_RELIC","is_daily":false,"chose_seed":false,"campfire_upgraded":3,"win_rate":0.0,"timestamp":1612887206,"path_taken":["M","?","?","?","M","R","M","E","T","M","E","M","R","?","R","BOSS"],"items_purchased_type":[],"build_version":"2020-12-22","purchased_purges":0,"victory":false,"max_hp_per_floor":[66,66,66,66,66,66,66,66,66,66,66,66,66,66,66,66,66],"card_choices":[{"not_picked":["Acrobatics","Catalyst"],"picked":"Noxious Fumes","floor":1},{"not_picked":["Bane","Backflip"],"picked":"Blade Dance","floor":3},{"not_picked":["Flechettes","PiercingWail"],"picked":"Cloak And Dagger","floor":5},{"not_picked":["Distraction","Infinite Blades"],"picked":"Blade Dance","floor":7},{"not_picked":["Setup","Blade Dance"],"picked":"Crippling Poison","floor":8},{"not_picked":["Bane","Setup"],"picked":"Dagger Spray","floor":10},{"not_picked":["Dagger Throw","Eviscerate"],"picked":"Backflip","floor":11}],"player_experience":2246086,"relics_obtained":[{"floor":8,"key":"Eternal Feather"},{"floor":9,"key":"Letter Opener"},{"floor":11,"key":"The Courier"}],"event_choices":[{"damage_healed":0,"gold_gain":0,"player_choice":"Damaged","damage_taken":9,"max_hp_gain":0,"max_hp_loss":0,"event_name":"Wheel of Change","floor":2,"gold_loss":0},{"cards_removed":["Defend_G"],"damage_healed":0,"gold_gain":0,"player_choice":"Card Removal","damage_taken":0,"max_hp_gain":0,"max_hp_loss":0,"event_name":"The Cleric","floor":4,"gold_loss":75},{"damage_healed":0,"gold_gain":0,"player_choice":"Grow","damage_taken":0,"max_hp_gain":0,"max_hp_loss":0,"event_name":"Living Wall","floor":14,"gold_loss":0,"cards_upgraded":["Noxious Fumes"]}],"is_beta":false,"boss_relics":[],"items_purged_floors":[],"is_endless":false,"potions_floor_spawned":[3,8,10],"killed_by":"Slime Boss","ascension_level":20}}