{"host":"684z1xpuwaoqmmh1","time":1612879731,"event":{"mods":["A Magickal Journey","BaseMod","Downfall","Hermit","Jorbs\u0027s Wanderer Trilogy","Marisa????????","Minty Spire (QoL Compilation)","Robot Space Explorer","Shade Mod","StSLib","The Bug Knight","The Dragon Tamer","The Elementalist","The Hayseed","The Hierophant","The Marked","The Mystic","The Runesmith","The Saiyan","The Senshi","The Spell Scribe","The Vixen","TheBandit","TheFirefly"],"gold_per_floor":[112,125,225,235,253,253,278,288,288,322,341,341,359,359,359,489,489,507,522,522,522,36,36,74,74,74],"floor_reached":25,"language":"ENG","playtime":1146,"items_purged":[],"score":326,"play_id":"785e4ea6-0bb9-4943-be42-42ad39ac7f7c","local_time":"20210209160851","is_ascension_mode":true,"campfire_choices":[{"data":"Runesmith:CraftObretio","floor":6,"key":"SMITH"},{"floor":12,"key":"REST"},{"data":"Runesmith:CreatorForm","floor":15,"key":"SMITH"},{"floor":23,"key":"REST"}],"circlet_count":0,"master_deck":["Runesmith:Strike_RS+1","Runesmith:Strike_RS+1","Runesmith:Strike_RS+1","Runesmith:Strike_RS+1","Runesmith:Defend_RS+1","Runesmith:Defend_RS+1","Runesmith:Defend_RS+1","Runesmith:Defend_RS+1","Runesmith:CraftFirestone","Runesmith:Fortify","Runesmith:CraftObretio+1","Runesmith:ChaoticBlast","Runesmith:UnstableHammer","Runesmith:EnergizedChisel","Runesmith:Accelerate","Runesmith:CreatorForm+1","Runesmith:Repurpose+1","Runesmith:CraftIncendium+1","Runesmith:CraftSpiculum+1","Injury","Runesmith:GenerateForcefield+1","Runesmith:BackupBattery+1","Runesmith:HeatedChisel","Runesmith:Firestorm","Runesmith:EarthShield+1"],"relics":["Runesmith:BrokenRuby","HollowMod:PaleOreRelic","Sundial","Toxic Egg 2","Golden Idol","Philosopher\u0027s Stone","Bag of Marbles","Pantograph","hexamod:BolsterEngine"],"acts_visited":["Exordium","TheCity"],"potions_floor_usage":[10,10,19,24,25],"damage_taken":[{"damage":2,"enemies":"Jaw Worm","floor":1,"turns":5},{"damage":0,"enemies":"Cultist","floor":2,"turns":5},{"damage":0,"enemies":"Small Slimes","floor":4,"turns":4},{"damage":6,"enemies":"Looter","floor":5,"turns":4},{"damage":18,"enemies":"3 Sentries","floor":7,"turns":7},{"damage":0,"enemies":"Red Slaver","floor":8,"turns":5},{"damage":7,"enemies":"Gremlin Nob","floor":10,"turns":4},{"damage":12,"enemies":"Lots of Slimes","floor":11,"turns":5},{"damage":0,"enemies":"Large Slime","floor":13,"turns":4},{"damage":29,"enemies":"Slime Boss","floor":16,"turns":10},{"damage":2,"enemies":"Spheric Guardian","floor":18,"turns":4},{"damage":29,"enemies":"2 Thieves","floor":19,"turns":4},{"damage":34,"enemies":"Gremlin Leader","floor":24,"turns":6},{"damage":18,"enemies":"Snake Plant","floor":25,"turns":3}],"seed_played":"845968239381325239","potions_obtained":[{"floor":4,"key":"Weak Potion"},{"floor":5,"key":"bronze:BurnAndBuffPotion"},{"floor":7,"key":"sneckomod:MuddlingPotion"},{"floor":13,"key":"PowerPotion"},{"floor":16,"key":"LiquidBronze"},{"floor":18,"key":"ColorlessPotion"}],"is_trial":false,"path_per_floor":["M","M","?","M","M","R","E","M","T","E","M","R","M","?","R","B",null,"M","M","?","?","$","R","E","M"],"character_chosen":"RUNESMITH_CLASS","items_purchased":["Bag of Marbles","Pantograph","Runesmith:Firestorm"],"campfire_rested":2,"item_purchase_floors":[22,22,22],"current_hp_per_floor":[61,61,61,61,55,55,37,37,37,30,18,39,39,39,39,10,55,53,24,24,29,29,50,16,0,0],"gold":74,"neow_bonus":"THREE_CARDS","is_daily":false,"chose_seed":false,"campfire_upgraded":2,"win_rate":0.0,"timestamp":1612879731,"path_taken":["M","M","?","M","?","R","E","M","T","E","M","R","M","?","R","BOSS","M","M","?","?","$","R","E","M"],"items_purchased_type":["Relic","Relic","Card"],"build_version":"2020-12-22","purchased_purges":0,"victory":false,"max_hp_per_floor":[70,70,70,70,70,70,70,70,70,70,70,70,70,70,70,70,70,70,70,70,70,70,70,70,70,70],"card_choices":[{"not_picked":["Runesmith:PerfectChisel","Runesmith:MakeshiftArmor"],"picked":"Runesmith:CraftObretio","floor":0},{"not_picked":["Runesmith:HammerThrow","Runesmith:StaticCage"],"picked":"Runesmith:BackupBattery","floor":1},{"not_picked":["Runesmith:MakeshiftArmor","Runesmith:ShiftingStrike"],"picked":"Runesmith:ChaoticBlast","floor":2},{"not_picked":["Runesmith:ChaoticBlast","Runesmith:Grindstone"],"picked":"Runesmith:UnstableHammer","floor":4},{"not_picked":["Runesmith:MakeshiftArmor","Runesmith:HammerThrow"],"picked":"Runesmith:EnergizedChisel","floor":5},{"not_picked":["Runesmith:FrozenChisel","Runesmith:ChiselStab"],"picked":"Runesmith:Accelerate","floor":7},{"not_picked":["Runesmith:CraftMagma","Runesmith:Reinforce"],"picked":"Runesmith:CreatorForm","floor":8},{"not_picked":["Runesmith:HeatExchange","Runesmith:HammerAndChisel+1"],"picked":"Runesmith:Repurpose+1","floor":10},{"not_picked":["Runesmith:BackupBattery+1","Runesmith:HeatedChisel"],"picked":"Runesmith:CraftIncendium+1","floor":11},{"not_picked":["Runesmith:ChiselStab","Runesmith:Grindstone+1"],"picked":"Runesmith:CraftSpiculum+1","floor":13},{"not_picked":["Runesmith:FissionHammer","Runesmith:GrandSlam"],"picked":"Runesmith:GenerateForcefield+1","floor":16},{"not_picked":["Runesmith:UnstableHammer","Runesmith:CraftMagma+1"],"picked":"Runesmith:BackupBattery+1","floor":18},{"not_picked":["Runesmith:Retool+1","Runesmith:StaticCage+1"],"picked":"Runesmith:HeatedChisel","floor":19},{"not_picked":["Runesmith:EnergizedChisel+1","Runesmith:BackupBattery+1"],"picked":"Runesmith:EarthShield+1","floor":24}],"player_experience":3222257,"relics_obtained":[{"floor":7,"key":"HollowMod:PaleOreRelic"},{"floor":9,"key":"Sundial"},{"floor":10,"key":"Toxic Egg 2"},{"floor":24,"key":"hexamod:BolsterEngine"}],"event_choices":[{"damage_healed":0,"gold_gain":100,"player_choice":"Pray","damage_taken":0,"max_hp_gain":0,"max_hp_loss":0,"event_name":"Golden Shrine","floor":3,"gold_loss":0},{"damage_healed":0,"gold_gain":0,"player_choice":"Take Wound","damage_taken":0,"relics_obtained":["Golden Idol"],"max_hp_gain":0,"max_hp_loss":0,"event_name":"Golden Idol","floor":14,"gold_loss":0,"cards_obtained":["Injury"]},{"damage_healed":0,"gold_gain":0,"player_choice":"Simplicity","damage_taken":0,"max_hp_gain":0,"max_hp_loss":0,"event_name":"Back to Basics","floor":20,"gold_loss":0,"cards_upgraded":["Runesmith:Strike_RS","Runesmith:Strike_RS","Runesmith:Strike_RS","Runesmith:Strike_RS","Runesmith:Defend_RS","Runesmith:Defend_RS","Runesmith:Defend_RS","Runesmith:Defend_RS"]},{"cards_removed":["Runesmith:BackupBattery"],"damage_healed":5,"gold_gain":0,"player_choice":"Offered Common","damage_taken":0,"max_hp_gain":0,"max_hp_loss":0,"event_name":"Bonfire Elementals","floor":21,"gold_loss":0},{"cards_removed":["Runesmith:BackupBattery"],"damage_healed":5,"gold_gain":0,"player_choice":"Offered Special","damage_taken":0,"max_hp_gain":0,"max_hp_loss":0,"event_name":"Bonfire Elementals","floor":21,"gold_loss":0}],"is_beta":false,"boss_relics":[{"not_picked":["bronze:MakeshiftBattery","Snecko Eye"],"picked":"Philosopher\u0027s Stone"}],"items_purged_floors":[],"is_endless":false,"potions_floor_spawned":[4,5,7,13,16,18],"killed_by":"Snake Plant","ascension_level":8}}