{"host":"zwezhz46a5cjkxff","time":1612850537,"event":{"mods":["AchievementEnabler","BaseMod","Colored Map","Colored Powertips","DeckTracker","Minty Spire (QoL Compilation)","Permanent Neow","Quick Restart","Rare Cards Sparkle","Relic Stats","StSLib","SuperFastMode"],"gold_per_floor":[112,125,43,43,118,144,155,155,236,246,261,261,271,299,299,404,404,424,424,37,50,62,90,90,123,123,133,133,152,172,197,197,293,293,308,123,123,123,123,123,150,150,150,150,167,178,209,84,84,84,84],"floor_reached":50,"language":"ENG","playtime":1711,"items_purged":["Defend_B","Strike_B","Strike_B"],"score":633,"play_id":"da328c47-af2a-41fa-9f1e-04ea06a92adc","local_time":"20210209000217","is_ascension_mode":true,"campfire_choices":[{"floor":12,"key":"RECALL"},{"data":"Zap","floor":15,"key":"SMITH"},{"data":"Dualcast","floor":24,"key":"SMITH"},{"data":"Seek","floor":28,"key":"SMITH"},{"data":"Hologram","floor":32,"key":"SMITH"},{"data":"Madness","floor":40,"key":"SMITH"},{"data":"Buffer","floor":42,"key":"SMITH"},{"data":"Madness","floor":44,"key":"SMITH"},{"data":"Go for the Eyes","floor":49,"key":"SMITH"}],"circlet_count":0,"master_deck":["Strike_B+1","Defend_B+1","Defend_B","Zap+1","Dualcast+1","Gash","Scrape+1","Capacitor","Amplify","Hologram+1","Go for the Eyes+1","FTL","Seek+1","Gash","Echo Form","Streamline+1","Self Repair+1","Redo+1","Gash","Scrape+1","All For One+1","Dark Shackles+1","Madness+1","Madness+1","Buffer+1"],"relics":["Cracked Core","FossilizedHelix","Akabeko","Meat on the Bone","Juzu Bracelet","Sozu","TheAbacus","Oddly Smooth Stone","Bottled Flame","Red Mask","Philosopher\u0027s Stone","Torii","Shuriken","War Paint"],"acts_visited":["Exordium","TheCity","TheBeyond"],"potions_floor_usage":[6,14,16],"damage_taken":[{"damage":0,"enemies":"Cultist","floor":1,"turns":3},{"damage":0,"enemies":"Small Slimes","floor":2,"turns":3},{"damage":13,"enemies":"3 Sentries","floor":6,"turns":5},{"damage":0,"enemies":"2 Louse","floor":7,"turns":2},{"damage":10,"enemies":"Gremlin Gang","floor":10,"turns":3},{"damage":0,"enemies":"Large Slime","floor":11,"turns":4},{"damage":5,"enemies":"3 Louse","floor":13,"turns":3},{"damage":6,"enemies":"Gremlin Nob","floor":14,"turns":4},{"damage":43,"enemies":"Slime Boss","floor":16,"turns":11},{"damage":0,"enemies":"Chosen","floor":18,"turns":4},{"damage":14,"enemies":"Shell Parasite","floor":21,"turns":5},{"damage":15,"enemies":"Centurion and Healer","floor":22,"turns":5},{"damage":23,"enemies":"Book of Stabbing","floor":23,"turns":4},{"damage":19,"enemies":"Gremlin Leader","floor":25,"turns":6},{"damage":12,"enemies":"Snecko","floor":27,"turns":5},{"damage":6,"enemies":"Cultist and Chosen","floor":29,"turns":4},{"damage":33,"enemies":"3 Cultists","floor":30,"turns":5},{"damage":9,"enemies":"Masked Bandits","floor":31,"turns":4},{"damage":74,"enemies":"Automaton","floor":33,"turns":7},{"damage":19,"enemies":"3 Shapes","floor":35,"turns":3},{"damage":38,"enemies":"Reptomancer","floor":41,"turns":4},{"damage":0,"enemies":"Orb Walker","floor":45,"turns":2},{"damage":15,"enemies":"3 Darklings","floor":46,"turns":4},{"damage":5,"enemies":"Nemesis","floor":47,"turns":4},{"damage":66,"enemies":"Awakened One","floor":50,"turns":6}],"seed_played":"-1692726062786358744","potions_obtained":[{"floor":1,"key":"EssenceOfDarkness"},{"floor":11,"key":"LiquidBronze"},{"floor":14,"key":"Regen Potion"},{"floor":16,"key":"FairyPotion"}],"is_trial":false,"path_per_floor":["M","M","$","?","?","E","M","?","T","M","M","R","M","E","R","B",null,"M","?","$","M","M","E","R","E","T","M","R","M","M","?","R","B",null,"M","$","?","?","?","R","E","R","T","R","M","M","E","$","R","B"],"character_chosen":"DEFECT","items_purchased":["Scrape","Echo Form","TheAbacus","Dark Shackles"],"campfire_rested":0,"item_purchase_floors":[3,20,20,36],"current_hp_per_floor":[54,54,54,39,28,15,15,15,15,17,29,29,36,42,42,26,75,75,75,75,61,46,35,35,38,38,48,48,52,51,62,62,34,75,66,66,66,57,57,57,41,41,41,41,51,58,53,53,53,0,0],"gold":84,"neow_bonus":"ONE_RARE_RELIC","is_daily":false,"chose_seed":false,"campfire_upgraded":8,"win_rate":0.0,"timestamp":1612850537,"path_taken":["M","M","$","?","?","E","M","?","T","M","M","R","?","E","R","BOSS","M","?","$","M","M","E","R","E","T","M","R","M","M","?","R","BOSS","M","$","?","?","?","R","E","R","T","R","M","M","E","?","R","BOSS"],"items_purchased_type":["Card","Card","Relic","Card"],"build_version":"2020-12-22","purchased_purges":3,"victory":false,"max_hp_per_floor":[75,75,75,75,75,75,75,75,75,75,75,75,75,75,75,75,75,75,75,75,75,75,75,75,75,75,75,75,75,75,75,75,75,75,75,75,75,75,75,75,75,75,75,75,75,75,75,75,75,75,75],"relic_stats":{"Sozu":5,"TheAbacus":[150],"Torii":16,"counters":[25,110],"Shuriken":[23],"Juzu Bracelet":1,"War Paint":["Defend_B","Dark Shackles"],"obtain_stats":[{"Torii":41,"Oddly Smooth Stone":23,"Juzu Bracelet":14,"War Paint":47,"Akabeko":6,"Sozu":17,"Bottled Flame":25,"TheAbacus":20,"Shuriken":43,"Philosopher\u0027s Stone":34,"Red Mask":31,"Cracked Core":0,"FossilizedHelix":0,"Meat on the Bone":9},{"Torii":21,"Oddly Smooth Stone":13,"Juzu Bracelet":8,"War Paint":24,"Akabeko":3,"Sozu":9,"Bottled Flame":14,"TheAbacus":10,"Shuriken":21,"Philosopher\u0027s Stone":19,"Red Mask":18,"Cracked Core":0,"FossilizedHelix":0,"Meat on the Bone":4},{"Torii":94,"Oddly Smooth Stone":56,"Juzu Bracelet":27,"War Paint":104,"Akabeko":11,"Sozu":38,"Bottled Flame":62,"TheAbacus":42,"Shuriken":94,"Philosopher\u0027s Stone":87,"Red Mask":80,"Cracked Core":0,"FossilizedHelix":0,"Meat on the Bone":13}],"Meat on the Bone":144},"card_choices":[{"not_picked":["Steam Power","Stack","Leap"],"picked":"SKIP","floor":1},{"not_picked":["Cold Snap","Barrage"],"picked":"Gash","floor":2},{"not_picked":["Conserve Battery","Turbo"],"picked":"Capacitor","floor":6},{"not_picked":["Lockon","Melter","Amplify"],"picked":"SKIP","floor":7},{"not_picked":["Doom and Gloom","Darkness"],"picked":"Hologram","floor":10},{"not_picked":["Barrage","Rebound"],"picked":"Go for the Eyes","floor":11},{"not_picked":["Rip and Tear","Coolheaded","Barrage"],"picked":"SKIP","floor":13},{"not_picked":["BootSequence","Compile Driver"],"picked":"FTL","floor":14},{"not_picked":["Fission","Hyperbeam"],"picked":"Seek","floor":16},{"not_picked":["Ball Lightning","Turbo","Redo"],"picked":"SKIP","floor":18},{"not_picked":["Sunder","Conserve Battery"],"picked":"Streamline+1","floor":21},{"not_picked":["Genetic Algorithm","Static Discharge","Melter"],"picked":"SKIP","floor":22},{"not_picked":["Compile Driver+1","Chaos+1"],"picked":"Self Repair+1","floor":23},{"not_picked":["Conserve Battery","All For One","Compile Driver"],"picked":"SKIP","floor":25},{"not_picked":["Hologram","Leap"],"picked":"Redo+1","floor":27},{"not_picked":["Stack","Conserve Battery","Turbo"],"picked":"SKIP","floor":29},{"not_picked":["Self Repair","Steam Power"],"picked":"Gash","floor":30},{"not_picked":["Cold Snap","Chaos"],"picked":"Scrape+1","floor":31},{"not_picked":["Hyperbeam","Rainbow"],"picked":"All For One","floor":33},{"not_picked":["Leap","Rebound+1","Reprogram+1"],"picked":"SKIP","floor":35},{"not_picked":["Auto Shields+1","Storm+1"],"picked":"Buffer","floor":41},{"not_picked":["Conserve Battery+1","Sweeping Beam","Streamline+1"],"picked":"SKIP","floor":45},{"not_picked":["Streamline+1","Fusion","Compile Driver"],"picked":"SKIP","floor":46},{"not_picked":["Leap","Ball Lightning+1","Glacier+1"],"picked":"SKIP","floor":47}],"player_experience":91328,"relics_obtained":[{"floor":6,"key":"Akabeko"},{"floor":9,"key":"Meat on the Bone"},{"floor":14,"key":"Juzu Bracelet"},{"floor":23,"key":"Oddly Smooth Stone"},{"floor":25,"key":"Bottled Flame"},{"floor":31,"key":"Red Mask"},{"floor":41,"key":"Torii"},{"floor":43,"key":"Shuriken"},{"floor":47,"key":"War Paint"}],"event_choices":[{"damage_healed":0,"gold_gain":0,"player_choice":"Entered Light","damage_taken":15,"max_hp_gain":0,"max_hp_loss":0,"event_name":"Shining Light","floor":4,"gold_loss":0,"cards_upgraded":["Strike_B","Scrape"]},{"damage_healed":0,"gold_gain":75,"player_choice":"Gather Gold","damage_taken":11,"max_hp_gain":0,"max_hp_loss":0,"event_name":"World of Goop","floor":5,"gold_loss":0},{"damage_healed":0,"gold_gain":0,"cards_transformed":["Strike_B"],"player_choice":"Transformed","damage_taken":0,"max_hp_gain":0,"max_hp_loss":0,"event_name":"Transmorgrifier","floor":8,"gold_loss":0,"cards_obtained":["Amplify"]},{"damage_healed":0,"gold_gain":0,"player_choice":"Read","damage_taken":0,"max_hp_gain":0,"max_hp_loss":0,"event_name":"The Library","floor":19,"gold_loss":0,"cards_obtained":["Gash"]},{"damage_healed":0,"gold_gain":0,"player_choice":"Fought Bandits","damage_taken":0,"max_hp_gain":0,"max_hp_loss":0,"event_name":"Masked Bandits","floor":31,"gold_loss":0},{"damage_healed":0,"gold_gain":0,"player_choice":"Upgraded","damage_taken":0,"max_hp_gain":0,"max_hp_loss":0,"event_name":"Upgrade Shrine","floor":37,"gold_loss":0,"cards_upgraded":["All For One"]},{"damage_healed":0,"gold_gain":0,"player_choice":"Embrace Madness","damage_taken":9,"max_hp_gain":0,"max_hp_loss":0,"event_name":"Winding Halls","floor":38,"gold_loss":0,"cards_obtained":["Madness","Madness"]},{"cards_removed":["Defend_B"],"damage_healed":0,"gold_gain":0,"player_choice":"Removed Skill","damage_taken":0,"max_hp_gain":0,"max_hp_loss":0,"event_name":"Falling","floor":39,"gold_loss":0}],"is_beta":false,"boss_relics":[{"not_picked":["Fusion Hammer","Tiny House"],"picked":"Sozu"},{"not_picked":["Nuclear Battery","Empty Cage"],"picked":"Philosopher\u0027s Stone"}],"items_purged_floors":[20,36,48],"is_endless":false,"potions_floor_spawned":[1,11,14,16,23,25,27,30,46],"killed_by":"Awakened One","ascension_level":2}}