{"host":"Tuck","time":1612894703,"event":{"mods":["BaseMod","Minty Spire (QoL Compilation)","StSLib"],"gold_per_floor":[115,115,276,276,295,327,345,345,345,377,377,387,416,429,429,528,528,545,558,569,589,608,608,641,653,653,669,694,694,719,719,719,819,819,833,833,851,435,455,483,483,483,483,510,242,242,261,131,131,131,131,131,127,155,155],"floor_reached":56,"language":"ENG","playtime":4430,"items_purged":["Strike_B","Pain","Strike_B","Defend_B"],"score":1803,"play_id":"82e69d90-f715-45e0-87c5-91846ec7d61c","local_time":"20210209111823","is_ascension_mode":true,"campfire_choices":[{"floor":8,"key":"RECALL"},{"floor":15,"key":"DIG"},{"floor":23,"key":"DIG"},{"floor":29,"key":"DIG"},{"floor":32,"key":"DIG"},{"floor":42,"key":"DIG"},{"floor":49,"key":"DIG"},{"floor":52,"key":"DIG"}],"circlet_count":0,"master_deck":["Defend_B","Defend_B+1","Defend_B","Zap","Dualcast","Streamline","Coolheaded+1","Defragment","Seek+1","Cold Snap","Go for the Eyes","Apotheosis+1","White Noise+1","Coolheaded+1","Seek+1","Self Repair","Turbo+1","Defragment+1","Cold Snap","Barrage+1","Double Energy+1","Hologram+1","Defragment+1","Compile Driver+1","Creative AI","Echo Form","Conserve Battery+1","Seek+1","Hologram+1","Recycle+1","Coolheaded+1","Madness+1","Madness+1","Defragment+1","Glacier+1","Defragment","Seek+1","Panache","Streamline+1","Defragment","Seek+1"],"relics":["Fusion Hammer","Ornamental Fan","Medical Kit","Question Card","FaceOfCleric","Bag of Preparation","Shovel","Bottled Lightning","Pen Nib","Toxic Egg 2","Meat on the Bone","Inserter","War Paint","Bottled Tornado","Ice Cream","Mercury Hourglass","FossilizedHelix","Matryoshka","WarpedTongs","Molten Egg 2","Runic Pyramid","Art of War","Smiling Mask","Incense Burner","Eternal Feather","Mummified Hand","DollysMirror","Bottled Flame","Gremlin Horn","Shuriken","OrangePellets","Happy Flower"],"acts_visited":["Exordium","TheCity","TheBeyond","TheEnding"],"potions_floor_usage":[55,55],"damage_taken":[{"damage":6,"enemies":"Jaw Worm","floor":1,"turns":3},{"damage":0,"enemies":"Cultist","floor":5,"turns":3},{"damage":8,"enemies":"Lagavulin","floor":6,"turns":8},{"damage":0,"enemies":"2 Louse","floor":7,"turns":3},{"damage":0,"enemies":"3 Sentries","floor":10,"turns":6},{"damage":0,"enemies":"Exordium Wildlife","floor":12,"turns":3},{"damage":0,"enemies":"Gremlin Nob","floor":13,"turns":3},{"damage":0,"enemies":"2 Fungi Beasts","floor":14,"turns":2},{"damage":1,"enemies":"Hexaghost","floor":16,"turns":8},{"damage":0,"enemies":"Chosen","floor":18,"turns":3},{"damage":0,"enemies":"3 Byrds","floor":19,"turns":2},{"damage":0,"enemies":"Centurion and Healer","floor":20,"turns":6},{"damage":0,"enemies":"Snake Plant","floor":21,"turns":4},{"damage":0,"enemies":"3 Cultists","floor":22,"turns":6},{"damage":0,"enemies":"Slavers","floor":24,"turns":5},{"damage":0,"enemies":"Cultist and Chosen","floor":25,"turns":5},{"damage":0,"enemies":"Sentry and Sphere","floor":27,"turns":6},{"damage":0,"enemies":"Book of Stabbing","floor":28,"turns":3},{"damage":0,"enemies":"Slavers","floor":30,"turns":4},{"damage":0,"enemies":"Automaton","floor":33,"turns":9},{"damage":0,"enemies":"3 Shapes","floor":35,"turns":3},{"damage":0,"enemies":"Orb Walker","floor":37,"turns":3},{"damage":0,"enemies":"Writhing Mass","floor":39,"turns":6},{"damage":0,"enemies":"Reptomancer","floor":40,"turns":7},{"damage":0,"enemies":"Giant Head","floor":44,"turns":7},{"damage":0,"enemies":"Sphere and 2 Shapes","floor":47,"turns":5},{"damage":0,"enemies":"Awakened One","floor":50,"turns":8},{"damage":0,"enemies":"Shield and Spear","floor":54,"turns":3},{"damage":6,"enemies":"The Heart","floor":55,"turns":9}],"seed_played":"2695676943607973060","potions_obtained":[{"floor":7,"key":"PotionOfCapacity"},{"floor":13,"key":"AttackPotion"},{"floor":16,"key":"GamblersBrew"}],"is_trial":false,"path_per_floor":["M","?","$","?","M","E","M","R","T","E","?","M","E","M","R","B",null,"M","M","M","M","M","R","E","M","T","M","E","R","E","?","R","B",null,"M","?","M","$","M","E","?","R","T","E","$","?","M","$","R","B",null,"R","$","E","B",null],"character_chosen":"DEFECT","items_purchased":["Medical Kit","Question Card","Streamline","Art of War","Seek+1","Glacier+1","Defragment","DollysMirror","Defragment","Shuriken","OrangePellets","DuplicationPotion","Ancient Potion"],"campfire_rested":0,"item_purchase_floors":[3,3,3,38,38,45,45,45,48,53,53,53,53],"current_hp_per_floor":[69,69,69,69,70,63,64,64,64,65,65,66,67,68,68,68,83,84,85,86,87,88,88,89,90,90,91,92,92,93,93,93,94,94,95,95,96,96,97,98,86,86,86,99,99,89,100,100,100,101,101,101,101,102,103],"gold":155,"neow_bonus":"BOSS_RELIC","is_daily":false,"chose_seed":false,"campfire_upgraded":0,"win_rate":0.0,"timestamp":1612894703,"path_taken":["M","?","?","?","?","E","M","R","T","E","?","M","E","M","R","BOSS","M","?","M","?","M","R","E","M","T","M","E","R","E","?","R","BOSS","M","?","M","$","M","E","?","R","T","E","?","?","M","$","R","BOSS","R","$","E","BOSS"],"items_purchased_type":["Relic","Relic","Card","Relic","Card","Card","Card","Relic","Card","Relic","Relic","Potion","Potion"],"build_version":"2020-12-18","purchased_purges":4,"victory":true,"max_hp_per_floor":[75,75,75,75,76,77,78,78,78,79,79,80,81,82,82,83,83,84,85,86,87,88,88,89,90,90,91,92,92,93,93,93,94,94,95,95,96,96,97,98,98,98,98,99,99,99,100,100,100,101,101,101,101,102,103],"card_choices":[{"not_picked":["Beam Cell","Leap"],"picked":"Go for the Eyes","floor":1},{"not_picked":["Auto Shields","Streamline","Conserve Battery"],"picked":"Coolheaded","floor":5},{"not_picked":["FTL","Darkness","Turbo"],"picked":"Defragment","floor":6},{"not_picked":["Undo","Barrage","Beam Cell","Steam"],"picked":"SKIP","floor":7},{"not_picked":["Electrodynamics","Reboot","Stack"],"picked":"Cold Snap","floor":10},{"not_picked":["Melter","Compile Driver","Auto Shields"],"picked":"Go for the Eyes","floor":12},{"not_picked":["Ball Lightning","Gash","Sweeping Beam"],"picked":"White Noise+1","floor":13},{"not_picked":["FTL","Rebound","Steam+1"],"picked":"Coolheaded+1","floor":14},{"not_picked":["All For One","Meteor Strike","Reboot+1"],"picked":"Seek+1","floor":16},{"not_picked":["White Noise+1","Genetic Algorithm+1","Scrape"],"picked":"Self Repair","floor":18},{"not_picked":["Redo+1","Beam Cell+1","Darkness+1"],"picked":"Turbo+1","floor":19},{"not_picked":["Turbo+1","Heatsinks","Undo+1"],"picked":"Defragment+1","floor":20},{"not_picked":["Ball Lightning","Reprogram+1","Gash"],"picked":"Cold Snap","floor":21},{"not_picked":["Sunder","Leap+1","Beam Cell"],"picked":"Barrage+1","floor":22},{"not_picked":["Self Repair","Auto Shields+1","Compile Driver"],"picked":"Double Energy+1","floor":24},{"not_picked":["Self Repair","Beam Cell","Coolheaded+1"],"picked":"Hologram+1","floor":25},{"not_picked":["Streamline+1","Recycle+1","Capacitor+1"],"picked":"Defragment+1","floor":27},{"not_picked":["Steam+1","Coolheaded+1","Chaos+1"],"picked":"Compile Driver+1","floor":28},{"not_picked":["Sweeping Beam","Streamline","Compile Driver+1"],"picked":"Creative AI","floor":30},{"not_picked":["Core Surge+1","Electrodynamics","Thunder Strike+1"],"picked":"Echo Form","floor":33},{"not_picked":["Compile Driver+1","Barrage+1","Leap+1"],"picked":"Conserve Battery+1","floor":35},{"not_picked":["Lockon+1","Undo+1","Scrape+1","Steam+1"],"picked":"SKIP","floor":37},{"not_picked":["Beam Cell+1","Tempest+1","Stack+1"],"picked":"Hologram+1","floor":39},{"not_picked":["Go for the Eyes+1","Streamline+1","Lockon+1"],"picked":"Coolheaded+1","floor":40},{"not_picked":["Rebound+1","Multi-Cast+1","Chaos+1"],"picked":"Defragment+1","floor":44},{"not_picked":["Master of Strategy+1","HandOfGreed+1","Bandage Up+1"],"picked":"Panache","floor":46},{"not_picked":["Genetic Algorithm+1","Conserve Battery+1","Gash+1"],"picked":"Streamline+1","floor":47},{"not_picked":["Undo+1","White Noise+1","Beam Cell+1"],"picked":"Seek+1","floor":54}],"player_experience":2349393,"relics_obtained":[{"floor":6,"key":"Bag of Preparation"},{"floor":9,"key":"Bottled Lightning"},{"floor":10,"key":"Pen Nib"},{"floor":13,"key":"Toxic Egg 2"},{"floor":15,"key":"Meat on the Bone"},{"floor":23,"key":"War Paint"},{"floor":24,"key":"Bottled Tornado"},{"floor":26,"key":"Ice Cream"},{"floor":28,"key":"Mercury Hourglass"},{"floor":29,"key":"FossilizedHelix"},{"floor":30,"key":"Matryoshka"},{"floor":32,"key":"Molten Egg 2"},{"floor":40,"key":"Smiling Mask"},{"floor":42,"key":"Incense Burner"},{"floor":43,"key":"Eternal Feather"},{"floor":44,"key":"Mummified Hand"},{"floor":49,"key":"Bottled Flame"},{"floor":52,"key":"Gremlin Horn"},{"floor":54,"key":"Happy Flower"}],"event_choices":[{"cards_removed":["Go for the Eyes"],"damage_healed":0,"gold_gain":0,"player_choice":"Gave Card","damage_taken":0,"relics_obtained":["Ornamental Fan"],"max_hp_gain":0,"max_hp_loss":0,"event_name":"WeMeetAgain","floor":2,"gold_loss":0},{"damage_healed":0,"gold_gain":0,"player_choice":"Trade","damage_taken":0,"relics_obtained":["FaceOfCleric"],"max_hp_gain":0,"max_hp_loss":0,"event_name":"FaceTrader","floor":4,"gold_loss":0},{"cards_removed":["Strike_B"],"damage_healed":0,"gold_gain":0,"player_choice":"Offered Basic","damage_taken":0,"max_hp_gain":0,"max_hp_loss":0,"event_name":"Bonfire Elementals","floor":11,"gold_loss":0},{"damage_healed":0,"gold_gain":0,"player_choice":"Rummage","damage_taken":0,"relics_obtained":["WarpedTongs"],"max_hp_gain":0,"max_hp_loss":0,"event_name":"Accursed Blacksmith","floor":31,"gold_loss":0,"cards_obtained":["Pain"]},{"cards_removed":["Strike_B"],"damage_healed":0,"gold_gain":0,"player_choice":"Removed Attack","damage_taken":0,"max_hp_gain":0,"max_hp_loss":0,"event_name":"Falling","floor":36,"gold_loss":0},{"damage_healed":0,"gold_gain":0,"player_choice":"Embrace Madness","damage_taken":12,"max_hp_gain":0,"max_hp_loss":0,"event_name":"Winding Halls","floor":41,"gold_loss":0,"cards_obtained":["Madness","Madness"]},{"damage_healed":0,"gold_gain":0,"player_choice":"Memory 3","damage_taken":10,"max_hp_gain":0,"max_hp_loss":0,"event_name":"SensoryStone","floor":46,"gold_loss":0}],"is_beta":true,"boss_relics":[{"not_picked":["Tiny House","Empty Cage"],"picked":"Inserter"},{"not_picked":["Philosopher\u0027s Stone","Black Star"],"picked":"Runic Pyramid"}],"items_purged_floors":[3,38,48,53],"is_endless":false,"potions_floor_spawned":[7,13,16,18,19,24,25,28,35,37,54],"ascension_level":1}}