{"host":"vit9b6u76k1y61sh","time":1612858005,"event":{"mods":["BaseMod","Block Reminder","Colored Powertips","Highlight Path","Minty Spire (QoL Compilation)","Rare Cards Sparkle","Relic Sorter","Relic Stats","StSLib"],"gold_per_floor":[111,121,121,135,15,47,64,97,97,97,131,131,161,180,180,283,283,301,301,311,326,326,326,352,372,423,240,251,251,251,264,264,264,264],"floor_reached":33,"language":"ENG","playtime":1227,"items_purged":["Defend_R"],"score":432,"play_id":"1bdcc6fc-0fde-42e5-b520-2eb44a958d5c","local_time":"20210209030645","is_ascension_mode":true,"campfire_choices":[{"data":"Perfected Strike","floor":12,"key":"SMITH"},{"data":"Perfected Strike","floor":15,"key":"SMITH"},{"data":"Perfected Strike","floor":23,"key":"SMITH"},{"data":"Apotheosis","floor":32,"key":"SMITH"}],"circlet_count":0,"master_deck":["Strike_R","Strike_R","Strike_R","Strike_R","Bash","Shrug It Off","Iron Wave","Perfected Strike+1","Pommel Strike","Perfected Strike+1","Limit Break","Twin Strike","Twin Strike","Reaper","Twin Strike","Offering","Perfected Strike+1","Necronomicurse","Twin Strike","Perfected Strike","Apotheosis+1","Flex","Metallicize"],"relics":["Burning Blood","NeowsBlessing","Pear","White Beast Statue","Turnip","Ice Cream","Empty Cage","Necronomicon","Dream Catcher","Nunchaku"],"acts_visited":["Exordium","TheCity"],"potions_floor_usage":[8,11,13,14,16,18,33,33],"damage_taken":[{"damage":0,"enemies":"Cultist","floor":1,"turns":1},{"damage":0,"enemies":"2 Louse","floor":2,"turns":1},{"damage":0,"enemies":"Small Slimes","floor":4,"turns":1},{"damage":30,"enemies":"3 Sentries","floor":6,"turns":7},{"damage":11,"enemies":"Gremlin Gang","floor":7,"turns":5},{"damage":18,"enemies":"Lagavulin","floor":8,"turns":6},{"damage":14,"enemies":"Gremlin Nob","floor":11,"turns":3},{"damage":14,"enemies":"3 Sentries","floor":13,"turns":6},{"damage":17,"enemies":"Lots of Slimes","floor":14,"turns":5},{"damage":0,"enemies":"Slime Boss","floor":16,"turns":4},{"damage":20,"enemies":"2 Thieves","floor":18,"turns":3},{"damage":6,"enemies":"3 Byrds","floor":20,"turns":3},{"damage":0,"enemies":"Snake Plant","floor":21,"turns":1},{"damage":71,"enemies":"Slavers","floor":24,"turns":5},{"damage":9,"enemies":"Centurion and Healer","floor":25,"turns":2},{"damage":0,"enemies":"Shelled Parasite and Fungi","floor":28,"turns":2},{"damage":0,"enemies":"Snake Plant","floor":31,"turns":1},{"damage":22,"enemies":"Champ","floor":33,"turns":5}],"seed_played":"3042440235366868320","potions_obtained":[{"floor":1,"key":"LiquidMemories"},{"floor":6,"key":"SteroidPotion"},{"floor":7,"key":"AttackPotion"},{"floor":11,"key":"ElixirPotion"},{"floor":13,"key":"AttackPotion"},{"floor":14,"key":"LiquidMemories"},{"floor":16,"key":"LiquidBronze"},{"floor":18,"key":"BlessingOfTheForge"},{"floor":20,"key":"SpeedPotion"},{"floor":21,"key":"Ancient Potion"},{"floor":24,"key":"Block Potion"}],"is_trial":false,"path_per_floor":["M","M","?","M","$","E","M","E","T","$","E","R","E","M","R","B",null,"M","?","M","M","?","R","E","M","T","$","M","$","?","M","R","B"],"character_chosen":"IRONCLAD","items_purchased":["Perfected Strike","Apotheosis"],"campfire_rested":0,"item_purchase_floors":[5,27],"current_hp_per_floor":[80,80,80,80,80,66,61,49,49,49,41,41,41,50,50,56,90,76,60,60,66,66,66,25,22,22,22,28,28,28,34,34,34,34],"gold":264,"neow_bonus":"THREE_ENEMY_KILL","is_daily":false,"chose_seed":false,"campfire_upgraded":4,"win_rate":0.0,"timestamp":1612858005,"path_taken":["M","M","?","?","$","E","M","E","T","$","E","R","E","?","R","BOSS","M","?","M","M","?","R","E","M","T","$","?","?","?","M","R","BOSS"],"items_purchased_type":["Card","Card"],"build_version":"2020-12-22","purchased_purges":1,"victory":false,"max_hp_per_floor":[80,80,80,80,80,90,90,90,90,90,90,90,90,90,90,90,90,90,90,90,90,90,90,90,90,90,90,90,90,90,90,90,90,90],"relic_stats":{"Dream Catcher":0,"Nunchaku":[2],"counters":[18,61],"Turnip":[4],"Necronomicon":[17],"obtain_stats":[{"Ice Cream":13,"Dream Catcher":24,"Nunchaku":26,"Pear":6,"NeowsBlessing":0,"Turnip":11,"Necronomicon":19,"Empty Cage":17,"Burning Blood":0,"White Beast Statue":8},{"Ice Cream":8,"Dream Catcher":14,"Nunchaku":15,"Pear":4,"NeowsBlessing":0,"Turnip":7,"Necronomicon":11,"Empty Cage":10,"Burning Blood":0,"White Beast Statue":6},{"Ice Cream":30,"Dream Catcher":51,"Nunchaku":53,"Pear":10,"NeowsBlessing":0,"Turnip":24,"Necronomicon":42,"Empty Cage":39,"Burning Blood":0,"White Beast Statue":21}],"Burning Blood":84},"card_choices":[{"not_picked":["Dropkick","Clothesline"],"picked":"Shrug It Off","floor":1},{"not_picked":["Rage","True Grit"],"picked":"Iron Wave","floor":2},{"not_picked":["Sentinel","Reckless Charge"],"picked":"Pommel Strike","floor":4},{"not_picked":["Fiend Fire","Anger"],"picked":"Limit Break","floor":6},{"not_picked":["Dual Wield","Reckless Charge"],"picked":"Twin Strike","floor":7},{"not_picked":["Clash","Armaments"],"picked":"Twin Strike","floor":8},{"not_picked":["True Grit","Power Through"],"picked":"Reaper","floor":11},{"not_picked":["Uppercut","Pummel","Heavy Blade"],"picked":"SKIP","floor":13},{"not_picked":["Intimidate","Flame Barrier"],"picked":"Twin Strike","floor":14},{"not_picked":["Juggernaut","Bludgeon"],"picked":"Offering","floor":16},{"not_picked":["Anger+1","Searing Blow"],"picked":"Perfected Strike","floor":18},{"not_picked":["Cleave","Clash"],"picked":"Twin Strike","floor":20},{"not_picked":["Rampage+1","Sword Boomerang","Power Through+1"],"picked":"SKIP","floor":21},{"not_picked":["Battle Trance+1","Havoc"],"picked":"Perfected Strike","floor":24},{"not_picked":["Dark Embrace","Rage","Burning Pact+1"],"picked":"SKIP","floor":25},{"not_picked":["Metallicize","Entrench"],"picked":"Flex","floor":28},{"not_picked":["Cleave+1","Iron Wave"],"picked":"Metallicize","floor":31}],"player_experience":158386,"relics_obtained":[{"floor":6,"key":"Pear"},{"floor":8,"key":"White Beast Statue"},{"floor":11,"key":"Turnip"},{"floor":13,"key":"Ice Cream"},{"floor":19,"key":"Necronomicon"},{"floor":24,"key":"Dream Catcher"},{"floor":26,"key":"Nunchaku"}],"event_choices":[{"damage_healed":0,"gold_gain":0,"cards_transformed":["Strike_R"],"player_choice":"Transformed","damage_taken":0,"max_hp_gain":0,"max_hp_loss":0,"event_name":"Transmorgrifier","floor":3,"gold_loss":0,"cards_obtained":["Perfected Strike"]},{"damage_healed":0,"gold_gain":0,"player_choice":"Obtained Book","damage_taken":16,"max_hp_gain":0,"max_hp_loss":0,"event_name":"Cursed Tome","floor":19,"gold_loss":0},{"cards_removed":["Defend_R"],"damage_healed":0,"gold_gain":0,"player_choice":"Purged","damage_taken":0,"max_hp_gain":0,"max_hp_loss":0,"event_name":"Purifier","floor":22,"gold_loss":0},{"damage_healed":0,"gold_gain":0,"player_choice":"Ignored","damage_taken":0,"max_hp_gain":0,"max_hp_loss":0,"event_name":"Ghosts","floor":30,"gold_loss":0}],"is_beta":false,"boss_relics":[{"not_picked":["Velvet Choker","Runic Cube"],"picked":"Empty Cage"}],"items_purged_floors":[5],"is_endless":false,"potions_floor_spawned":[1,6,7,11,13,14,16,18,20,21,24,25,28,31],"killed_by":"Champ","ascension_level":2}}