{"host":"ydh61a5ftgdajrbo","time":1612873854,"event":{"mods":["BaseMod","Colored Map","DeckTracker","Downfall","HololiveMod","Minty Spire (QoL Compilation)","Prisma Mod","Replay The Spire","Spire Arcade","StSLib","The Cursed","The Gatherer","The Jungle","The Mystic","The Runesmith","The Servant 0.9.4","WarShipGirlsR/??¤Ö¤kR mod"],"gold_per_floor":[113,113,133,133,152,152,152,152,165,165,165,184,184,184,184],"floor_reached":14,"language":"ZHS","playtime":521,"items_purged":[],"score":80,"play_id":"b1628da3-c95b-4f13-b1f6-11830bd12ed2","local_time":"20210209203054","is_ascension_mode":false,"campfire_choices":[{"data":"Runesmith:Reinforce","floor":6,"key":"SMITH"},{"data":"Runesmith:Firestorm","floor":10,"key":"SMITH"},{"data":"Runesmith:CraftFirestone","floor":13,"key":"SMITH"}],"circlet_count":0,"master_deck":["Runesmith:Strike_RS","Runesmith:Strike_RS","Runesmith:Strike_RS","Runesmith:Strike_RS","Runesmith:Defend_RS","Runesmith:Defend_RS","Runesmith:Defend_RS","Runesmith:Defend_RS","Runesmith:CraftFirestone+1","Runesmith:Fortify","Runesmith:Reinforce+1","Runesmith:HammerTime","Pain","Runesmith:BackupBattery","Runesmith:Firestorm+1"],"relics":["Runesmith:BrokenRuby","WarpedTongs","The Courier"],"acts_visited":["Exordium"],"potions_floor_usage":[],"damage_taken":[{"damage":5.0,"enemies":"Jaw Worm","floor":1.0,"turns":3.0},{"damage":0,"enemies":"Small Slimes","floor":3,"turns":2},{"damage":8,"enemies":"Cultist","floor":5,"turns":3},{"damage":5,"enemies":"Exordium Wildlife","floor":9,"turns":3},{"damage":21,"enemies":"3 Louse","floor":12,"turns":3},{"damage":42,"enemies":"Gremlin Nob","floor":14,"turns":3}],"seed_played":"-2061982178652885082","potions_obtained":[{"floor":5,"key":"DistilledChaos"},{"floor":9,"key":"LiquidMemories"}],"is_trial":false,"path_per_floor":["M","?","M","?","M","R","PTL","PTL","M","R","T","M","R","E"],"character_chosen":"RUNESMITH_CLASS","items_purchased":[],"campfire_rested":0,"item_purchase_floors":[],"current_hp_per_floor":[72,72,72,72,64,64,64,64,59,59,59,38,38,0,0],"gold":184,"neow_bonus":"TEN_PERCENT_HP_BONUS","is_daily":false,"chose_seed":false,"campfire_upgraded":3,"win_rate":0.0,"timestamp":1612873854,"path_taken":["M","?","M","?","M","R","PTL","PTL","?","R","T","M","R","E"],"items_purchased_type":[],"build_version":"2020-12-22","purchased_purges":0,"victory":false,"max_hp_per_floor":[77,77,77,77,77,77,77,77,77,77,77,77,77,77,77],"card_choices":[{"not_picked":["Runesmith:UnstableHammer","Runesmith:HeatExchange"],"picked":"Runesmith:Reinforce","floor":1.0},{"not_picked":["Runesmith:HammerThrow","Runesmith:HeatedChisel"],"picked":"Runesmith:HammerTime","floor":3},{"not_picked":["Runesmith:HeatedChisel","Runesmith:WhiteBalance"],"picked":"Runesmith:BackupBattery","floor":5},{"not_picked":["Runesmith:EarthShield","Runesmith:MakeshiftArmor"],"picked":"Runesmith:Firestorm","floor":9},{"not_picked":["Runesmith:UnstableHammer","Runesmith:Repurpose","Runesmith:Reinforce"],"picked":"SKIP","floor":12}],"player_experience":375365,"relics_obtained":[{"floor":11,"key":"The Courier"}],"event_choices":[{"damage_healed":0.0,"max_hp_gain":0.0,"max_hp_loss":0.0,"gold_gain":0.0,"event_name":"Liars Game","player_choice":"Ignored","floor":2.0,"gold_loss":0.0,"damage_taken":0.0},{"damage_healed":0,"gold_gain":0,"player_choice":"Rummage","damage_taken":0,"relics_obtained":["WarpedTongs"],"max_hp_gain":0,"max_hp_loss":0,"event_name":"Accursed Blacksmith","floor":4,"gold_loss":0,"cards_obtained":["Pain"]}],"is_beta":false,"boss_relics":[],"items_purged_floors":[],"is_endless":false,"potions_floor_spawned":[5,9],"killed_by":"Gremlin Nob","ascension_level":0}}