{"host":"dvz52zoduqbx9zr0","time":1612884019,"event":{"mods":["AchievementEnabler","Always Whale","Aspiration","BaseMod","BetterRewards","Colored Map","Conspire","Custom Start","Downfall","Halation","Hubris","Jedi Mod","Minty Spire (QoL Compilation)","Relic Sorter","Replay The Spire","Shop Mod","StSLib","SuperFastMode"],"gold_per_floor":[99,113,130,130,130,30,30,30,49,64,97,97,97,114,128,229,229,229,247,157,157,175,175,202,222,232,265,365,384,484,502,519,624,624,424,435,451,466,466,466,466,479,221,234,251,251,263,222,237,237,237,237,237,237],"floor_reached":52,"language":"ENG","playtime":3527,"items_purged":["Slimebound:GoopTackle+1","Slimebound:CorrosiveSpit","Slimebound:Strike_Slimebound"],"score":757,"play_id":"834c427e-8c29-4282-a064-ea95a7a15557","local_time":"20210210012019","is_ascension_mode":false,"campfire_choices":[{"floor":1,"key":"RECALL"},{"data":"Slimebound:Split","floor":6,"key":"SMITH"},{"data":"Slimebound:SplitMire","floor":8,"key":"SMITH"},{"data":"Slimebound:GoopTackle","floor":12,"key":"SMITH"},{"data":"Slimebound:MassRepurpose","floor":18,"key":"SMITH"},{"data":"Slimebound:Equalize","floor":23,"key":"SMITH"},{"data":"Slimebound:Teamwork","floor":35,"key":"SMITH"},{"data":"Slimebound:DisruptingSlam","floor":40,"key":"SMITH"},{"data":"Slimebound:FirmFortitude","floor":46,"key":"SMITH"}],"circlet_count":0,"master_deck":["Slimebound:Strike_Slimebound","Slimebound:Tackle","Slimebound:Defend_Slimebound","Slimebound:Defend_Slimebound","Slimebound:Defend_Slimebound","Slimebound:Defend_Slimebound","Slimebound:Split+1","Slimebound:SamplingLick","Slimebound:SplitMire+1","Slimebound:LivingWall","Slimebound:DisruptingSlam+1","Slimebound:Equalize+1","Slimebound:MassRepurpose+1","Slimebound:SlimeBarrage+1","Slimebound:ForwardTackle+1","Slimebound:SplitLeeching","Slimebound:SlimeSpikes+1","Slimebound:Repurpose","Slimebound:RainOfGoop","Slimebound:PressTheAttack+1","Slimebound:LeechEnergy+1","Slimebound:SlimeSpikes+1","Slimebound:Teamwork+1","Slimebound:GoopSpray+1","Slimebound:FirmFortitude+1"],"relics":["Slimebound:AbsorbEndCombat","downfall:HeartBlessingBlue","hubris:CrystalStatue","Slimebound:MaxSlimesRelic","jedi:paperlyon","InkBottle","Potion Belt","Bottled Lightning","Replay:PocketPolymizer","Chameleon Ring","halation:MonkeysPaw","downfall:HeartBlessingRed","downfall:HeartBlessingGreen","hubris:Teleporter","Strawberry","Pear"],"acts_visited":["Exordium","TheCity","TheBeyond","TheEnding"],"potions_floor_usage":[13,15,27,30,33,33,52],"damage_taken":[{"damage":9,"enemies":"Jaw Worm","floor":2,"turns":3},{"damage":6,"enemies":"Small Slimes","floor":3,"turns":3},{"damage":0,"enemies":"Cultist","floor":9,"turns":2},{"damage":0,"enemies":"3 Louse","floor":10,"turns":2},{"damage":11,"enemies":"Lagavulin","floor":11,"turns":5},{"damage":4,"enemies":"Gremlin Gang","floor":14,"turns":3},{"damage":0,"enemies":"Blue Slaver","floor":15,"turns":1},{"damage":19,"enemies":"IC_STATUS_ARCHETYPE","floor":16,"turns":7},{"damage":13,"enemies":"3 Byrds","floor":19,"turns":5},{"damage":0,"enemies":"downfall:FleeingMerchant","floor":20,"turns":4},{"damage":0,"enemies":"Chosen","floor":22,"turns":3},{"damage":16,"enemies":"Sentry and Sphere","floor":25,"turns":4},{"damage":0,"enemies":"Shelled Parasite and Fungi","floor":26,"turns":4},{"damage":27,"enemies":"Gremlin Leader","floor":27,"turns":6},{"damage":4,"enemies":"Centurion and Healer","floor":29,"turns":5},{"damage":14,"enemies":"Colosseum Nobs","floor":30,"turns":5},{"damage":16,"enemies":"Snake Plant","floor":31,"turns":3},{"damage":5,"enemies":"Chosen and Byrds","floor":32,"turns":3},{"damage":3,"enemies":"WA_ARCHETYPE_CALM","floor":33,"turns":5},{"damage":0,"enemies":"Orb Walker","floor":36,"turns":4},{"damage":2,"enemies":"3 Shapes","floor":37,"turns":3},{"damage":18,"enemies":"Jaw Worm Horde","floor":38,"turns":4},{"damage":3,"enemies":"Transient","floor":42,"turns":5},{"damage":0,"enemies":"downfall:FleeingMerchant","floor":43,"turns":4},{"damage":10,"enemies":"Spire Growth","floor":44,"turns":4},{"damage":20,"enemies":"Jaw Worm Horde","floor":45,"turns":4},{"damage":4,"enemies":"3 Darklings","floor":47,"turns":4},{"damage":3,"enemies":"downfall:FleeingMerchant","floor":48,"turns":2},{"damage":0,"enemies":"Sphere and 2 Shapes","floor":49,"turns":4},{"damage":45,"enemies":"DF_ARCHETYPE_ORBS","floor":50,"turns":11},{"damage":160,"enemies":"downfall:CharBossMerchant","floor":52,"turns":8}],"seed_played":"-7007062218734661360","potions_obtained":[{"floor":0,"key":"Fire Potion"},{"floor":0,"key":"GamblersBrew"},{"floor":0,"key":"AttackPotion"},{"floor":3,"key":"Ancient Potion"},{"floor":9,"key":"Swift Potion"},{"floor":13,"key":"Fruit Juice"},{"floor":13,"key":"Slimebound:SlimyTonguePotion"},{"floor":22,"key":"hexamod:SoulburnPotion"},{"floor":25,"key":"Elixir"},{"floor":27,"key":"ColorlessPotion"},{"floor":30,"key":"LiquidBronze"},{"floor":32,"key":"bronze:BurnAndBuffPotion"},{"floor":38,"key":"BlessingOfTheForge"},{"floor":42,"key":"jedi:StrikingPotion"}],"is_trial":false,"path_per_floor":["R","M","M","?","T","R","T","R","M","M","E","R","?","M","M","B",null,"R","M","$","?","M","R","T","M","M","E","?","M","?","M","M","B",null,"R","M","M","M","?","R","T","M","$","M","M","R","M","$","M","B",null,"E"],"character_chosen":"SLIMEBOUND","items_purchased":["Strawberry","Pear"],"campfire_rested":0,"item_purchase_floors":[43,48],"current_hp_per_floor":[65,56,58,58,58,68,68,68,72,75,66,66,71,75,77,74,80,80,75,80,80,80,80,80,68,74,67,67,80,66,64,67,72,80,80,80,80,62,62,62,62,79,87,79,76,76,87,97,97,67,97,0,0,0],"gold":237,"neow_bonus":"THREE_SMALL_POTIONS","is_daily":false,"chose_seed":false,"campfire_upgraded":8,"win_rate":0.0,"timestamp":1612884019,"path_taken":["R","M","M","?","?","R","T","R","M","M","E","R","?","M","M","BOSS","R","M","$","?","M","R","T","M","M","E","?","?","?","M","M","BOSS","R","M","M","M","?","R","T","M","$","M","M","R","M","$","M","BOSS","E"],"items_purchased_type":["Relic","Relic"],"build_version":"2020-12-22","purchased_purges":3,"victory":false,"max_hp_per_floor":[65,65,65,65,65,75,75,75,75,75,75,75,80,80,80,80,80,80,80,80,80,80,80,80,80,80,80,80,80,80,80,80,80,80,80,80,80,80,80,80,80,80,87,87,87,87,87,97,97,97,97,97,97,97],"card_choices":[{"not_picked":["Slimebound:SlimeSpikes","Slimebound:SlimeTap"],"picked":"Slimebound:SamplingLick","floor":2},{"not_picked":["Slimebound:SlimeSpikes","Slimebound:SplitBruiser"],"picked":"Slimebound:SplitMire","floor":3},{"not_picked":["Slimebound:FormOfPuddle","Slimebound:Dissolve"],"picked":"Slimebound:GoopTackle","floor":9},{"not_picked":["Slimebound:LeechingTouch","Slimebound:HauntingLick"],"picked":"Slimebound:LivingWall","floor":10},{"not_picked":["Slimebound:PressTheAttack","Slimebound:ItLooksTasty"],"picked":"Slimebound:DisruptingSlam","floor":11},{"not_picked":["Slimebound:SplitAcid","Slimebound:OneTwoCombo"],"picked":"Slimebound:Equalize","floor":14},{"not_picked":["Slimebound:MegaLick","Slimebound:HauntingLick","Slimebound:ComboTackle"],"picked":"SKIP","floor":15},{"not_picked":["Slimebound:RallyTheTroops","Slimebound:FirmFortitude"],"picked":"Slimebound:MassRepurpose","floor":16},{"not_picked":["Slimebound:SlimeTap","Slimebound:FlameTackle","Slimebound:HauntingLick"],"picked":"SKIP","floor":19},{"not_picked":["Slimebound:GoopSpray","Slimebound:Schlurp"],"picked":"Slimebound:SlimeBarrage+1","floor":20},{"not_picked":["Slimebound:PressTheAttack+1","Slimebound:SplitLeeching"],"picked":"Slimebound:ForwardTackle+1","floor":22},{"not_picked":["Slimebound:SlimeBrawl","Slimebound:FinishingTackle+1"],"picked":"Slimebound:SplitLeeching","floor":25},{"not_picked":["Slimebound:TongueLash+1","Slimebound:SplitAcid"],"picked":"Slimebound:SlimeSpikes+1","floor":26},{"not_picked":["Slimebound:Equalize","Slimebound:SplitLeeching"],"picked":"Slimebound:Repurpose","floor":27},{"not_picked":["Slimebound:LeechLife","Slimebound:ComboTackle"],"picked":"Slimebound:RainOfGoop","floor":29},{"not_picked":["Slimebound:FlameTackle+1","Slimebound:ProtectTheBoss"],"picked":"Slimebound:PressTheAttack+1","floor":30},{"not_picked":["Slimebound:SplitBruiser","Slimebound:SplitLeeching+1"],"picked":"Slimebound:LeechEnergy+1","floor":31},{"not_picked":["Slimebound:LeechingTouch","Slimebound:Chomp"],"picked":"Slimebound:SlimeSpikes+1","floor":32},{"not_picked":["Slimebound:Overexert","Slimebound:DuplicatedForm"],"picked":"Slimebound:Teamwork","floor":33},{"not_picked":["Slimebound:SplitBruiser","Slimebound:FlameTackle+1","Slimebound:LivingWall+1"],"picked":"SKIP","floor":36},{"not_picked":["Slimebound:Prepare","Slimebound:Gluttony+1","Slimebound:PressTheAttack"],"picked":"SKIP","floor":37},{"not_picked":["Slimebound:Replication+1","Slimebound:Nibble+1","Slimebound:ComboTackle"],"picked":"SKIP","floor":38},{"not_picked":["Slimebound:GoopTackle+1","Slimebound:Gluttony+1","Slimebound:Nibble"],"picked":"SKIP","floor":42},{"not_picked":["Slimebound:SpikyOuterGoop+1","Slimebound:FinishingTackle+1"],"picked":"Slimebound:GoopSpray+1","floor":43},{"not_picked":["Slimebound:HauntingLick+1","Slimebound:MegaLick+1"],"picked":"Slimebound:FirmFortitude","floor":44},{"not_picked":["Slimebound:GrowthPunch+1","Slimebound:FinishingTackle","Slimebound:Schlurp+1"],"picked":"SKIP","floor":45},{"not_picked":["Slimebound:SlimeSpikes+1","Slimebound:SplitBruiser+1","Slimebound:HauntingLick+1"],"picked":"SKIP","floor":47},{"not_picked":["Slimebound:FlameTackle","Slimebound:Dissolve+1","Slimebound:SplitBruiser"],"picked":"SKIP","floor":48},{"not_picked":["Slimebound:Dissolve","Slimebound:LeechingTouch","Slimebound:GoopTackle"],"picked":"SKIP","floor":49}],"player_experience":218309,"relics_obtained":[{"floor":7,"key":"hubris:CrystalStatue"},{"floor":11,"key":"Slimebound:MaxSlimesRelic"},{"floor":24,"key":"Potion Belt"},{"floor":27,"key":"Bottled Lightning"},{"floor":30,"key":"Replay:PocketPolymizer"},{"floor":30,"key":"Chameleon Ring"},{"floor":41,"key":"hubris:Teleporter"}],"event_choices":[{"damage_healed":0,"gold_gain":0,"player_choice":"Got Potions","damage_taken":0,"max_hp_gain":0,"max_hp_loss":0,"event_name":"Lab","floor":13,"gold_loss":0}],"is_beta":false,"boss_relics":[{"not_picked":["halation:ForbiddenBikini","SacredBark"],"picked":"jedi:paperlyon"},{"not_picked":["conspire:SpecialSausage","conspire:SeveredTorchhead"],"picked":"halation:MonkeysPaw"}],"items_purged_floors":[20,43,48],"is_endless":false,"potions_floor_spawned":[3,9,10,22,25,27,30,32,38,42,44,45],"killed_by":"downfall:CharBossMerchant","ascension_level":0}}