{"host":"jpcy2bclvs7juczu","time":1612843376,"event":{"mods":["Alarm Clock","BaseMod","Bestiary","Block Reminder","Colored Map","Colored Powertips","Current Relic Mod","Curses Come First","Dark Map","Filter the Spire","Minty Spire (QoL Compilation)","Quick Restart","RNG Fix","Relic Stats","Slay the Relics Exporter","Smile Girya","StSLib","everything is the same but u backflip on backflip","ojb\u0027s Better Paths Mod","ojb\u0027s Info Mod","slay the spire mod where everything is the same but ironclad has a cowboy hat"],"gold_per_floor":[115,18,30,30,46,89,89,120,198,232,250,294,319,335,335,428,428,441,64,64,84,98,138,163,205,274,274,326,326,369,411,411,514,514,529,568,637,263,295,348,348,388,388,441,199,235,215,260,260,260,260,260,260,52,104,104,104],"floor_reached":56,"language":"ENG","playtime":4485,"items_purged":["Poisoned Stab"],"score":2650,"play_id":"52d3aa14-d0d2-480b-a1c8-958e492d0787","local_time":"20210208230256","is_ascension_mode":true,"campfire_choices":[{"data":"Dagger Spray","floor":7,"key":"SMITH"},{"data":"Malaise","floor":15,"key":"SMITH"},{"data":"Catalyst","floor":27,"key":"SMITH"},{"data":"Crippling Poison","floor":29,"key":"SMITH"},{"data":"Cloak And Dagger","floor":32,"key":"SMITH"},{"data":"Catalyst","floor":41,"key":"SMITH"},{"floor":49,"key":"RECALL"},{"data":"Bullet Time","floor":53,"key":"SMITH"}],"circlet_count":0,"master_deck":["AscendersBane","Survivor","Neutralize","Distraction","Deflect","PiercingWail","Masterful Stab","Flying Knee","Blade Dance","Dagger Spray+1","Crippling Poison+1","Poisoned Stab","Bouncing Flask","Footwork","Acrobatics","Malaise+1","Adrenaline","Predator","Backstab","Venomology","Adrenaline","Bullet Time+1","Grand Finale","Prepared","Deflect","PiercingWail","Secret Technique","Blade Dance","Terror","Dodge and Roll+1","Backflip","Catalyst+1","Tools of the Trade","Outmaneuver","Cloak And Dagger+1","Finisher","Corpse Explosion","Deflect+1","Caltrops+1","Master of Strategy","Noxious Fumes","Deflect","Catalyst+1","Backflip","Tactician","Cloak And Dagger+1","Underhanded Strike+1","Calculated Gamble","Acrobatics","Ball Lightning"],"relics":["Ring of the Snake","Golden Idol","Dead Branch","MealTicket","Pantograph","Kunai","Orichalcum","Pandora\u0027s Box","Chemical X","CeramicFish","Question Card","White Beast Statue","Art of War","Prayer Wheel","Coffee Dripper","Gambling Chip","Happy Flower","Smiling Mask","Lantern","TwistedFunnel","Juzu Bracelet","PrismaticShard","Paper Crane"],"acts_visited":["Exordium","TheCity","TheBeyond","TheEnding"],"potions_floor_usage":[6,12,13,21,25,28,30,31,33,37,39,40,42,44,44,44,46,55,56,56,56],"damage_taken":[{"damage":0,"enemies":"Jaw Worm","floor":1,"turns":4},{"damage":0,"enemies":"Cultist","floor":3,"turns":4},{"damage":1,"enemies":"Small Slimes","floor":5,"turns":3},{"damage":3,"enemies":"Gremlin Nob","floor":6,"turns":3},{"damage":20,"enemies":"3 Sentries","floor":8,"turns":6},{"damage":8,"enemies":"Gremlin Nob","floor":10,"turns":3},{"damage":3,"enemies":"Blue Slaver","floor":11,"turns":4},{"damage":2,"enemies":"Lagavulin","floor":12,"turns":4},{"damage":0,"enemies":"Gremlin Gang","floor":13,"turns":4},{"damage":6,"enemies":"Large Slime","floor":14,"turns":3},{"damage":0,"enemies":"Hexaghost","floor":16,"turns":10},{"damage":0,"enemies":"2 Thieves","floor":18,"turns":1},{"damage":7,"enemies":"Shell Parasite","floor":21,"turns":3},{"damage":0,"enemies":"Cultist and Chosen","floor":22,"turns":5},{"damage":5,"enemies":"Book of Stabbing","floor":23,"turns":4},{"damage":4,"enemies":"Shelled Parasite and Fungi","floor":24,"turns":3},{"damage":0,"enemies":"Gremlin Leader","floor":25,"turns":4},{"damage":1,"enemies":"Book of Stabbing","floor":28,"turns":6},{"damage":5,"enemies":"Slavers","floor":30,"turns":4},{"damage":0,"enemies":"Snecko","floor":31,"turns":2},{"damage":0,"enemies":"Automaton","floor":33,"turns":6},{"damage":1,"enemies":"3 Shapes","floor":35,"turns":3},{"damage":13,"enemies":"3 Darklings","floor":36,"turns":2},{"damage":2,"enemies":"2 Orb Walkers","floor":37,"turns":4},{"damage":0,"enemies":"4 Shapes","floor":39,"turns":3},{"damage":0,"enemies":"Giant Head","floor":40,"turns":4},{"damage":0,"enemies":"Nemesis","floor":42,"turns":5},{"damage":22,"enemies":"Reptomancer","floor":44,"turns":4},{"damage":0,"enemies":"Maw","floor":46,"turns":4},{"damage":19,"enemies":"Nemesis","floor":48,"turns":5},{"damage":12,"enemies":"Donu and Deca","floor":50,"turns":5},{"damage":21,"enemies":"Time Eater","floor":51,"turns":7},{"damage":11,"enemies":"Shield and Spear","floor":55,"turns":5},{"damage":54,"enemies":"The Heart","floor":56,"turns":5}],"seed_played":"-1105158582810713595","potions_obtained":[{"floor":1,"key":"Fire Potion"},{"floor":5,"key":"FearPotion"},{"floor":11,"key":"Strength Potion"},{"floor":13,"key":"PowerPotion"},{"floor":16,"key":"Strength Potion"},{"floor":28,"key":"LiquidBronze"},{"floor":31,"key":"ColorlessPotion"},{"floor":33,"key":"CunningPotion"},{"floor":37,"key":"Energy Potion"},{"floor":39,"key":"Poison Potion"},{"floor":44,"key":"DuplicationPotion"},{"floor":46,"key":"EntropicBrew"},{"floor":55,"key":"SpeedPotion"}],"is_trial":false,"path_per_floor":["M","$","M","?","M","E","R","E","T","E","M","E","M","M","R","B",null,"M","$","?","M","M","E","M","E","T","R","E","R","E","M","R","B",null,"M","M","?","$","M","E","R","E","T","E","$","M","?","E","R","B","B",null,"R","$","E","B"],"character_chosen":"THE_SILENT","items_purchased":["Masterful Stab","Flying Knee","Chemical X","Secret Technique","Master of Strategy","Noxious Fumes","Deflect","TwistedFunnel","DistilledChaos","PrismaticShard","Acrobatics"],"campfire_rested":0,"item_purchase_floors":[2,2,19,19,38,38,38,45,45,54,54],"current_hp_per_floor":[59,59,59,54,53,50,50,30,30,22,19,17,17,11,11,36,50,50,54,54,47,47,42,38,38,38,38,37,37,32,32,32,54,54,53,40,38,53,53,53,53,53,53,31,46,46,46,27,27,40,33,49,49,54,43,0,0],"gold":104,"neow_bonus":"TRANSFORM_TWO_CARDS","is_daily":false,"chose_seed":false,"campfire_upgraded":7,"win_rate":0.0,"timestamp":1612843376,"path_taken":["M","$","M","?","M","E","R","E","T","E","M","E","M","M","R","BOSS","M","$","?","?","M","E","M","E","T","R","E","R","E","M","R","BOSS","M","M","?","$","M","E","R","E","T","E","$","M","?","E","R","BOSS","BOSS","R","$","E","BOSS"],"items_purchased_type":["Card","Card","Relic","Card","Card","Card","Card","Relic","Potion","Relic","Card"],"build_version":"2020-12-22","purchased_purges":1,"victory":false,"max_hp_per_floor":[60,60,60,54,54,54,54,54,54,54,54,54,54,54,54,54,54,54,54,54,54,54,54,54,54,54,54,54,54,54,54,54,54,54,54,54,54,54,54,54,54,54,54,54,54,54,54,54,54,54,54,54,54,54,54,54,54],"relic_stats":{"Happy Flower":[13],"counters":[34,142],"Golden Idol":242,"Dead Branch":[490],"CeramicFish":180,"Juzu Bracelet":0,"Orichalcum":[276],"Question Card":19,"Smiling Mask":0,"Pantograph":97,"Gambling Chip":[37],"MealTicket":39,"Pandora\u0027s Box":["Predator","Backstab","Venomology","Adrenaline","Bullet Time","Grand Finale","Prepared","Deflect"],"Prayer Wheel":5,"Art of War":[8],"Kunai":[95],"Chemical X":[40],"obtain_stats":[{"TwistedFunnel":45,"Lantern":44,"Happy Flower":40,"Golden Idol":4,"Dead Branch":6,"CeramicFish":23,"Juzu Bracelet":48,"Orichalcum":12,"Paper Crane":55,"Question Card":25,"Smiling Mask":42,"PrismaticShard":54,"White Beast Statue":26,"Pantograph":9,"Gambling Chip":37,"MealTicket":8,"Pandora\u0027s Box":17,"Prayer Wheel":30,"Art of War":28,"Coffee Dripper":34,"Kunai":10,"Chemical X":19,"Ring of the Snake":0},{"TwistedFunnel":28,"Lantern":28,"Happy Flower":26,"Golden Idol":2,"Dead Branch":4,"CeramicFish":15,"Juzu Bracelet":30,"Orichalcum":8,"Paper Crane":33,"Question Card":17,"Smiling Mask":27,"PrismaticShard":32,"White Beast Statue":17,"Pantograph":5,"Gambling Chip":24,"MealTicket":5,"Pandora\u0027s Box":11,"Prayer Wheel":19,"Art of War":18,"Coffee Dripper":21,"Kunai":6,"Chemical X":12,"Ring of the Snake":0},{"TwistedFunnel":111,"Lantern":111,"Happy Flower":102,"Golden Idol":8,"Dead Branch":14,"CeramicFish":61,"Juzu Bracelet":120,"Orichalcum":31,"Paper Crane":137,"Question Card":68,"Smiling Mask":107,"PrismaticShard":132,"White Beast Statue":68,"Pantograph":20,"Gambling Chip":95,"MealTicket":20,"Pandora\u0027s Box":48,"Prayer Wheel":78,"Art of War":74,"Coffee Dripper":86,"Kunai":23,"Chemical X":49,"Ring of the Snake":0}],"Ring of the Snake":[68]},"card_choices":[{"not_picked":["Prepared","Well Laid Plans"],"picked":"PiercingWail","floor":1},{"not_picked":["Dagger Spray","Escape Plan"],"picked":"Blade Dance","floor":3},{"not_picked":["Prepared","Accuracy"],"picked":"Poisoned Stab","floor":5},{"not_picked":["Infinite Blades","PiercingWail"],"picked":"Dagger Spray","floor":6},{"not_picked":["Poisoned Stab","Prepared"],"picked":"Crippling Poison","floor":8},{"not_picked":["Setup","All Out Attack"],"picked":"Poisoned Stab","floor":10},{"not_picked":["Prepared","Tactician"],"picked":"Bouncing Flask","floor":11},{"not_picked":["Expertise","Eviscerate"],"picked":"Footwork","floor":12},{"not_picked":["Deflect","Dagger Throw"],"picked":"Acrobatics","floor":13},{"not_picked":["Quick Slash","Dagger Spray"],"picked":"Malaise","floor":14},{"not_picked":["Unload","Die Die Die"],"picked":"Adrenaline","floor":16},{"not_picked":["Poisoned Stab","Prepared"],"picked":"PiercingWail","floor":18},{"not_picked":["Deadly Poison","Distraction"],"picked":"Terror","floor":21},{"not_picked":["Underhanded Strike","Tactician"],"picked":"Dodge and Roll+1","floor":22},{"not_picked":["Accuracy","Underhanded Strike","Cloak And Dagger"],"picked":"SKIP","floor":23},{"not_picked":["Skewer","Eviscerate"],"picked":"Backflip","floor":24},{"not_picked":["Calculated Gamble+1","Setup"],"picked":"Catalyst","floor":25},{"not_picked":["Quick Slash","Dagger Throw","Blade Dance"],"picked":"Tools of the Trade","floor":28},{"not_picked":["Backstab","Concentrate","Crippling Poison"],"picked":"Outmaneuver","floor":30},{"not_picked":["Deadly Poison","Heel Hook","Poisoned Stab+1"],"picked":"Cloak And Dagger","floor":31},{"not_picked":["Backstab","Sucker Punch+1","Distraction"],"picked":"Finisher","floor":31},{"not_picked":["Doppelganger","Night Terror","Unload"],"picked":"Corpse Explosion","floor":33},{"not_picked":["Finisher","Prepared+1","Underhanded Strike","Masterful Stab+1"],"picked":"SKIP","floor":35},{"not_picked":["Flying Knee+1","Bane","Choke","Expertise+1"],"picked":"SKIP","floor":35},{"not_picked":["Poisoned Stab+1","Dagger Throw+1","Flying Knee"],"picked":"Deflect+1","floor":36},{"not_picked":["Riddle With Holes","Storm of Steel","Backstab"],"picked":"Caltrops+1","floor":36},{"not_picked":["Accuracy","Choke","Acrobatics"],"picked":"Catalyst","floor":39},{"not_picked":["Deflect","Slice","Escape Plan","Choke+1"],"picked":"SKIP","floor":39},{"not_picked":["Expertise","Slice","Distraction"],"picked":"Backflip","floor":40},{"not_picked":["Sucker Punch","Quick Slash","Distraction+1","Escape Plan"],"picked":"SKIP","floor":42},{"not_picked":["Predator","Accuracy","Well Laid Plans"],"picked":"Tactician","floor":44},{"not_picked":["Envenom","Riddle With Holes","Deadly Poison"],"picked":"Cloak And Dagger+1","floor":46},{"not_picked":["Dagger Throw","Flying Knee+1","Backstab"],"picked":"Underhanded Strike+1","floor":46},{"not_picked":["Underhanded Strike+1","Endless Agony","Finisher"],"picked":"Calculated Gamble","floor":48},{"not_picked":["Lockon","Bloodletting","Poisoned Stab"],"picked":"Ball Lightning","floor":55}],"player_experience":1604466,"relics_obtained":[{"floor":6,"key":"Dead Branch"},{"floor":8,"key":"MealTicket"},{"floor":9,"key":"Pantograph"},{"floor":10,"key":"Kunai"},{"floor":12,"key":"Orichalcum"},{"floor":23,"key":"CeramicFish"},{"floor":25,"key":"Question Card"},{"floor":26,"key":"White Beast Statue"},{"floor":28,"key":"Art of War"},{"floor":30,"key":"Prayer Wheel"},{"floor":37,"key":"Gambling Chip"},{"floor":40,"key":"Happy Flower"},{"floor":42,"key":"Smiling Mask"},{"floor":44,"key":"Lantern"},{"floor":48,"key":"Juzu Bracelet"},{"floor":55,"key":"Paper Crane"}],"event_choices":[{"damage_healed":0,"gold_gain":0,"player_choice":"Lose Max HP","damage_taken":0,"relics_obtained":["Golden Idol"],"max_hp_gain":0,"max_hp_loss":6,"event_name":"Golden Idol","floor":4,"gold_loss":0},{"damage_healed":0,"gold_gain":0,"player_choice":"Read","damage_taken":0,"max_hp_gain":0,"max_hp_loss":0,"event_name":"The Library","floor":20,"gold_loss":0,"cards_obtained":["Blade Dance"]},{"damage_healed":0,"gold_gain":0,"player_choice":"Fight","damage_taken":0,"max_hp_gain":0,"max_hp_loss":0,"event_name":"Mysterious Sphere","floor":37,"gold_loss":0},{"damage_healed":0,"gold_gain":0,"player_choice":"Bought 1 Potion","damage_taken":0,"max_hp_gain":0,"max_hp_loss":0,"event_name":"The Woman in Blue","floor":47,"gold_loss":0}],"is_beta":false,"boss_relics":[{"not_picked":["Runic Dome","Empty Cage"],"picked":"Pandora\u0027s Box"},{"not_picked":["Runic Pyramid","Velvet Choker"],"picked":"Coffee Dripper"}],"items_purged_floors":[38],"is_endless":false,"potions_floor_spawned":[1,5,11,13,16,22,23,24,28,30,31,33,35,36,37,39,40,42,44,46,48,55],"killed_by":"The Heart","ascension_level":20}}