{"host":"81vb4cbob60wa1na","time":1612896497,"event":{"mods":["AchievementEnabler","BaseMod","Bestiary","Colored Map","Colored Powertips","Downfall","Highlight Path","Minty Spire (QoL Compilation)","Quick Restart","Rare Cards Sparkle","StSLib"],"gold_per_floor":[118,137,152,152,163,163,182,182,206,206,237,237,249,44,44,146,146,112,37,37,51,51,51,51,51],"floor_reached":24,"language":"ENG","playtime":865,"items_purged":[],"score":225,"play_id":"498dc9f5-ce68-4cc4-b3b6-183e94a2b97d","local_time":"20210209134817","is_ascension_mode":true,"campfire_choices":[{"data":"Echo Form","floor":6,"key":"SMITH"},{"floor":8,"key":"REST"},{"floor":12,"key":"REST"},{"data":"Zap","floor":15,"key":"SMITH"},{"floor":23,"key":"REST"}],"circlet_count":0,"master_deck":["Strike_B","Strike_B","Defend_B","Defend_B","Defend_B","Defend_B","Zap+1","Dualcast","Echo Form+1","Self Repair+1","Conserve Battery","Steam","Conserve Battery","Capacitor","Sweeping Beam","Echo Form","Self Repair","Thunder Strike"],"relics":["Cracked Core","Vajra","Toy Ornithopter"],"acts_visited":["Exordium","TheCity"],"potions_floor_usage":[7,11,16,18,21,22,24],"damage_taken":[{"damage":4,"enemies":"2 Louse","floor":1,"turns":2},{"damage":6,"enemies":"Cultist","floor":2,"turns":4},{"damage":11,"enemies":"Small Slimes","floor":3,"turns":4},{"damage":8,"enemies":"Blue Slaver","floor":5,"turns":3},{"damage":22,"enemies":"Lots of Slimes","floor":7,"turns":4},{"damage":60,"enemies":"3 Sentries","floor":11,"turns":8},{"damage":14,"enemies":"3 Louse","floor":13,"turns":4},{"damage":25,"enemies":"The Guardian","floor":16,"turns":12},{"damage":46,"enemies":"2 Thieves","floor":18,"turns":5},{"damage":43,"enemies":"3 Byrds","floor":21,"turns":6},{"damage":82,"enemies":"Book of Stabbing","floor":24,"turns":6}],"seed_played":"-165755005022320536","potions_obtained":[{"floor":2,"key":"champ:CounterPotion"},{"floor":5,"key":"FairyPotion"},{"floor":7,"key":"champ:CounterPotion"},{"floor":11,"key":"Fire Potion"},{"floor":13,"key":"Slimebound:ThreeZeroPotion"},{"floor":18,"key":"SkillPotion"},{"floor":21,"key":"EntropicBrew"}],"is_trial":false,"path_per_floor":["M","M","M","$","M","R","M","R","T","?","E","R","M","$","R","B",null,"M","?","?","M","?","R","E"],"character_chosen":"DEFECT","items_purchased":["Capacitor","Sweeping Beam","FairyPotion"],"campfire_rested":3,"item_purchase_floors":[14,14,14],"current_hp_per_floor":[50,44,40,40,39,39,24,46,46,46,19,41,41,41,41,28,75,43,43,43,25,30,52,0,0],"gold":51,"neow_bonus":"THREE_RARE_CARDS","is_daily":false,"chose_seed":false,"campfire_upgraded":2,"win_rate":0.0,"timestamp":1612896497,"path_taken":["M","M","M","$","M","R","M","R","T","?","E","R","M","?","R","BOSS","M","?","?","?","?","R","E"],"items_purchased_type":["Card","Card","Potion"],"build_version":"2020-12-22","purchased_purges":0,"victory":false,"max_hp_per_floor":[75,75,75,75,75,75,75,75,75,75,75,75,75,75,75,75,75,75,75,75,75,75,75,75,75],"card_choices":[{"not_picked":["Core Surge","Biased Cognition"],"picked":"Echo Form","floor":0},{"not_picked":["Redo","Streamline","Lockon"],"picked":"SKIP","floor":1},{"not_picked":["Heatsinks","Melter"],"picked":"Self Repair","floor":2},{"not_picked":["Lockon","Rip and Tear","Blizzard"],"picked":"SKIP","floor":3},{"not_picked":["Barrage","Rebound"],"picked":"Conserve Battery","floor":5},{"not_picked":["Lockon","Melter"],"picked":"Steam","floor":7},{"not_picked":["Stack","BootSequence"],"picked":"Conserve Battery","floor":11},{"not_picked":["Steam","Rebound","Compile Driver"],"picked":"SKIP","floor":13},{"not_picked":["Machine Learning","Core Surge"],"picked":"Echo Form","floor":16},{"not_picked":["Stack","Leap"],"picked":"Self Repair","floor":18},{"not_picked":["Stack","Redo+1"],"picked":"Thunder Strike","floor":21}],"player_experience":235934,"relics_obtained":[{"floor":9,"key":"Vajra"},{"floor":11,"key":"Toy Ornithopter"}],"event_choices":[{"cards_removed":["Strike_B"],"damage_healed":0,"gold_gain":0,"player_choice":"Purged","damage_taken":0,"max_hp_gain":0,"max_hp_loss":0,"event_name":"Purifier","floor":10,"gold_loss":0},{"cards_removed":["Strike_B"],"damage_healed":0,"gold_gain":0,"player_choice":"Gave Gold","damage_taken":0,"max_hp_gain":0,"max_hp_loss":0,"event_name":"Beggar","floor":19,"gold_loss":75},{"damage_healed":0,"gold_gain":0,"player_choice":"Forge","damage_taken":0,"max_hp_gain":0,"max_hp_loss":0,"event_name":"Accursed Blacksmith","floor":20,"gold_loss":0,"cards_upgraded":["Self Repair"]},{"damage_healed":0,"gold_gain":0,"player_choice":"Ignored","damage_taken":0,"max_hp_gain":0,"max_hp_loss":0,"event_name":"Ghosts","floor":22,"gold_loss":0}],"is_beta":false,"boss_relics":[{"not_picked":["Astrolabe","Empty Cage","Coffee Dripper"]}],"items_purged_floors":[],"is_endless":false,"potions_floor_spawned":[2,5,7,11,13,18,21],"killed_by":"Book of Stabbing","ascension_level":3}}