{"host":"0u8wq8q0l49hd262","time":1612868095,"event":{"mods":["2.2 Compatiblity","AchievementEnabler","Act Like it!","Aspiration","BaseMod","Better Match","Better Note","Better Sensory Stone","Better Third Choice","Block Reminder","Colored Map","Colored Powertips","GifTheSpireLib","Highlight Path","Minty Spire (QoL Compilation)","Pale of the Ancients","Permanent Neow","Quick Restart","Rare Cards Sparkle","Relic Sorter","Relic Stats","StSLib","Transform Curses","egg","everything is the same but u backflip on backflip"],"gold_per_floor":[113,67,81,99,24,50,50,67,67,67,97,109,140,160,160,263,263,283,294,313,139,151,151,181,181,206,206,206,215,229,250,250,354,354,365,377,417,435,35,60,60,74,74,102,118,118,134,162,162,192],"floor_reached":51,"language":"ENG","playtime":4868,"items_purged":["Defend_P","Strike_P"],"score":1026,"play_id":"4ffab8f7-9302-43f9-b492-53f5adc1f4c7","local_time":"20210209115455","is_ascension_mode":true,"campfire_choices":[{"data":"Eruption","floor":7,"key":"SMITH"},{"data":"Vigilance","floor":10,"key":"SMITH"},{"data":"Vengeance","floor":15,"key":"SMITH"},{"data":"TalkToTheHand","floor":23,"key":"SMITH"},{"floor":27,"key":"REST"},{"floor":29,"key":"REST"},{"data":"TalkToTheHand","floor":32,"key":"SMITH"},{"data":"CutThroughFate","floor":41,"key":"SMITH"},{"floor":49,"key":"REST"}],"circlet_count":0,"master_deck":["Eruption+1","Vigilance+1","Wallop+1","FlurryOfBlows+1","EmptyBody+1","DeusExMachina+1","Sanctity+1","ThirdEye+1","FlurryOfBlows+1","Vengeance+1","Consecrate+1","TalkToTheHand+1","TalkToTheHand+1","CutThroughFate+1","EmptyMind+1","Wish+1","Madness+1","Madness+1","WaveOfTheHand+1","Deep Breath+1"],"relics":["PureWater","Busted Crown","aspiration:Nostalgia","Burning Blood","Shuriken","HornCleat","Odd Mushroom","Mango","aspiration:RunicSpoon","Dream Catcher","CeramicFish","aspiration:HummingbirdHeart","MealTicket","Bottled Flame","Mark of the Bloom","Turnip"],"acts_visited":["Exordium","TheCity","TheBeyond"],"potions_floor_usage":[6,13,16,22,22,44,45],"damage_taken":[{"damage":0,"enemies":"Cultist","floor":1,"turns":3},{"damage":0,"enemies":"2 Louse","floor":3,"turns":2},{"damage":0,"enemies":"Jaw Worm","floor":4,"turns":4},{"damage":5,"enemies":"Lagavulin","floor":6,"turns":5},{"damage":5,"enemies":"Gremlin Gang","floor":8,"turns":4},{"damage":6,"enemies":"The Mushroom Lair","floor":11,"turns":3},{"damage":0,"enemies":"Large Slime","floor":12,"turns":3},{"damage":0,"enemies":"Gremlin Nob","floor":13,"turns":3},{"damage":3,"enemies":"3 Louse","floor":14,"turns":2},{"damage":27,"enemies":"Slime Boss","floor":16,"turns":5},{"damage":1,"enemies":"Shell Parasite","floor":18,"turns":3},{"damage":0,"enemies":"Spheric Guardian","floor":19,"turns":2},{"damage":8,"enemies":"Shelled Parasite and Fungi","floor":20,"turns":3},{"damage":24,"enemies":"Snake Plant","floor":22,"turns":5},{"damage":63,"enemies":"Slavers","floor":24,"turns":6},{"damage":0,"enemies":"Centurion and Healer","floor":30,"turns":3},{"damage":2,"enemies":"Snecko","floor":31,"turns":4},{"damage":7,"enemies":"Champ","floor":33,"turns":9},{"damage":1,"enemies":"3 Darklings","floor":35,"turns":3},{"damage":0,"enemies":"3 Shapes","floor":36,"turns":3},{"damage":0,"enemies":"Spire Growth","floor":37,"turns":3},{"damage":0,"enemies":"Giant Head","floor":40,"turns":6},{"damage":3,"enemies":"Writhing Mass","floor":42,"turns":6},{"damage":7,"enemies":"Reptomancer","floor":44,"turns":5},{"damage":9,"enemies":"Jaw Worm Horde","floor":45,"turns":3},{"damage":0,"enemies":"3 Darklings","floor":47,"turns":2},{"damage":0,"enemies":"Giant Head","floor":48,"turns":2},{"damage":65,"enemies":"Awakened One","floor":50,"turns":8}],"seed_played":"4230706287062438523","potions_obtained":[{"floor":4,"key":"Fire Potion"},{"floor":11,"key":"ColorlessPotion"},{"floor":12,"key":"Weak Potion"},{"floor":13,"key":"StancePotion"},{"floor":18,"key":"Block Potion"},{"floor":20,"key":"FearPotion"},{"floor":24,"key":"Weak Potion"},{"floor":30,"key":"Strength Potion"},{"floor":40,"key":"Block Potion"},{"floor":42,"key":"CultistPotion"},{"floor":44,"key":"GamblersBrew"}],"is_trial":false,"path_per_floor":["M","$","M","M","$","E","R","M","T","R","?","M","E","M","R","B",null,"M","M","M","$","M","R","E","?","T","R","?","R","M","M","R","B",null,"M","M","M","?","$","E","R","M","T","E","M","?","M","E","R","B",null],"character_chosen":"WATCHER","items_purchased":["FlurryOfBlows","TalkToTheHand","WaveOfTheHand","aspiration:HummingbirdHeart","Deep Breath"],"campfire_rested":3,"item_purchase_floors":[2,21,39,39,39],"current_hp_per_floor":[72,72,72,72,72,72,72,72,72,72,72,72,86,86,86,65,81,86,86,84,84,66,66,9,9,9,34,34,59,65,69,69,68,82,86,86,86,75,75,81,81,84,84,83,80,80,80,80,80,15],"gold":192,"neow_bonus":"NOSTALGIA","is_daily":false,"chose_seed":false,"campfire_upgraded":6,"win_rate":0.0,"timestamp":1612868095,"path_taken":["M","?","M","M","$","E","R","M","T","R","?","?","E","M","R","BOSS","M","?","M","$","M","R","E","?","T","R","?","R","M","?","R","BOSS","M","M","M","?","$","E","R","M","T","E","M","?","M","E","R","BOSS"],"items_purchased_type":["Card","Card","Card","Relic","Card"],"build_version":"2020-12-22","purchased_purges":2,"victory":true,"max_hp_per_floor":[72,72,72,72,72,72,72,72,72,72,72,72,86,86,86,86,86,86,86,86,86,86,86,86,86,86,86,86,86,86,86,86,86,86,86,86,86,86,86,86,86,86,86,86,86,86,86,86,86,86],"relic_stats":{"Dream Catcher":3,"Mark of the Bloom":43,"Busted Crown":20,"counters":[28,110],"Shuriken":[113],"aspiration:RunicSpoon":[168],"CeramicFish":63,"MealTicket":0,"Turnip":[0],"obtain_stats":[{"Mark of the Bloom":46,"aspiration:Nostalgia":0,"aspiration:RunicSpoon":17,"CeramicFish":26,"Mango":13,"aspiration:HummingbirdHeart":39,"Odd Mushroom":11,"Burning Blood":0,"Dream Catcher":24,"Bottled Flame":44,"HornCleat":9,"Busted Crown":34,"Shuriken":6,"MealTicket":40,"Turnip":48,"PureWater":0},{"Mark of the Bloom":25,"aspiration:Nostalgia":0,"aspiration:RunicSpoon":10,"CeramicFish":15,"Mango":8,"aspiration:HummingbirdHeart":21,"Odd Mushroom":6,"Burning Blood":0,"Dream Catcher":15,"Bottled Flame":24,"HornCleat":5,"Busted Crown":18,"Shuriken":4,"MealTicket":22,"Turnip":27,"PureWater":0},{"Mark of the Bloom":98,"aspiration:Nostalgia":0,"aspiration:RunicSpoon":34,"CeramicFish":53,"Mango":27,"aspiration:HummingbirdHeart":78,"Odd Mushroom":21,"Burning Blood":0,"Dream Catcher":53,"Bottled Flame":95,"HornCleat":18,"Busted Crown":69,"Shuriken":14,"MealTicket":84,"Turnip":102,"PureWater":0}],"Burning Blood":96},"card_choices":[{"not_picked":["Halt","CrushJoints"],"picked":"Wallop","floor":1},{"not_picked":["Fasting2","Crescendo"],"picked":"EmptyBody","floor":3},{"not_picked":["EmptyBody","Prostrate"],"picked":"DeusExMachina","floor":4},{"not_picked":["FlurryOfBlows","Fasting2"],"picked":"Sanctity","floor":6},{"not_picked":["BowlingBash","EmptyMind"],"picked":"ThirdEye","floor":8},{"not_picked":["Swivel","WreathOfFlame"],"picked":"FlurryOfBlows","floor":11},{"not_picked":["CarveReality","Perseverance"],"picked":"Vengeance","floor":12},{"not_picked":["JustLucky","ClearTheMind"],"picked":"Consecrate","floor":13},{"not_picked":["InnerPeace","BowlingBash","Crescendo"],"picked":"SKIP","floor":14},{"not_picked":["Crescendo","WreathOfFlame","ThirdEye"],"picked":"SKIP","floor":18},{"not_picked":["EmptyFist","Evaluate","FlyingSleeves"],"picked":"SKIP","floor":19},{"not_picked":["ThirdEye","BowlingBash"],"picked":"TalkToTheHand","floor":20},{"not_picked":["EmptyFist","Worship","CrushJoints+1"],"picked":"SKIP","floor":22},{"not_picked":["EmptyFist+1","FlyingSleeves","ThirdEye"],"picked":"SKIP","floor":24},{"not_picked":["Halt","Evaluate+1"],"picked":"CutThroughFate","floor":29},{"not_picked":["Weave","EmptyBody","Blasphemy"],"picked":"SKIP","floor":30},{"not_picked":["EmptyBody","BowlingBash"],"picked":"EmptyMind","floor":31},{"not_picked":["Ragnarok","SpiritShield"],"picked":"Wish","floor":33},{"not_picked":["Protect+1"],"picked":"SKIP","floor":35},{"not_picked":["FollowUp+1"],"picked":"SKIP","floor":36},{"not_picked":["Protect"],"picked":"SKIP","floor":37},{"not_picked":["BattleHymn+1"],"picked":"SKIP","floor":40},{"not_picked":["PathToVictory"],"picked":"SKIP","floor":42},{"not_picked":["SignatureMove"],"picked":"SKIP","floor":44},{"not_picked":["Halt"],"picked":"SKIP","floor":45},{"not_picked":["FlurryOfBlows+1"],"picked":"SKIP","floor":47},{"not_picked":["Worship"],"picked":"SKIP","floor":48}],"player_experience":407713,"relics_obtained":[{"floor":6,"key":"Shuriken"},{"floor":9,"key":"HornCleat"},{"floor":11,"key":"Odd Mushroom"},{"floor":13,"key":"Mango"},{"floor":24,"key":"Dream Catcher"},{"floor":26,"key":"CeramicFish"},{"floor":40,"key":"MealTicket"},{"floor":44,"key":"Bottled Flame"},{"floor":48,"key":"Turnip"}],"event_choices":[{"damage_healed":0,"gold_gain":0,"player_choice":"Fought Mushrooms","damage_taken":0,"max_hp_gain":0,"max_hp_loss":0,"event_name":"Mushrooms","floor":11,"gold_loss":0},{"damage_healed":0,"gold_gain":2,"player_choice":"1","damage_taken":0,"max_hp_gain":0,"max_hp_loss":0,"event_name":"betterStone:BetterStone","floor":25,"gold_loss":0},{"damage_healed":0,"gold_gain":0,"player_choice":"Materialism","damage_taken":0,"max_hp_gain":0,"max_hp_loss":6,"event_name":"betterThird:BetterWriting","floor":28,"gold_loss":0},{"damage_healed":0,"gold_gain":0,"player_choice":"Embrace Madness","damage_taken":11,"max_hp_gain":0,"max_hp_loss":0,"event_name":"Winding Halls","floor":38,"gold_loss":0,"cards_obtained":["Madness","Madness"]},{"damage_healed":0,"gold_gain":0,"player_choice":"Upgrade","damage_taken":0,"relics_obtained":["Mark of the Bloom"],"max_hp_gain":0,"max_hp_loss":0,"event_name":"MindBloom","floor":46,"gold_loss":0,"cards_upgraded":["Wallop","FlurryOfBlows","EmptyBody","DeusExMachina","Sanctity","ThirdEye","FlurryOfBlows","Consecrate","EmptyMind","Wish","Madness","Madness","WaveOfTheHand","Deep Breath"]}],"is_beta":false,"boss_relics":[{"not_picked":["Velvet Choker","aspiration:FutureDiary"],"picked":"aspiration:RunicSpoon"},{"not_picked":["Runic Dome","Calling Bell"],"picked":"Busted Crown"}],"items_purged_floors":[5,21],"is_endless":false,"potions_floor_spawned":[4,11,12,13,18,20,24,30,40,42,44],"ascension_level":5}}