{"host":"kk6i5v7sjcm8i50x","time":1612842813,"event":{"mods":["BaseMod","Bestiary","Colored Map","Downfall","Minty Spire (QoL Compilation)","StSLib","The Saiyan"],"gold_per_floor":[99,109,109,121,121,5,31,46,101,101,128,145,145,320,335,439,439,439,3,3,3,19,19,19,35,35,35,35],"floor_reached":26,"language":"ENG","playtime":1597,"items_purged":[],"score":204,"play_id":"34d9e7a8-3367-4973-b0e0-cad25b72d26e","local_time":"20210208225333","is_ascension_mode":false,"campfire_choices":[{"data":"sneckomod:TailWhip","floor":1,"key":"SMITH"},{"floor":13,"key":"REST"},{"data":"sneckomod:UnknownUncommonPower","floor":18,"key":"SMITH"}],"circlet_count":0,"master_deck":["sneckomod:Strike","sneckomod:Strike","sneckomod:Strike+1","sneckomod:Defend","sneckomod:Defend","sneckomod:TailWhip+1","sneckomod:SnekBite+1","sneckomod:Unknown","sneckomod:UnknownDraw","Regret","sneckomod:UnknownDraw","sneckomod:DiceBlock","sneckomod:SnakeSap","sneckomod:UnendingSupply","sneckomod:DiceCrush","sneckomod:SnakeSap","Self Repair","sneckomod:UnknownUncommonPower+1","Doubt","sneckomod:MasterEye","sneckomod:UnknownRareAttack","hexamod:ApocalypseNow","sneckomod:SerpentIdol","sneckomod:CheapStock","expansioncontent:Hexaburn","sneckomod:TrashToTreasure+1","sneckomod:SnakeSap"],"relics":["sneckomod:SuperSneckoSoul","Smiling Mask","Matryoshka","Whetstone","Pen Nib","sneckomod:LoadedDie","StoneCalendar","Oddly Smooth Stone","Tiny Chest","Lantern","Shuriken"],"acts_visited":["Exordium","TheCity"],"potions_floor_usage":[9,11,15,16,26],"damage_taken":[{"damage":5,"enemies":"2 Louse","floor":2,"turns":2},{"damage":5,"enemies":"Jaw Worm","floor":4,"turns":2},{"damage":10,"enemies":"downfall:FleeingMerchant","floor":6,"turns":4},{"damage":2,"enemies":"Small Slimes","floor":8,"turns":3},{"damage":32,"enemies":"3 Sentries","floor":9,"turns":7},{"damage":22,"enemies":"3 Sentries","floor":11,"turns":6},{"damage":9,"enemies":"Blue Slaver","floor":12,"turns":3},{"damage":29,"enemies":"Large Slime","floor":15,"turns":5},{"damage":32,"enemies":"WA_ARCHETYPE_RETAIN","floor":16,"turns":7},{"damage":13,"enemies":"downfall:FleeingMerchant","floor":19,"turns":4},{"damage":54,"enemies":"Shell Parasite","floor":22,"turns":7},{"damage":11,"enemies":"Spheric Guardian","floor":25,"turns":3},{"damage":57,"enemies":"Gremlin Leader","floor":26,"turns":4}],"seed_played":"8001214646540073212","potions_obtained":[{"floor":2,"key":"bronze:BurnAndBuffPotion"},{"floor":9,"key":"AttackPotion"},{"floor":12,"key":"DistilledChaos"},{"floor":15,"key":"AttackPotion"},{"floor":16,"key":"Strength Potion"},{"floor":22,"key":"PowerPotion"},{"floor":25,"key":"Energy Potion"}],"is_trial":false,"path_per_floor":["R","M","?","M","T","$","T","M","?","R","E","M","R","?","M","B",null,"R","$","?","?","M","?","T","M","E"],"character_chosen":"THE_SNECKO","items_purchased":["sneckomod:SnakeSap","sneckomod:UnendingSupply","Oddly Smooth Stone","sneckomod:CheapStock","expansioncontent:Hexaburn","Tiny Chest"],"campfire_rested":1,"item_purchase_floors":[6,6,19,19,19,19],"current_hp_per_floor":[99,94,94,89,89,79,79,77,45,45,30,28,57,57,35,10,99,99,99,99,99,52,52,52,48,0,0,0],"gold":35,"neow_bonus":"TEN_PERCENT_HP_BONUS","is_daily":false,"chose_seed":false,"campfire_upgraded":2,"win_rate":0.0,"timestamp":1612842813,"path_taken":["R","M","?","M","?","$","T","M","?","R","E","M","R","?","M","BOSS","R","$","?","?","M","?","T","M","E"],"items_purchased_type":["Card","Card","Relic","Card","Card","Relic"],"build_version":"2020-12-22","purchased_purges":0,"victory":false,"max_hp_per_floor":[99,99,99,99,99,99,99,99,99,99,99,99,99,99,99,99,99,99,99,99,99,99,99,99,99,99,99,99],"card_choices":[{"not_picked":["sneckomod:DiceBlock","sneckomod:UnknownBlock"],"picked":"sneckomod:UnknownDraw","floor":2},{"not_picked":["sneckomod:UnknownCommonSkill","sneckomod:SnekBeam"],"picked":"sneckomod:UnknownDraw","floor":4},{"not_picked":["sneckomod:ImprovisedGuard","sneckomod:SoulDraw"],"picked":"sneckomod:DiceBlock","floor":6},{"not_picked":["sneckomod:QuickBite","sneckomod:SoulExchange"],"picked":"sneckomod:DiceCrush","floor":8},{"not_picked":["sneckomod:UnknownX","sneckomod:UnknownDraw"],"picked":"sneckomod:SnakeSap","floor":9},{"not_picked":["sneckomod:ImprovisedGuard","sneckomod:DiceBlock"],"picked":"sneckomod:Unknown0Cost","floor":11},{"not_picked":["sneckomod:UnknownCommonSkill","sneckomod:ImprovisedGuard"],"picked":"sneckomod:UnknownUncommonPower","floor":12},{"not_picked":["sneckomod:WideSting","sneckomod:UnknownUncommonAttack"],"picked":"sneckomod:MasterEye","floor":15},{"not_picked":["sneckomod:SerpentMind","sneckomod:UnlimitedRolls"],"picked":"sneckomod:UnknownRareAttack","floor":16},{"not_picked":["sneckomod:UnknownClassBLUE","sneckomod:SoulDraw"],"picked":"sneckomod:SerpentIdol","floor":19},{"not_picked":["sneckomod:DiceCrush+1","sneckomod:QuickMove"],"picked":"sneckomod:TrashToTreasure+1","floor":22},{"not_picked":["sneckomod:SoulDraw","sneckomod:MasterEye"],"picked":"sneckomod:SnakeSap","floor":25}],"player_experience":175278,"relics_obtained":[{"floor":5,"key":"Matryoshka"},{"floor":7,"key":"Whetstone"},{"floor":7,"key":"Pen Nib"},{"floor":9,"key":"sneckomod:LoadedDie"},{"floor":11,"key":"StoneCalendar"},{"floor":24,"key":"Lantern"},{"floor":24,"key":"Shuriken"}],"event_choices":[{"damage_healed":0,"gold_gain":0,"player_choice":"Box","damage_taken":0,"relics_obtained":["Smiling Mask"],"max_hp_gain":0,"max_hp_loss":0,"event_name":"Big Fish","floor":3,"gold_loss":0,"cards_obtained":["Regret"]},{"damage_healed":0,"gold_gain":0,"player_choice":"Ignored","damage_taken":0,"max_hp_gain":0,"max_hp_loss":0,"event_name":"Vampires","floor":21,"gold_loss":0}],"is_beta":false,"boss_relics":[{"not_picked":["Sozu","Calling Bell"],"picked":"sneckomod:SuperSneckoSoul"}],"items_purged_floors":[],"is_endless":false,"potions_floor_spawned":[2,9,12,15,22,25],"killed_by":"Gremlin Leader","ascension_level":0}}