{"host":"kk6i5v7sjcm8i50x","time":1612859750,"event":{"mods":["BaseMod","Bestiary","Colored Map","Downfall","Minty Spire (QoL Compilation)","Reliquary","StSLib","The Saiyan"],"gold_per_floor":[119,119,294,342,360,360,394,394,444,456,456,91,115,135,135,263,263,283,283,283,306,306,340,57,57,57,57,93,93,116,116,116,241,241,257,280,299,299,50,50,50,50,98,98,98],"floor_reached":44,"language":"ENG","playtime":2144,"items_purged":["Defend_G"],"score":517,"play_id":"63329931-25a1-4b9d-a96f-3bb96d2d4a9d","local_time":"20210209033550","is_ascension_mode":false,"campfire_choices":[{"data":"Neutralize","floor":6,"key":"SMITH"},{"floor":8,"key":"REST"},{"floor":15,"key":"REST"},{"floor":25,"key":"REST"},{"data":"Catalyst","floor":27,"key":"SMITH"},{"floor":29,"key":"REST"},{"data":"Well Laid Plans","floor":32,"key":"SMITH"},{"floor":40,"key":"REST"}],"circlet_count":0,"master_deck":["Survivor","Neutralize+1","Enlightenment+1","Well Laid Plans+1","Doubt","Blade Dance","Riddle With Holes","Quick Slash","Slice","Noxious Fumes+1","Envenom+1","Distraction","Accuracy+1","Burst","Blade Dance","Ghostly","Ghostly","Ghostly","Ghostly","Ghostly","Deadly Poison","Catalyst+1","Slice+1","Slice+1","Bullet Time","Slice+1","Purity","Finesse"],"relics":["Ring of the Snake","Nunchaku","Lantern","reliquary:Boomerang","Golden Idol","Frozen Egg 2","Pandora\u0027s Box","Nilry\u0027s Codex","Molten Egg 2","reliquary:FeatherDuster","Ornamental Fan","Happy Flower","HornCleat","Busted Crown","Toolbox","Boot"],"acts_visited":["Exordium","TheCity","TheBeyond"],"potions_floor_usage":[16,16,28,28,37,44,44],"damage_taken":[{"damage":5,"enemies":"Jaw Worm","floor":1,"turns":6},{"damage":0,"enemies":"2 Louse","floor":5,"turns":3},{"damage":39,"enemies":"3 Sentries","floor":7,"turns":11},{"damage":10,"enemies":"Small Slimes","floor":10,"turns":3},{"damage":0,"enemies":"Blue Slaver","floor":13,"turns":1},{"damage":5,"enemies":"2 Fungi Beasts","floor":14,"turns":3},{"damage":26,"enemies":"Hexaghost","floor":16,"turns":7},{"damage":17,"enemies":"3 Byrds","floor":18,"turns":4},{"damage":2,"enemies":"Chosen","floor":21,"turns":3},{"damage":19,"enemies":"Book of Stabbing","floor":23,"turns":7},{"damage":8,"enemies":"Gremlin Leader","floor":28,"turns":5},{"damage":3,"enemies":"Sentry and Sphere","floor":30,"turns":5},{"damage":14,"enemies":"Champ","floor":33,"turns":8},{"damage":24,"enemies":"3 Shapes","floor":35,"turns":5},{"damage":0,"enemies":"Orb Walker","floor":36,"turns":3},{"damage":12,"enemies":"Jaw Worm Horde","floor":37,"turns":5},{"damage":25,"enemies":"Giant Head","floor":44,"turns":5}],"seed_played":"3600116219904793842","potions_obtained":[{"floor":7,"key":"Explosive Potion"},{"floor":10,"key":"Strength Potion"},{"floor":14,"key":"Guardian:BlockOnCardUsePotion"},{"floor":16,"key":"hexamod:SoulburnPotion"},{"floor":28,"key":"Fruit Juice"},{"floor":35,"key":"sneckomod:MuddlingPotion"},{"floor":37,"key":"Strength Potion"}],"is_trial":false,"path_per_floor":["M","?","?","T","M","R","E","R","T","M","?","$","M","M","R","B",null,"M","?","?","M","?","E","$","R","T","R","E","R","M","T","R","B",null,"M","M","M","?","$","R","?","?","T","E"],"character_chosen":"THE_SILENT","items_purchased":["Frozen Egg 2","Quick Slash","reliquary:FeatherDuster","Slice+1","Toolbox","Slice+1","CunningPotion"],"campfire_rested":5,"item_purchase_floors":[12,12,24,24,39,39,39],"current_hp_per_floor":[65,65,65,65,65,65,26,47,47,37,37,37,37,32,51,25,65,48,32,32,30,30,11,11,20,20,20,17,28,25,25,25,11,37,13,13,1,1,1,12,12,7,7,0,0],"gold":98,"neow_bonus":"RANDOM_COLORLESS","is_daily":false,"chose_seed":false,"campfire_upgraded":3,"win_rate":0.0,"timestamp":1612859750,"path_taken":["M","?","?","?","?","R","E","R","T","M","?","$","M","M","R","BOSS","M","?","?","M","?","E","$","R","T","R","E","R","M","?","R","BOSS","M","M","M","?","$","R","?","?","T","E"],"items_purchased_type":["Relic","Card","Relic","Card","Relic","Card","Potion"],"build_version":"2020-12-22","purchased_purges":1,"victory":false,"max_hp_per_floor":[70,70,70,70,70,70,70,70,70,70,65,65,65,65,65,65,65,65,65,32,32,32,32,32,32,32,32,37,37,37,37,37,37,37,37,37,37,37,37,37,37,37,37,37,37],"card_choices":[{"not_picked":["Finesse","Good Instincts"],"picked":"Enlightenment","floor":0},{"not_picked":["Setup","Caltrops"],"picked":"Well Laid Plans","floor":1},{"not_picked":["Bane","Deflect"],"picked":"Dagger Throw","floor":5},{"not_picked":["Prepared","Concentrate"],"picked":"Blade Dance","floor":7},{"not_picked":["Die Die Die","Tactician"],"picked":"Riddle With Holes","floor":10},{"not_picked":["Deflect","Sucker Punch"],"picked":"Slice","floor":13},{"not_picked":["Flying Knee","All Out Attack"],"picked":"Noxious Fumes+1","floor":14},{"not_picked":["Phantasmal Killer","Grand Finale"],"picked":"Envenom+1","floor":16},{"not_picked":["Dodge and Roll","Quick Slash"],"picked":"Blade Dance","floor":18},{"not_picked":["Deflect+1","Dodge and Roll"],"picked":"Deadly Poison","floor":21},{"not_picked":["Venomology","Sucker Punch+1"],"picked":"Slice+1","floor":23},{"not_picked":["PiercingWail","Acrobatics","Sucker Punch+1"],"picked":"SKIP","floor":28},{"not_picked":["Heel Hook+1","Sucker Punch+1","All Out Attack+1"],"picked":"SKIP","floor":30},{"not_picked":["Night Terror","Die Die Die+1"],"picked":"Bullet Time","floor":33},{"not_picked":["Endless Agony+1"],"picked":"SKIP","floor":35},{"not_picked":["Underhanded Strike+1"],"picked":"SKIP","floor":36},{"not_picked":["Masterful Stab+1"],"picked":"SKIP","floor":37},{"not_picked":[],"picked":"Purity","floor":42},{"not_picked":[],"picked":"Finesse","floor":42}],"player_experience":178386,"relics_obtained":[{"floor":4,"key":"Nunchaku"},{"floor":7,"key":"Lantern"},{"floor":9,"key":"reliquary:Boomerang"},{"floor":19,"key":"Nilry\u0027s Codex"},{"floor":23,"key":"Molten Egg 2"},{"floor":26,"key":"Ornamental Fan"},{"floor":28,"key":"Happy Flower"},{"floor":31,"key":"HornCleat"},{"floor":43,"key":"Boot"}],"event_choices":[{"damage_healed":0,"gold_gain":0,"player_choice":"Grow","damage_taken":0,"max_hp_gain":0,"max_hp_loss":0,"event_name":"Living Wall","floor":2,"gold_loss":0,"cards_upgraded":["Enlightenment"]},{"damage_healed":0,"gold_gain":175,"player_choice":"AGREE","damage_taken":0,"max_hp_gain":0,"max_hp_loss":0,"event_name":"Liars Game","floor":3,"gold_loss":0,"cards_obtained":["Doubt"]},{"damage_healed":0,"gold_gain":0,"player_choice":"Lose Max HP","damage_taken":0,"relics_obtained":["Golden Idol"],"max_hp_gain":0,"max_hp_loss":5,"event_name":"Golden Idol","floor":11,"gold_loss":0},{"damage_healed":0,"gold_gain":0,"player_choice":"Obtained Book","damage_taken":16,"max_hp_gain":0,"max_hp_loss":0,"event_name":"Cursed Tome","floor":19,"gold_loss":0},{"damage_healed":0,"gold_gain":0,"player_choice":"Became a Ghost","damage_taken":0,"max_hp_gain":0,"max_hp_loss":33,"event_name":"Ghosts","floor":20,"gold_loss":0,"cards_obtained":["Ghostly","Ghostly","Ghostly","Ghostly","Ghostly"]},{"damage_healed":0,"gold_gain":0,"player_choice":"Read","damage_taken":0,"max_hp_gain":0,"max_hp_loss":0,"event_name":"The Library","floor":22,"gold_loss":0,"cards_obtained":["Catalyst"]},{"damage_healed":0,"gold_gain":0,"player_choice":"Ignored","damage_taken":0,"max_hp_gain":0,"max_hp_loss":0,"event_name":"Tomb of Lord Red Mask","floor":38,"gold_loss":0},{"cards_removed":["Dagger Throw"],"damage_healed":0,"gold_gain":0,"player_choice":"Removed Attack","damage_taken":0,"max_hp_gain":0,"max_hp_loss":0,"event_name":"Falling","floor":41,"gold_loss":0},{"damage_healed":0,"gold_gain":0,"player_choice":"Memory 2","damage_taken":5,"max_hp_gain":0,"max_hp_loss":0,"event_name":"SensoryStone","floor":42,"gold_loss":0}],"is_beta":false,"boss_relics":[{"not_picked":["reliquary:RedCape","Tiny House"],"picked":"Pandora\u0027s Box"},{"not_picked":["reliquary:KinkedSpring","Coffee Dripper"],"picked":"Busted Crown"}],"items_purged_floors":[12],"is_endless":false,"potions_floor_spawned":[7,10,14,16,21,28,30,35,37],"killed_by":"Giant Head","ascension_level":0}}