{"host":"72j3if4hls1tefkc","time":1612892499,"event":{"mods":["AchievementEnabler","Always Whale","Aspiration","BaseMod","Beaked The Cultist","Colored Map","Conspire","FetchMod","Halation","Hermit","Hubris","Infinite Spire","Minty Spire (QoL Compilation)","Reliquary","Replay The Spire","Shop Mod","StSLib","The Construct","The Cursed","The Jungle","The Marked","The Necromancer","The Poker Player"],"gold_per_floor":[114,128,128,140,140,140,154,187,187,187,118,151,163,179,179,278,278,297,297,112,201,217,217,236,236,236,264,291,291,319,337,337,435,435,446,459,510,334,353,378,108,139,163,179,190,190,201,216,216,216],"floor_reached":51,"language":"ENG","playtime":2129,"items_purged":[],"score":1320,"play_id":"28a2465f-0d35-45f9-84f3-4aabd934fb10","local_time":"20210209104139","is_ascension_mode":true,"campfire_choices":[{"data":"TheCursedMod:ManaBullet","floor":6,"key":"SMITH"},{"data":"TheCursedMod:CircleOfFlame","floor":10,"key":"SMITH"},{"data":"TheCursedMod:SpitefulPlan","floor":15,"key":"SMITH"},{"data":"TheCursedMod:CircleOfAbyss","floor":23,"key":"SMITH"},{"data":"TheCursedMod:CircleOfFlame","floor":29,"key":"SMITH"},{"data":"TheCursedMod:CleanUpWorkshop","floor":32,"key":"SMITH"},{"data":"hubris:InfiniteBlow+38","floor":49,"key":"SMITH"}],"circlet_count":0,"master_deck":["TheCursedMod:CursedWand","TheCursedMod:CleanUpWorkshop+1","TheCursedMod:CursedShiv","TheCursedMod:Wield+1","TheCursedMod:ManaBullet+1","TheCursedMod:CircleOfFlame+1","TheCursedMod:CircleOfWindfury+1","TheCursedMod:CircleOfCorruption","TheCursedMod:CircleOfAbyss+1","Finesse","TheCursedMod:CursedAmulet","TheCursedMod:CursedBlade","TheCursedMod:CircleOfFlame+1","TheCursedMod:WearCloak","TheCursedMod:SurpriseAttack","TheCursedMod:SpitefulPlan+1","TheCursedMod:CursedShiv+1","TheCursedMod:Wield","TheCursedMod:EmpowerCircles+1","TheCursedMod:ReleasedStrength+1","TheCursedMod:SoulReap+1","TheCursedMod:OutForBlood+1","TheCursedMod:NeowsMight+1","TheCursedMod:CursedShiv+1","TheCursedMod:Hemoplague+1","TheCursedMod:Stigma","TheCursedMod:DemonSword+1","Panache","Enlightenment","Flash of Steel","TheCursedMod:CursedMace","TheCursedMod:CursedShiv+1","TheCursedMod:CircleOfFlame+1","hubris:InfiniteBlow+39","TheCursedMod:NeowsMight+1"],"relics":["TheCursedMod:MagicCandle","Anchor","hubris:MysteriousPyramids","Mummified Hand","infinitespire:Beetle Shell","Philosopher\u0027s Stone","theJungle:Creamberry","Replay:Mystery Machine","hubris:TinFlute","Incense Burner","Replay:Wax Seal","infinitespire:Satchel","Snecko Heart","reliquary:RoseTintedGlasses","Blue Doll","Whetstone","ReplayTheSpireMod:ShopPack","Replay:WaspNest","Oddly Smooth Stone","hubris:PeanutButter"],"acts_visited":["Exordium","theJungle:Jungle","TheBeyond"],"potions_floor_usage":[16,16,33,40,50,50,50,50,50],"damage_taken":[{"damage":0,"enemies":"infinitespire:Voidling","floor":1,"turns":2},{"damage":0,"enemies":"conspire:RoseBush","floor":2,"turns":1},{"damage":0,"enemies":"Cultist","floor":4,"turns":2},{"damage":0,"enemies":"Exordium Thugs","floor":7,"turns":1},{"damage":0,"enemies":"3 Sentries","floor":8,"turns":3},{"damage":0,"enemies":"Gremlin Nob","floor":12,"turns":1},{"damage":0,"enemies":"2 Fungi Beasts","floor":13,"turns":1},{"damage":0,"enemies":"Large Slime","floor":14,"turns":1},{"damage":0,"enemies":"Slime Boss","floor":16,"turns":3},{"damage":0,"enemies":"theJungle:GiantWrat","floor":18,"turns":1},{"damage":3,"enemies":"theJungle:Flameango_and_Byrd","floor":22,"turns":3},{"damage":0,"enemies":"theJungle:2_Snecko_Cultists","floor":24,"turns":1},{"damage":0,"enemies":"theJungle:MamaSnecko","floor":27,"turns":3},{"damage":0,"enemies":"theJungle:2_Phrogs","floor":30,"turns":2},{"damage":0,"enemies":"theJungle:SlimyTreeVines","floor":31,"turns":2},{"damage":0,"enemies":"theJungle:FunGuy","floor":33,"turns":3},{"damage":0,"enemies":"Orb Walker","floor":35,"turns":1},{"damage":7,"enemies":"3 Shapes","floor":36,"turns":2},{"damage":0,"enemies":"Writhing Mass","floor":39,"turns":1},{"damage":0,"enemies":"Reptomancer","floor":40,"turns":3},{"damage":0,"enemies":"Nemesis","floor":42,"turns":3},{"damage":0,"enemies":"4 Shapes","floor":44,"turns":2},{"damage":0,"enemies":"Sphere and 2 Shapes","floor":45,"turns":1},{"damage":0,"enemies":"Transient","floor":47,"turns":3},{"damage":0,"enemies":"Maw","floor":48,"turns":1},{"damage":0,"enemies":"Awakened One","floor":50,"turns":4}],"seed_played":"-3431060531644868915","potions_obtained":[{"floor":7,"key":"Toxic Potion"},{"floor":12,"key":"BlessingOfTheForge"},{"floor":14,"key":"Energy Potion"},{"floor":16,"key":"Regen Potion"},{"floor":18,"key":"DistilledChaos"},{"floor":30,"key":"Weak Potion"},{"floor":31,"key":"FearPotion"},{"floor":40,"key":"GamblersBrew"},{"floor":42,"key":"Venom Potion"},{"floor":48,"key":"FearPotion"}],"is_trial":false,"path_per_floor":["M","M","?","M","?","R","M","E","T","R","$","E","M","M","R","B",null,"M","?","?","?","M","R","M","$","T","E","T","R","E","M","R","B",null,"M","M","T","$","M","E","$","E","T","M","M","AVR","M","M","R","B",null],"character_chosen":"THE_CURSED","items_purchased":["TheCursedMod:SpitefulPlan","EssenceOfSteel","TheCursedMod:Stigma","ColorlessPotion","Whetstone","ReplayTheSpireMod:ShopPack"],"campfire_rested":0,"item_purchase_floors":[11,38,38,38,41,41],"current_hp_per_floor":[75,75,75,75,75,75,75,75,75,75,75,75,75,75,75,75,75,75,75,75,57,54,54,54,54,54,54,54,54,54,61,61,63,75,75,68,68,68,71,75,75,75,75,75,75,75,75,75,75,75],"gold":216,"neow_bonus":"RANDOM_COMMON_RELIC","is_daily":false,"chose_seed":false,"campfire_upgraded":7,"win_rate":0.0,"timestamp":1612892499,"path_taken":["M","?","?","M","?","R","M","E","T","R","$","E","M","?","R","BOSS","M","?","?","?","M","R","M","$","T","E","?","R","E","M","R","BOSS","M","M","?","?","M","E","$","E","T","M","M","AVR","M","M","R","BOSS"],"items_purchased_type":["Card","Potion","Card","Potion","Relic","Relic"],"build_version":"2020-12-22","purchased_purges":0,"victory":true,"max_hp_per_floor":[75,75,75,75,75,75,75,75,75,75,75,75,75,75,75,75,75,75,75,75,75,75,75,75,75,75,75,75,75,75,75,75,75,75,75,75,75,75,75,75,75,75,75,75,75,75,75,75,75,75],"card_choices":[{"not_picked":["TheCursedMod:BlessingInDisguise","TheCursedMod:CircleOfFlame"],"picked":"TheCursedMod:CursedAmulet","floor":1},{"not_picked":["TheCursedMod:Stigma","TheCursedMod:VitalStrike"],"picked":"TheCursedMod:CursedBlade","floor":2},{"not_picked":["TheCursedMod:TacticalStrike","TheCursedMod:RapidMovement"],"picked":"TheCursedMod:CircleOfFlame","floor":4},{"not_picked":["TheCursedMod:CursedMace","TheCursedMod:Obscuration"],"picked":"TheCursedMod:WearCloak","floor":7},{"not_picked":["TheCursedMod:HellfireBreathing","TheCursedMod:AbyssShockwave"],"picked":"TheCursedMod:SurpriseAttack","floor":8},{"not_picked":["TheCursedMod:SoulReap","TheCursedMod:Neurasthenia","TheCursedMod:ShockAndAwe"],"picked":"SKIP","floor":12},{"not_picked":["TheCursedMod:TroublousMinions","TheCursedMod:TacticalStrike","TheCursedMod:HellsGateOpen"],"picked":"SKIP","floor":13},{"not_picked":["TheCursedMod:CursedMace","TheCursedMod:CursedSpellbook"],"picked":"TheCursedMod:CursedShiv","floor":14},{"not_picked":["TheCursedMod:TacticalStrike+1","TheCursedMod:RapidMovement","TheCursedMod:FuryStrike"],"picked":"SKIP","floor":18},{"not_picked":["TheCursedMod:TacticalStrike","TheCursedMod:FleshFromBone"],"picked":"TheCursedMod:Wield","floor":21},{"not_picked":["TheCursedMod:Obscuration+1","TheCursedMod:SmokeScreen+1"],"picked":"TheCursedMod:EmpowerCircles+1","floor":22},{"not_picked":["TheCursedMod:CursedMace","TheCursedMod:Obscuration"],"picked":"TheCursedMod:ReleasedStrength+1","floor":24},{"not_picked":["TheCursedMod:RapidMovement+1","TheCursedMod:FuryStrike+1","TheCursedMod:EmpowerCircles+1"],"picked":"SKIP","floor":27},{"not_picked":["TheCursedMod:Obscuration","TheCursedMod:SpreadPlague+1"],"picked":"TheCursedMod:SoulReap+1","floor":30},{"not_picked":["TheCursedMod:CircleOfAmplification+1","TheCursedMod:TacticalStrike"],"picked":"TheCursedMod:OutForBlood+1","floor":31},{"not_picked":["TheCursedMod:ShockAndAwe+1","TheCursedMod:ManaCirculation+1"],"picked":"TheCursedMod:NeowsMight+1","floor":33},{"not_picked":["TheCursedMod:RavingStaff","TheCursedMod:Stretching+1"],"picked":"TheCursedMod:CursedShiv","floor":35},{"not_picked":["TheCursedMod:Obscuration","TheCursedMod:SpreadPlague+1"],"picked":"TheCursedMod:Hemoplague+1","floor":36},{"not_picked":["TheCursedMod:Stigma","TheCursedMod:WearCloak","TheCursedMod:Obscuration"],"picked":"SKIP","floor":39},{"not_picked":["TheCursedMod:DoubleShield+1","TheCursedMod:CircleOfAbyss+1"],"picked":"TheCursedMod:DemonSword+1","floor":40},{"not_picked":["Midas Touch","Mayhem"],"picked":"Panache","floor":41},{"not_picked":["ReplayTheSpireMod:Brewmster","PanicButton"],"picked":"Enlightenment","floor":41},{"not_picked":["Specialist","ReplayTheSpireMod:Uncanny Aura"],"picked":"Flash of Steel","floor":41},{"not_picked":["TheCursedMod:TacticalStrike","TheCursedMod:CursedAmulet"],"picked":"TheCursedMod:CursedMace","floor":42},{"not_picked":["TheCursedMod:EmpowerCircles+1","TheCursedMod:TacticalStrike"],"picked":"TheCursedMod:CursedShiv+1","floor":44},{"not_picked":["TheCursedMod:CircleOfCorruption","TheCursedMod:Hemoplague+1"],"picked":"TheCursedMod:CircleOfFlame+1","floor":45},{"not_picked":["TheCursedMod:Stigma","TheCursedMod:RapidMovement","TheCursedMod:Torture+1"],"picked":"SKIP","floor":47},{"not_picked":["TheCursedMod:CursedShiv","TheCursedMod:CursedAmulet+1"],"picked":"TheCursedMod:NeowsMight+1","floor":48}],"player_experience":408256,"relics_obtained":[{"floor":8,"key":"hubris:MysteriousPyramids"},{"floor":9,"key":"Mummified Hand"},{"floor":12,"key":"infinitespire:Beetle Shell"},{"floor":21,"key":"Replay:Mystery Machine"},{"floor":26,"key":"hubris:TinFlute"},{"floor":27,"key":"Incense Burner"},{"floor":28,"key":"Replay:Wax Seal"},{"floor":30,"key":"infinitespire:Satchel"},{"floor":37,"key":"reliquary:RoseTintedGlasses"},{"floor":40,"key":"Blue Doll"},{"floor":42,"key":"Replay:WaspNest"},{"floor":43,"key":"Oddly Smooth Stone"}],"event_choices":[{"damage_healed":0,"gold_gain":0,"player_choice":"Upgraded","damage_taken":0,"max_hp_gain":0,"max_hp_loss":0,"event_name":"Upgrade Shrine","floor":5,"gold_loss":0,"cards_upgraded":["TheCursedMod:CircleOfWindfury"]}],"is_beta":false,"boss_relics":[{"not_picked":["Replay:Fungal Core","conspire:SeveredTorchhead"],"picked":"Philosopher\u0027s Stone"},{"not_picked":["infinitespire:Cupcake","halation:Yufonium"],"picked":"Snecko Heart"}],"items_purged_floors":[],"is_endless":false,"potions_floor_spawned":[7,12,14,16,18,30,31,40,42,47,48],"ascension_level":2}}