{"host":"ypzb5vvnu9f3ii1t","time":1612886855,"event":{"mods":["AchievementEnabler","BaseMod","Colored Map","DeckTracker","Keyboard Shortcuts","Minty Spire (QoL Compilation)","Permanent Neow","Quick Restart","SuperFastMode"],"gold_per_floor":[114,189,189,206,206,206,240,240,267,267,267],"floor_reached":10,"language":"KOR","playtime":132,"items_purged":[],"score":102,"play_id":"4070dc3e-9796-4696-9b78-fde9ef636460","local_time":"20210210010735","is_ascension_mode":true,"campfire_choices":[{"data":"InnerPeace","floor":6,"key":"SMITH"},{"floor":8,"key":"RECALL"}],"circlet_count":0,"master_deck":["Strike_P","Strike_P","Strike_P","Strike_P","Defend_P","Defend_P","Defend_P","Eruption","Vigilance","InnerPeace+1"],"relics":["PureWater","NeowsBlessing","Bag of Marbles","Regal Pillow"],"acts_visited":["Exordium"],"potions_floor_usage":[],"damage_taken":[{"damage":0.0,"enemies":"2 Louse","floor":1.0,"turns":1.0},{"damage":0.0,"enemies":"Jaw Worm","floor":4.0,"turns":1.0},{"damage":0,"enemies":"Gremlin Nob","floor":7,"turns":1},{"damage":45,"enemies":"3 Sentries","floor":10,"turns":4}],"seed_played":"-1502958018405318470","potions_obtained":[{"floor":1.0,"key":"SmokeBomb"},{"floor":4.0,"key":"BlessingOfTheForge"}],"is_trial":false,"path_per_floor":["M","?","?","M","?","R","E","R","T","E"],"character_chosen":"WATCHER","items_purchased":[],"campfire_rested":0,"item_purchase_floors":[],"current_hp_per_floor":[72,61,61,61,61,61,61,61,61,16,16],"gold":267,"neow_bonus":"THREE_ENEMY_KILL","is_daily":false,"chose_seed":false,"campfire_upgraded":1,"win_rate":0.0,"timestamp":1612886855,"path_taken":["M","?","?","?","?","R","E","R","T","E"],"items_purchased_type":[],"build_version":"2020-12-22","purchased_purges":0,"victory":false,"max_hp_per_floor":[72,72,72,72,72,72,72,72,72,72,72],"card_choices":[{"not_picked":["Sanctity","SashWhip"],"picked":"InnerPeace","floor":1.0},{"not_picked":["FlyingSleeves","DeceiveReality","Halt"],"picked":"SKIP","floor":4.0},{"not_picked":["Weave","Halt","FlurryOfBlows"],"picked":"SKIP","floor":7}],"player_experience":200164,"relics_obtained":[{"floor":7,"key":"Bag of Marbles"},{"floor":9,"key":"Regal Pillow"}],"event_choices":[{"damage_healed":0.0,"max_hp_gain":0.0,"max_hp_loss":0.0,"gold_gain":75.0,"event_name":"World of Goop","player_choice":"Gather Gold","floor":2.0,"gold_loss":0.0,"damage_taken":11.0},{"damage_healed":0.0,"max_hp_gain":0.0,"max_hp_loss":0.0,"gold_gain":0.0,"event_name":"Transmorgrifier","player_choice":"Ignored","floor":3.0,"gold_loss":0.0,"damage_taken":0.0},{"cards_removed":["Defend_P"],"damage_healed":0,"gold_gain":0,"player_choice":"Purged","damage_taken":0,"max_hp_gain":0,"max_hp_loss":0,"event_name":"Purifier","floor":5,"gold_loss":0}],"is_beta":false,"boss_relics":[],"items_purged_floors":[],"is_endless":false,"potions_floor_spawned":[1,4],"killed_by":"3 Sentries","ascension_level":3}}