{"host":"snczp9esof91ppiq","time":1612844816,"event":{"mods":["AchievementEnabler","BaseMod","Better Match","Better Note","Better Sensory Stone","Better Skull","Colored Map","Colored Powertips","Hermit","Minty Spire (QoL Compilation)","Relic Stats","StSLib"],"gold_per_floor":[126,138,150,181,36,36,68,85,85,101,101,115,126,142,142,217,217,231,231,250,250,268,268,296,63,145,145,145],"floor_reached":27,"language":"ENG","playtime":1332,"items_purged":["Defend_R"],"score":388,"play_id":"529811b4-3392-4b61-bf33-83baf41deba2","local_time":"20210208222656","is_ascension_mode":true,"campfire_choices":[{"data":"Inflame","floor":6.0,"key":"SMITH"},{"floor":11.0,"key":"REST"},{"data":"Uppercut","floor":15,"key":"SMITH"},{"floor":23,"key":"REST"}],"circlet_count":0,"master_deck":["AscendersBane","Strike_R","Strike_R","Strike_R","Strike_R","Strike_R","Defend_R","Defend_R+1","Bash+1","Inflame+1","Perfected Strike","Metallicize","Shrug It Off","Uppercut+1","Bludgeon","Whirlwind","Headbutt","Demon Form","Whirlwind","Flame Barrier+1","Shrug It Off+1","Flame Barrier","Pummel"],"relics":["Black Blood","MawBank","Membership Card","White Beast Statue","Vajra","Letter Opener","Shuriken","Pantograph"],"acts_visited":["Exordium","TheCity"],"potions_floor_usage":[14,16,20,22,24,27,27],"damage_taken":[{"damage":7.0,"enemies":"2 Louse","floor":1.0,"turns":3.0},{"damage":2.0,"enemies":"Jaw Worm","floor":4.0,"turns":4.0},{"damage":39.0,"enemies":"3 Sentries","floor":7.0,"turns":8.0},{"damage":8.0,"enemies":"Small Slimes","floor":8.0,"turns":4.0},{"damage":2.0,"enemies":"Blue Slaver","floor":10.0,"turns":4.0},{"damage":6.0,"enemies":"Red Slaver","floor":12.0,"turns":3.0},{"damage":10.0,"enemies":"Exordium Thugs","floor":13.0,"turns":5.0},{"damage":10,"enemies":"Blue Slaver","floor":14,"turns":2},{"damage":34,"enemies":"Hexaghost","floor":16,"turns":8},{"damage":20,"enemies":"3 Byrds","floor":18,"turns":9},{"damage":41,"enemies":"Shell Parasite","floor":20,"turns":6},{"damage":0,"enemies":"Snecko","floor":22,"turns":2},{"damage":50,"enemies":"Slavers","floor":24,"turns":3},{"damage":36,"enemies":"Book of Stabbing","floor":27,"turns":5}],"seed_played":"8489534831926477946","potions_obtained":[{"floor":4.0,"key":"Fruit Juice"},{"floor":7.0,"key":"Weak Potion"},{"floor":8.0,"key":"ColorlessPotion"},{"floor":10.0,"key":"Energy Potion"},{"floor":12.0,"key":"FearPotion"},{"floor":13.0,"key":"Swift Potion"},{"floor":14,"key":"DistilledChaos"},{"floor":16,"key":"GamblersBrew"},{"floor":18,"key":"Explosive Potion"},{"floor":20,"key":"DistilledChaos"},{"floor":22,"key":"BlessingOfTheForge"},{"floor":24,"key":"GamblersBrew"}],"is_trial":false,"path_per_floor":["M","?","?","M","$","R","E","M","T","M","R","M","M","M","R","B",null,"M","?","M","?","M","R","E","$","T","E"],"character_chosen":"IRONCLAD","items_purchased":["Membership Card","Shuriken","AttackPotion","Pummel"],"campfire_rested":2,"item_purchase_floors":[5,25,25,25],"current_hp_per_floor":[71,71,55,64,64,64,31,29,29,33,58,58,54,50,50,22,69,61,61,32,32,44,69,31,31,31,0,0],"gold":145,"neow_bonus":"RANDOM_COMMON_RELIC","is_daily":false,"chose_seed":false,"campfire_upgraded":2,"win_rate":0.0,"timestamp":1612844816,"path_taken":["M","?","?","M","?","R","E","M","T","M","R","M","M","M","R","BOSS","M","?","M","?","?","R","E","$","T","E"],"items_purchased_type":["Relic","Relic","Potion","Card"],"build_version":"2020-12-22","purchased_purges":1,"victory":false,"max_hp_per_floor":[80,80,80,85,85,85,85,85,85,85,85,85,85,85,85,85,85,85,85,85,85,85,85,85,85,85,85,85],"relic_stats":{"counters":[14,66],"Shuriken":[0],"Pantograph":0,"Black Blood":102,"Letter Opener":[0],"MawBank":60,"obtain_stats":[{"Shuriken":25,"Pantograph":26,"Vajra":9,"Black Blood":17,"Membership Card":5,"Letter Opener":24,"MawBank":0,"Burning Blood":0,"White Beast Statue":7},{"Shuriken":13,"Pantograph":13,"Vajra":4,"Black Blood":9,"Membership Card":2,"Letter Opener":13,"MawBank":0,"Burning Blood":0,"White Beast Statue":3},{"Shuriken":61,"Pantograph":61,"Vajra":19,"Black Blood":41,"Membership Card":7,"Letter Opener":61,"MawBank":0,"Burning Blood":0,"White Beast Statue":15}]},"card_choices":[{"not_picked":["Cleave","Wild Strike"],"picked":"Inflame","floor":1.0},{"not_picked":["Iron Wave","Flex"],"picked":"Perfected Strike","floor":4.0},{"not_picked":["Second Wind","Pommel Strike"],"picked":"Metallicize","floor":7.0},{"not_picked":["Anger","Second Wind"],"picked":"Shrug It Off","floor":8.0},{"not_picked":["Combust","True Grit"],"picked":"Uppercut","floor":10.0},{"not_picked":["Evolve","Battle Trance"],"picked":"Bludgeon","floor":12.0},{"not_picked":["Shrug It Off","Carnage"],"picked":"Whirlwind","floor":13.0},{"not_picked":["Reckless Charge","Havoc"],"picked":"Headbutt","floor":14},{"not_picked":["Offering","Brutality"],"picked":"Demon Form","floor":16},{"not_picked":["Rage","Pummel"],"picked":"Whirlwind","floor":18},{"not_picked":["Power Through","Warcry"],"picked":"Flame Barrier","floor":20},{"not_picked":["Pommel Strike","True Grit"],"picked":"Shrug It Off+1","floor":22},{"not_picked":["Intimidate","Headbutt"],"picked":"Flame Barrier","floor":24}],"player_experience":904329,"relics_obtained":[{"floor":7.0,"key":"White Beast Statue"},{"floor":9.0,"key":"Vajra"},{"floor":24,"key":"Letter Opener"},{"floor":26,"key":"Pantograph"}],"event_choices":[{"damage_healed":0.0,"max_hp_gain":0.0,"max_hp_loss":0.0,"gold_gain":0.0,"event_name":"Liars Game","player_choice":"Ignored","floor":2.0,"gold_loss":0.0,"damage_taken":0.0},{"damage_healed":0.0,"max_hp_gain":0.0,"max_hp_loss":0.0,"gold_gain":0.0,"event_name":"Shining Light","player_choice":"Entered Light","floor":3.0,"gold_loss":0.0,"damage_taken":16.0,"cards_upgraded":["Bash","Defend_R"]},{"cards_removed":["Defend_R"],"damage_healed":0,"gold_gain":0,"player_choice":"Purged","damage_taken":0,"max_hp_gain":0,"max_hp_loss":0,"event_name":"Purifier","floor":19,"gold_loss":0},{"damage_healed":0,"gold_gain":0,"player_choice":"Upgraded","damage_taken":0,"max_hp_gain":0,"max_hp_loss":0,"event_name":"Upgrade Shrine","floor":21,"gold_loss":0,"cards_upgraded":["Flame Barrier"]}],"is_beta":false,"boss_relics":[{"not_picked":["SlaversCollar","Cursed Key"],"picked":"Black Blood"}],"items_purged_floors":[25],"is_endless":false,"potions_floor_spawned":[4,7,8,10,12,13,14,16,18,20,22,24],"killed_by":"Book of Stabbing","ascension_level":13}}