{"host":"onsldz53rrjogmmj","time":1612869755,"event":{"mods":["BaseMod","Colored Powertips","Downfall","Koishi","KomeijiMod","Minty Spire (QoL Compilation)","StSLib","Yakumo Yukari mod","Yuyuko","[IsaacMod]ÒÔÈö¼âËþ"],"gold_per_floor":[130,27,102,102,102,102,127,42,67,67,67,83,99,113,113,213,213,224,224,149,102,112,144,144,144,144],"floor_reached":25,"language":"ZHS","playtime":881,"items_purged":[],"score":242,"play_id":"fa52daed-4328-46c5-a7c6-06e79d490571","local_time":"20210209192235","is_ascension_mode":false,"campfire_choices":[{"data":"Observe_purple_2","floor":6.0,"key":"SMITH"},{"floor":10.0,"key":"REST"},{"floor":15.0,"key":"REST"}],"circlet_count":0,"master_deck":["AT_purpleEX","AT_purpleEX","AT_purpleEX","AT_purpleEX","Defend_purpleEX","Defend_purpleEX","Defend_purpleEX","Defend_purpleEX","Observe_purple_1","Observe_purple_2+1","DarkRealmRedLine_purple","StateErode_purple","ExternalForce_HighSpeedFlying_purple","MonsterNeedle_purple","Charmbait_purple","WeekHit_purple","DimensionStaggered_purple","Mirror_FormAndEmptin_purple","Nest_LightFlightworm_purple","Boundary_DreamRealityDamnation_purple","DimensionStaggered_purple","UniverseChoice_purple","Boundary_ObjectiveBoundary_purple","MeetDecomposer_purple","ExistenceContinue_purple","Human_Monster_Realm_purple"],"relics":["Boundary_crack","Memoryfragments_purpleEX","HushsDoor","DeathBook","Dream Catcher","Sundial","Antimatter_spacedebris","Seventeenyearold_girl_Forever","MealTicket"],"acts_visited":["Exordium","TheCity"],"potions_floor_usage":[],"damage_taken":[{"damage":3.0,"enemies":"Small Slimes","floor":1.0,"turns":3.0},{"damage":20.0,"enemies":"3 Sentries","floor":7.0,"turns":1.0},{"damage":1.0,"enemies":"Cultist","floor":12.0,"turns":3.0},{"damage":1.0,"enemies":"2 Louse","floor":13.0,"turns":2.0},{"damage":0.0,"enemies":"Large Slime","floor":14.0,"turns":4.0},{"damage":2.0,"enemies":"Slime Boss","floor":16.0,"turns":6.0},{"damage":10.0,"enemies":"Chosen","floor":18.0,"turns":4.0},{"damage":10.0,"enemies":"Spheric Guardian","floor":22.0,"turns":4.0},{"damage":44.0,"enemies":"Slavers","floor":23.0,"turns":4.0},{"damage":0,"enemies":"Cultist and Chosen","floor":25,"turns":2}],"seed_played":"384411725039304166","potions_obtained":[{"floor":1.0,"key":"LiquidBronze"},{"floor":7.0,"key":"Strength Potion"}],"is_trial":false,"path_per_floor":["M","$","?","?","?","R","E","$","T","R","?","M","M","M","R","B",null,"M","?","?","$","M","E","?","M"],"character_chosen":"Youkari","items_purchased":["StateErode_purple","ExternalForce_HighSpeedFlying_purple","Charmbait_purple","WeekHit_purple","MeetDecomposer_purple"],"campfire_rested":2,"item_purchase_floors":[2,2,8,8,21],"current_hp_per_floor":[75,75,68,77,65,65,45,45,45,68,48,47,48,50,73,74,77,67,67,67,67,58,14,14,14,14],"gold":144,"neow_bonus":"TEN_PERCENT_HP_BONUS","is_daily":false,"chose_seed":false,"campfire_upgraded":1,"win_rate":0.0,"timestamp":1612869755,"path_taken":["M","$","?","?","?","R","E","$","T","R","?","M","M","?","R","BOSS","M","?","?","$","M","E","?","?"],"items_purchased_type":["Card","Card","Card","Card","Card"],"build_version":"2020-12-22","purchased_purges":0,"victory":false,"max_hp_per_floor":[77,77,77,77,77,77,77,77,77,77,77,77,77,77,77,77,77,77,77,77,77,77,77,77,77,77],"card_choices":[{"not_picked":[],"picked":"SuicideKing","floor":0.0},{"not_picked":["StateErode_purple","SfantasyHide_purple"],"picked":"DarkRealmRedLine_purple","floor":1.0},{"not_picked":["RuleDissolution_purple","Fantasy_PerpetualMotionMachine_purple"],"picked":"MonsterNeedle_purple","floor":7.0},{"not_picked":["RealityDreamConfluencek_purple","Boundary_LightAndDark_purple"],"picked":"DimensionStaggered_purple","floor":10.0},{"not_picked":["Extrememeaning_purpleEX","Line_surface_state_purple"],"picked":"Mirror_FormAndEmptin_purple","floor":12.0},{"not_picked":["OpenedBox_purple","ExistenceContinue_purple"],"picked":"Nest_LightFlightworm_purple","floor":13.0},{"not_picked":["EighthInstrument_OneDividesIntoTwo_purple","StretchesForeverDream_purple"],"picked":"Boundary_DreamRealityDamnation_purple","floor":14.0},{"not_picked":["MetroBOOM_purple","Line_surface_state_purple"],"picked":"DimensionStaggered_purple","floor":15.0},{"not_picked":["ProofOfUnderstanding_purple","Fancifulhole_purple"],"picked":"UniverseChoice_purple","floor":16.0},{"not_picked":["Mirror_FormAndEmptin_purple+1","DimensionStaggered_purple"],"picked":"Boundary_ObjectiveBoundary_purple","floor":18.0},{"not_picked":["Anti_communist_purple","Charmbait_purple"],"picked":"ExistenceContinue_purple","floor":22.0},{"not_picked":["StateDuplicate_purple","PurpleNeedle_purple"],"picked":"Human_Monster_Realm_purple","floor":23.0}],"player_experience":314612,"relics_obtained":[{"floor":7.0,"key":"Sundial"},{"floor":9.0,"key":"Antimatter_spacedebris"},{"floor":23.0,"key":"MealTicket"}],"event_choices":[{"damage_healed":0.0,"max_hp_gain":0.0,"max_hp_loss":0.0,"gold_gain":75.0,"event_name":"FaceTrader","player_choice":"Touch","floor":3.0,"gold_loss":0.0,"damage_taken":7.0},{"damage_healed":0.0,"max_hp_gain":0.0,"max_hp_loss":0.0,"gold_gain":0.0,"event_name":"Scrap Ooze","player_choice":"Success","floor":5.0,"gold_loss":0.0,"damage_taken":12.0,"relics_obtained":["Dream Catcher"]},{"damage_healed":0.0,"max_hp_gain":0.0,"max_hp_loss":0.0,"gold_gain":0.0,"event_name":"NoteForYourself","player_choice":"Ignored","floor":19.0,"gold_loss":0.0,"damage_taken":0.0},{"cards_removed":["SuicideKing"],"damage_healed":0.0,"max_hp_gain":0.0,"max_hp_loss":0.0,"gold_gain":0.0,"event_name":"Beggar","player_choice":"Gave Gold","floor":20.0,"gold_loss":75.0,"damage_taken":0.0}],"is_beta":false,"boss_relics":[{"not_picked":["Calling Bell","Velvet Choker"],"picked":"Seventeenyearold_girl_Forever"},{"not_picked":[]}],"items_purged_floors":[],"is_endless":false,"potions_floor_spawned":[1,7],"killed_by":"Cultist and Chosen","ascension_level":0}}