{"host":"630px4nyj50z5id8","time":1612855534,"event":{"mods":["BaseMod","Better Note","Colored Powertips","Good Game Mod","Minty Spire (QoL Compilation)","Quick Restart","Rare Cards Sparkle","Relic Filter Mod","Replay The Spire","StSLib","Waifu the Spire"],"gold_per_floor":[118,118,118,67,112,112,146,159,233,233,261,277,307,323,323,428,428,443,368,368,383,396,422,422,422],"floor_reached":24,"language":"ZHS","playtime":963,"items_purged":["Strike_B"],"score":341,"play_id":"01aa6027-ed8d-4768-825d-ecd5d077f7fc","local_time":"20210209152534","is_ascension_mode":true,"campfire_choices":[{"data":"Apotheosis","floor":6.0,"key":"SMITH"},{"data":"Biased Cognition","floor":10.0,"key":"SMITH"},{"floor":15,"key":"DIG"}],"circlet_count":0,"master_deck":["Strike_B","Strike_B","Defend_B","Defend_B","Defend_B","Defend_B","Zap","Dualcast","Apotheosis+1","ReplayTheSpireMod:Calculation Training","BootSequence","BootSequence","FIFO Queue","Steam","Biased Cognition+1","Double Energy","Turbo","Leap","Hologram","Creative AI","Melter+1","Coolheaded","Stack+1"],"relics":["Cracked Core","REME:ComplimentaryCards","NeowsBlessing","PreservedInsect","Replay:Baseball","Letter Opener","Replay:Antivirus Software","Akabeko","Pantograph","Coffee Dripper","Pen Nib"],"acts_visited":["Exordium","TheCity"],"potions_floor_usage":[13,16,16,21,23],"damage_taken":[{"damage":0.0,"enemies":"2 Louse","floor":1.0,"turns":1.0},{"damage":0.0,"enemies":"Gremlin Nob","floor":7.0,"turns":1.0},{"damage":0.0,"enemies":"Cultist","floor":8.0,"turns":1.0},{"damage":7.0,"enemies":"Lagavulin","floor":11.0,"turns":5.0},{"damage":0,"enemies":"Jaw Worm","floor":12,"turns":3},{"damage":0,"enemies":"Gremlin Nob","floor":13,"turns":2},{"damage":0,"enemies":"3 Louse","floor":14,"turns":2},{"damage":22,"enemies":"Slime Boss","floor":16,"turns":6},{"damage":0,"enemies":"3 Byrds","floor":18,"turns":4},{"damage":23,"enemies":"2 Thieves","floor":21,"turns":4},{"damage":15,"enemies":"Snecko","floor":22,"turns":7},{"damage":30,"enemies":"Gremlin Leader","floor":23,"turns":5},{"damage":1,"enemies":"Chosen and Byrds","floor":24,"turns":8}],"seed_played":"-8078815929817922678","potions_obtained":[{"floor":1.0,"key":"DistilledChaos"},{"floor":2.0,"key":"ColorlessPotion"},{"floor":2.0,"key":"SneckoOil"},{"floor":2.0,"key":"Fire Potion"},{"floor":12,"key":"Energy Potion"},{"floor":14,"key":"LiquidMemories"},{"floor":16,"key":"Fire Potion"},{"floor":18,"key":"ColorlessPotion"}],"is_trial":false,"path_per_floor":["M","?","$","$","?","R","E","M","T","R","E","M","E","M","R","B",null,"M","$","?","M","M","E","M"],"character_chosen":"DEFECT","items_purchased":["BootSequence"],"campfire_rested":0,"item_purchase_floors":[4],"current_hp_per_floor":[75,75,75,75,75,75,75,75,75,75,68,68,68,68,68,53,75,75,75,75,52,37,7,6,6],"gold":422,"neow_bonus":"THREE_ENEMY_KILL","is_daily":false,"chose_seed":false,"campfire_upgraded":2,"win_rate":0.0,"timestamp":1612855534,"path_taken":["M","?","?","$","?","R","E","?","T","R","E","M","E","M","R","BOSS","M","$","?","M","M","E","M"],"items_purchased_type":["Card"],"build_version":"2020-12-22","purchased_purges":1,"victory":false,"max_hp_per_floor":[75,75,75,75,75,75,75,75,75,75,75,75,75,75,75,75,75,75,75,75,75,75,75,75,75],"card_choices":[{"not_picked":["Steam","Time Bomb"],"picked":"ReplayTheSpireMod:Calculation Training","floor":1.0},{"not_picked":["ReplayTheSpireMod:Reroute Power","Reprogram"],"picked":"FIFO Queue","floor":5.0},{"not_picked":["Redo","Sweeping Beam"],"picked":"Steam","floor":5.0},{"not_picked":["Ball Lightning","Hologram"],"picked":"Biased Cognition","floor":7.0},{"not_picked":["Gash","Rebound"],"picked":"Double Energy","floor":8.0},{"not_picked":["Gash","Scrape"],"picked":"Turbo","floor":11.0},{"not_picked":["Steam","Streamline"],"picked":"Leap","floor":12},{"not_picked":["Crystallizer","ReplaySolidLightProjector","Rebound"],"picked":"SKIP","floor":13},{"not_picked":["Steam","Barrage"],"picked":"Hologram","floor":14},{"not_picked":["All For One","Hyperbeam"],"picked":"Creative AI","floor":16},{"not_picked":["Compile Driver","Barrage","ReplaySort"],"picked":"SKIP","floor":18},{"not_picked":["Coolheaded+1","Stack+1"],"picked":"Melter+1","floor":21},{"not_picked":["Go for the Eyes","Gash"],"picked":"Coolheaded","floor":22},{"not_picked":["FIFO Queue+1","Double Energy"],"picked":"Stack+1","floor":23}],"player_experience":438159,"relics_obtained":[{"floor":5.0,"key":"PreservedInsect"},{"floor":7.0,"key":"Replay:Baseball"},{"floor":9.0,"key":"Letter Opener"},{"floor":11.0,"key":"Replay:Antivirus Software"},{"floor":13,"key":"Akabeko"},{"floor":15,"key":"Pantograph"},{"floor":23,"key":"Pen Nib"}],"event_choices":[{"damage_healed":0.0,"max_hp_gain":0.0,"max_hp_loss":0.0,"gold_gain":0.0,"event_name":"Lab","player_choice":"Got Potions","floor":2.0,"gold_loss":0.0,"damage_taken":0.0},{"cards_removed":["Strike_B"],"damage_healed":0,"gold_gain":0,"player_choice":"Elegance","damage_taken":0,"max_hp_gain":0,"max_hp_loss":0,"event_name":"Back to Basics","floor":20,"gold_loss":0}],"is_beta":false,"boss_relics":[{"not_picked":["Cursed Key","Kintsugi"],"picked":"Coffee Dripper"}],"items_purged_floors":[19],"is_endless":false,"potions_floor_spawned":[1,7,12,14,16,18],"killed_by":"Chosen and Byrds","ascension_level":4}}