{"host":"f55nj4gldpx3ksju","time":1612853855,"event":{"mods":["BaseMod","Colored Map","Highlight Path","Minty Spire (QoL Compilation)","Replay The Spire","StSLib"],"gold_per_floor":[210,226,237,248,248,248,259,259,259,192,202,167,167,167,167,167,167],"floor_reached":16,"language":"ZHS","playtime":818,"items_purged":[],"score":170,"play_id":"70ac81b8-6d0e-4bf2-9a22-e495d9d4ce18","local_time":"20210209145735","is_ascension_mode":true,"campfire_choices":[{"floor":6,"key":"REST"},{"floor":8,"key":"REST"},{"data":"Defragment","floor":13,"key":"SMITH"},{"floor":15,"key":"REST"}],"circlet_count":0,"master_deck":["AscendersBane","Strike_B","Strike_B","Strike_B","Defend_B","Defend_B","Defend_B","Defend_B","Zap","Dualcast","Lockon+1","Auto Shields","Panic Button","Defragment","Defragment+1","Conserve Battery"],"relics":["Replay:Wanted Poster","Mirror"],"acts_visited":["Exordium"],"potions_floor_usage":[16],"damage_taken":[{"damage":0.0,"enemies":"2 Louse","floor":1.0,"turns":3.0},{"damage":13.0,"enemies":"Small Slimes","floor":2.0,"turns":6.0},{"damage":3.0,"enemies":"Cultist","floor":3.0,"turns":4.0},{"damage":42.0,"enemies":"Exordium Thugs","floor":4.0,"turns":7.0},{"damage":22,"enemies":"3 Louse","floor":7,"turns":5},{"damage":21,"enemies":"Large Slime","floor":11,"turns":6},{"damage":36,"enemies":"Fading Forest","floor":16,"turns":7}],"seed_played":"3520816402663889035","potions_obtained":[{"floor":7,"key":"Milkshake"}],"is_trial":false,"path_per_floor":["M","M","M","M","?","R","M","R","T","$","M","?","R","?","R","B"],"character_chosen":"DEFECT","items_purchased":["Defragment"],"campfire_rested":3,"item_purchase_floors":[10],"current_hp_per_floor":[64,51,48,6,6,27,5,26,26,26,5,22,22,15,36,0,0],"gold":167,"neow_bonus":"BOSS_RELIC","is_daily":false,"chose_seed":false,"campfire_upgraded":1,"win_rate":0.0,"timestamp":1612853855,"path_taken":["M","M","M","M","?","R","M","R","T","$","M","?","R","?","R","BOSS"],"items_purchased_type":["Card"],"build_version":"2020-12-22","purchased_purges":0,"victory":false,"max_hp_per_floor":[71,71,71,71,71,71,71,71,71,71,71,71,71,71,71,71,71],"card_choices":[{"not_picked":["Ball Lightning","Hologram","ReplayTheSpireMod:Reroute Power"],"picked":"SKIP","floor":1.0},{"not_picked":["Gash","Compile Driver","ReplayTheSpireMod:Reroute Power"],"picked":"SKIP","floor":2.0},{"not_picked":["Force Field","Gash"],"picked":"Lockon","floor":3.0},{"not_picked":["BootSequence","Panic Button"],"picked":"Auto Shields","floor":4.0},{"not_picked":["White Noise","Sunder"],"picked":"Panic Button","floor":7},{"not_picked":["Streamline","Machine Learning"],"picked":"Conserve Battery","floor":11}],"player_experience":390553,"relics_obtained":[{"floor":9,"key":"Mirror"}],"event_choices":[{"damage_healed":0,"gold_gain":0,"player_choice":"Grow","damage_taken":0,"max_hp_gain":0,"max_hp_loss":0,"event_name":"Living Wall","floor":5,"gold_loss":0,"cards_upgraded":["Lockon"]},{"damage_healed":17,"gold_gain":0,"player_choice":"Healed","damage_taken":0,"max_hp_gain":0,"max_hp_loss":0,"event_name":"The Cleric","floor":12,"gold_loss":35},{"cards_removed":["Strike_B"],"damage_healed":0,"gold_gain":0,"player_choice":"Card Removal","damage_taken":7,"max_hp_gain":0,"max_hp_loss":0,"event_name":"Golden Wing","floor":14,"gold_loss":0}],"is_beta":false,"boss_relics":[],"items_purged_floors":[],"is_endless":false,"potions_floor_spawned":[7],"killed_by":"Fading Forest","ascension_level":17}}