{"host":"7wi4qgm5yw4j7oz0","time":1612896539,"event":{"mods":["AchievementEnabler","BaseMod","Block Reminder","Colored Map","Colored Powertips","Highlight Path","Minty Spire (QoL Compilation)","Permanent Neow","Random Character Button","Rare Cards Sparkle","StSLib","everything is the same but u backflip on backflip"],"gold_per_floor":[111,111,121,136,151,182,195,213,240,252,264,276,288,315,327,441,453,484,421,54,0,0,0,16,47,97,97,97,23,23,35,35,133,183,193,207,207,207],"floor_reached":37,"language":"KOR","playtime":2883,"items_purged":["Strike_R"],"score":545,"play_id":"af167dce-8f52-4e4b-bd4c-cc5abf7afbf3","local_time":"20210210034859","is_ascension_mode":true,"campfire_choices":[{"data":"Demon Form","floor":10.0,"key":"SMITH"},{"data":"True Grit","floor":12.0,"key":"SMITH"},{"floor":15.0,"key":"REST"},{"data":"Barricade","floor":23.0,"key":"SMITH"},{"floor":27.0,"key":"REST"},{"floor":30.0,"key":"REST"},{"data":"Entrench","floor":32.0,"key":"SMITH"}],"circlet_count":0,"master_deck":["Strike_R","Strike_R","Defend_R","Defend_R","Defend_R","Defend_R","Bash","Demon Form+1","Cleave","Sword Boomerang","Pummel","Warcry","Body Slam","True Grit+1","Twin Strike+1","Barricade+1","Flame Barrier+1","Entrench+1","Feed","Ghostly Armor","True Grit","Parasite"],"relics":["Burning Blood","Blood Vial","MawBank","Sozu","CaptainsWheel","Mummified Hand","Vajra","Tiny House"],"acts_visited":["Exordium","TheCity","TheBeyond"],"potions_floor_usage":[],"damage_taken":[{"damage":12.0,"enemies":"Small Slimes","floor":1.0,"turns":4.0},{"damage":6.0,"enemies":"Cultist","floor":3.0,"turns":3.0},{"damage":8.0,"enemies":"Jaw Worm","floor":4.0,"turns":4.0},{"damage":4.0,"enemies":"Blue Slaver","floor":5.0,"turns":4.0},{"damage":29.0,"enemies":"Gremlin Nob","floor":6.0,"turns":4.0},{"damage":13.0,"enemies":"3 Louse","floor":7.0,"turns":2.0},{"damage":10.0,"enemies":"Large Slime","floor":8.0,"turns":6.0},{"damage":26.0,"enemies":"Exordium Thugs","floor":14.0,"turns":4.0},{"damage":28.0,"enemies":"Slime Boss","floor":16.0,"turns":5.0},{"damage":17.0,"enemies":"3 Byrds","floor":18.0,"turns":6.0},{"damage":6.0,"enemies":"Spheric Guardian","floor":24.0,"turns":4.0},{"damage":62.0,"enemies":"Slavers","floor":25.0,"turns":6.0},{"damage":9.0,"enemies":"Chosen and Byrds","floor":31.0,"turns":5.0},{"damage":9.0,"enemies":"Champ","floor":33.0,"turns":11.0},{"damage":54.0,"enemies":"Orb Walker","floor":35.0,"turns":6.0},{"damage":23.0,"enemies":"3 Shapes","floor":36.0,"turns":7.0},{"damage":26,"enemies":"Writhing Mass","floor":37,"turns":8}],"seed_played":"-1208126080341220187","potions_obtained":[{"floor":1.0,"key":"Energy Potion"},{"floor":2.0,"key":"Fruit Juice"},{"floor":2.0,"key":"Block Potion"},{"floor":2.0,"key":"Strength Potion"},{"floor":8.0,"key":"FearPotion"},{"floor":14.0,"key":"SpeedPotion"},{"floor":16.0,"key":"PowerPotion"}],"is_trial":false,"path_per_floor":["M","?","M","M","M","E","M","M","T","R","?","R","$","M","R","B",null,"M","?","$","?","?","R","M","E","T","R","?","$","R","M","R","B",null,"M","M","M"],"character_chosen":"IRONCLAD","items_purchased":["CaptainsWheel","Entrench"],"campfire_rested":3,"item_purchase_floors":[20,29],"current_hp_per_floor":[66,71,71,69,71,48,43,41,41,41,41,41,41,23,48,28,71,62,62,62,62,62,62,64,10,10,35,35,35,60,59,59,58,83,37,22,0,0],"gold":207,"neow_bonus":"TRANSFORM_CARD","is_daily":false,"chose_seed":false,"campfire_upgraded":4,"win_rate":0.0,"timestamp":1612896539,"path_taken":["M","?","M","M","?","E","M","?","T","R","?","R","$","M","R","BOSS","M","?","$","?","?","R","M","E","T","R","?","$","R","M","R","BOSS","M","M","M"],"items_purchased_type":["Relic","Card"],"build_version":"2020-12-22","purchased_purges":1,"victory":false,"max_hp_per_floor":[80,85,85,85,85,85,85,85,85,85,85,85,85,85,85,85,85,85,85,85,85,85,85,85,85,85,85,85,85,85,85,85,85,90,90,90,90,90],"card_choices":[{"not_picked":["Hemokinesis","Combust"],"picked":"Cleave","floor":1.0},{"not_picked":["Blood for Blood","Armaments"],"picked":"Sword Boomerang","floor":3.0},{"not_picked":["Flex","Armaments"],"picked":"Pummel","floor":4.0},{"not_picked":["Immolate","Entrench"],"picked":"Warcry","floor":5.0},{"not_picked":["Combust","Burning Pact"],"picked":"Body Slam","floor":6.0},{"not_picked":["Iron Wave","Armaments"],"picked":"True Grit","floor":7.0},{"not_picked":["Flex","Spot Weakness"],"picked":"Twin Strike","floor":8.0},{"not_picked":["Body Slam","Bludgeon","Perfected Strike"],"picked":"SKIP","floor":14.0},{"not_picked":["Corruption","Fiend Fire"],"picked":"Barricade","floor":16.0},{"not_picked":["Pummel+1","Power Through+1"],"picked":"Flame Barrier","floor":18.0},{"not_picked":["Clothesline","Combust","Wild Strike+1"],"picked":"SKIP","floor":24.0},{"not_picked":["Perfected Strike+1","Sentinel+1","Ghostly Armor"],"picked":"SKIP","floor":25.0},{"not_picked":["Anger","Juggernaut","Seeing Red"],"picked":"SKIP","floor":31.0},{"not_picked":["Brutality","Demon Form"],"picked":"Feed","floor":33.0},{"not_picked":["Spot Weakness+1","Sword Boomerang"],"picked":"Ghostly Armor","floor":34.0},{"not_picked":["Twin Strike+1","Rampage","Clash+1"],"picked":"SKIP","floor":35.0},{"not_picked":["Pommel Strike","Thunderclap"],"picked":"True Grit","floor":36.0}],"player_experience":285645,"relics_obtained":[{"floor":6.0,"key":"Blood Vial"},{"floor":9.0,"key":"MawBank"},{"floor":25.0,"key":"Mummified Hand"},{"floor":26.0,"key":"Vajra"}],"event_choices":[{"damage_healed":0.0,"max_hp_gain":0.0,"max_hp_loss":0.0,"gold_gain":0.0,"event_name":"Lab","player_choice":"Got Potions","floor":2.0,"gold_loss":0.0,"damage_taken":0.0},{"damage_healed":0.0,"max_hp_gain":0.0,"max_hp_loss":0.0,"gold_gain":0.0,"event_name":"Golden Idol","player_choice":"Ignored","floor":11.0,"gold_loss":0.0,"damage_taken":0.0},{"cards_removed":["Strike_R"],"damage_healed":0.0,"max_hp_gain":0.0,"max_hp_loss":0.0,"gold_gain":0.0,"event_name":"Beggar","player_choice":"Gave Gold","floor":19.0,"gold_loss":75.0,"damage_taken":0.0},{"damage_healed":0.0,"max_hp_gain":0.0,"max_hp_loss":0.0,"gold_gain":0.0,"event_name":"Masked Bandits","player_choice":"Paid Fearfully","floor":21.0,"gold_loss":54.0,"damage_taken":0.0},{"damage_healed":0.0,"max_hp_gain":0.0,"max_hp_loss":0.0,"gold_gain":0.0,"event_name":"Vampires","player_choice":"Ignored","floor":22.0,"gold_loss":0.0,"damage_taken":0.0},{"damage_healed":0.0,"max_hp_gain":0.0,"max_hp_loss":0.0,"gold_gain":0.0,"event_name":"Accursed Blacksmith","player_choice":"Forge","floor":28.0,"gold_loss":0.0,"damage_taken":0.0,"cards_upgraded":["Flame Barrier"]}],"is_beta":false,"boss_relics":[{"not_picked":["Coffee Dripper","Runic Cube"],"picked":"Sozu"},{"not_picked":["Snecko Eye","Mark of Pain"],"picked":"Tiny House"}],"items_purged_floors":[20],"is_endless":false,"potions_floor_spawned":[1,3,8,14,16,31,33,36],"killed_by":"Writhing Mass","ascension_level":8}}