{"host":"vex7walpoxzv48nx","time":1612880219,"event":{"mods":["AchievementEnabler","BaseMod","Bestiary","Highlight Path","Minty Spire (QoL Compilation)","Permanent Neow","Quick Restart","StSLib","UnlockEverythingMod"],"gold_per_floor":[113,188,188,203,203,203,237,237,237,262,105,118,138,155,155,234,234,251,267,317,29,46,46,46],"floor_reached":23,"language":"ENG","playtime":1865,"items_purged":["Strike_G"],"score":452,"play_id":"a251ece6-7a29-4e20-af65-f9716bf57ca4","local_time":"20210209151659","is_ascension_mode":true,"campfire_choices":[{"data":"Bane","floor":6,"key":"SMITH"},{"data":"Poisoned Stab","floor":8,"key":"SMITH"},{"floor":15,"key":"REST"}],"circlet_count":0,"master_deck":["AscendersBane","Strike_G","Strike_G","Strike_G","Defend_G","Defend_G","Defend_G","Defend_G","Defend_G","Survivor","Neutralize+1","Bane+1","Poisoned Stab+1","Deadly Poison","Noxious Fumes","Well Laid Plans","Crippling Poison","Backflip","Footwork","Backflip","Dodge and Roll","Leg Sweep","Crippling Poison","Adrenaline","Deadly Poison","Blur","Adrenaline","Deadly Poison","Dagger Spray+1"],"relics":["Ring of the Snake","NeowsBlessing","Potion Belt","Prayer Wheel","Oddly Smooth Stone","Orrery","Velvet Choker"],"acts_visited":["Exordium","TheCity"],"potions_floor_usage":[16,19,22,23],"damage_taken":[{"damage":0,"enemies":"Cultist","floor":1,"turns":1},{"damage":0,"enemies":"Jaw Worm","floor":4,"turns":1},{"damage":0,"enemies":"Lagavulin","floor":7,"turns":1},{"damage":30,"enemies":"Gremlin Nob","floor":10,"turns":4},{"damage":0,"enemies":"Small Slimes","floor":12,"turns":2},{"damage":6,"enemies":"Blue Slaver","floor":13,"turns":5},{"damage":0,"enemies":"2 Fungi Beasts","floor":14,"turns":4},{"damage":4,"enemies":"Hexaghost","floor":16,"turns":9},{"damage":6,"enemies":"2 Thieves","floor":18,"turns":5},{"damage":1,"enemies":"Shell Parasite","floor":19,"turns":5},{"damage":15,"enemies":"Shelled Parasite and Fungi","floor":22,"turns":4},{"damage":34,"enemies":"Gremlin Leader","floor":23,"turns":4}],"seed_played":"8892068766031375003","potions_obtained":[{"floor":4,"key":"LiquidBronze"},{"floor":12,"key":"SteroidPotion"},{"floor":14,"key":"Energy Potion"},{"floor":16,"key":"CunningPotion"},{"floor":19,"key":"Block Potion"},{"floor":22,"key":"BlessingOfTheForge"}],"is_trial":false,"path_per_floor":["M","?","?","M","?","R","E","R","T","E","$","M","M","M","R","B",null,"M","M","?","$","M","E"],"character_chosen":"THE_SILENT","items_purchased":["Orrery","Adrenaline","Deadly Poison"],"campfire_rested":1,"item_purchase_floors":[11,21,21],"current_hp_per_floor":[59,48,48,48,48,48,48,48,48,18,18,18,12,12,31,27,56,50,49,49,49,34,0,0],"gold":46,"neow_bonus":"THREE_ENEMY_KILL","is_daily":false,"chose_seed":false,"campfire_upgraded":2,"win_rate":0.0,"timestamp":1612880219,"path_taken":["M","?","?","M","?","R","E","R","T","E","$","?","M","M","R","BOSS","M","M","?","$","M","E"],"items_purchased_type":["Relic","Card","Card"],"build_version":"2020-12-22","purchased_purges":1,"victory":false,"max_hp_per_floor":[66,66,66,66,66,66,66,66,66,66,66,66,66,66,66,66,66,66,66,66,66,66,66,66],"card_choices":[{"not_picked":["Dodge and Roll","Prepared"],"picked":"Bane","floor":1},{"not_picked":["Backflip","Grand Finale","Prepared"],"picked":"SKIP","floor":4},{"not_picked":["Dagger Throw","Quick Slash"],"picked":"Poisoned Stab","floor":7},{"not_picked":["Blade Dance","Backflip"],"picked":"Deadly Poison","floor":10},{"not_picked":["Malaise","Underhanded Strike"],"picked":"Noxious Fumes","floor":11},{"not_picked":["Dodge and Roll","Prepared"],"picked":"Well Laid Plans","floor":11},{"not_picked":["PiercingWail","Endless Agony"],"picked":"Crippling Poison","floor":11},{"not_picked":["Infinite Blades","Flechettes"],"picked":"Backflip","floor":11},{"not_picked":["Quick Slash","All Out Attack"],"picked":"Footwork","floor":12},{"not_picked":["Tactician","Prepared","Endless Agony"],"picked":"SKIP","floor":12},{"not_picked":["Tactician","Prepared","Endless Agony"],"picked":"SKIP","floor":12},{"not_picked":["Setup","Blade Dance"],"picked":"Backflip","floor":13},{"not_picked":["Quick Slash","Grand Finale"],"picked":"Dodge and Roll","floor":13},{"not_picked":["Sucker Punch","Escape Plan"],"picked":"Leg Sweep","floor":14},{"not_picked":["Quick Slash","All Out Attack"],"picked":"Crippling Poison","floor":14},{"not_picked":["Glass Knife","Doppelganger"],"picked":"Adrenaline","floor":16},{"not_picked":["Quick Slash","Backflip","Dagger Spray"],"picked":"SKIP","floor":18},{"not_picked":["Noxious Fumes","Acrobatics","Dagger Throw"],"picked":"SKIP","floor":18},{"not_picked":["Acrobatics","Slice"],"picked":"Deadly Poison","floor":19},{"not_picked":["Dodge and Roll","Dagger Throw"],"picked":"Blur","floor":19},{"not_picked":["Endless Agony","Flechettes"],"picked":"Dagger Spray+1","floor":22},{"not_picked":["Slice","Sucker Punch","Flying Knee"],"picked":"SKIP","floor":22}],"player_experience":276297,"relics_obtained":[{"floor":7,"key":"Potion Belt"},{"floor":9,"key":"Prayer Wheel"},{"floor":10,"key":"Oddly Smooth Stone"}],"event_choices":[{"damage_healed":0,"gold_gain":75,"player_choice":"Gather Gold","damage_taken":11,"max_hp_gain":0,"max_hp_loss":0,"event_name":"World of Goop","floor":2,"gold_loss":0},{"damage_healed":0,"gold_gain":0,"player_choice":"Grow","damage_taken":0,"max_hp_gain":0,"max_hp_loss":0,"event_name":"Living Wall","floor":3,"gold_loss":0,"cards_upgraded":["Neutralize"]},{"cards_removed":["Strike_G"],"damage_healed":0,"gold_gain":0,"player_choice":"Offered Basic","damage_taken":0,"max_hp_gain":0,"max_hp_loss":0,"event_name":"Bonfire Elementals","floor":5,"gold_loss":0},{"damage_healed":0,"gold_gain":50,"player_choice":"Stole From Cult","damage_taken":0,"max_hp_gain":0,"max_hp_loss":0,"event_name":"Nest","floor":20,"gold_loss":0}],"is_beta":false,"boss_relics":[{"not_picked":["Calling Bell","Tiny House"],"picked":"Velvet Choker"}],"items_purged_floors":[21],"is_endless":false,"potions_floor_spawned":[4,12,14,16,19,22],"killed_by":"Gremlin Leader","ascension_level":20}}