{"host":"sc0o2qwpf9j16a4i","time":1612881016,"event":{"mods":["AchievementEnabler","BaseMod","BetterRewards","Block Reminder","Colored Map","Colored Powertips","Custom Start","Highlight Path","Minty Spire (QoL Compilation)","Relic Stats"],"gold_per_floor":[113,130,145,206,206,240,253,265,277,321,1,35,69,84,84,180,180,197,4,4,23,33,67,67,95,95,130,156,184,201,216,216,321,321,335,352,369,55,70,103,148,217,217,247,247,265,292,325,325,325],"floor_reached":51,"language":"ENG","playtime":2323,"items_purged":[],"score":1525,"play_id":"4f4af713-feee-4dca-8483-d0ba19dfaa4e","local_time":"20210209163016","daily_mods":["Heirloom","Vintage","DeadlyEvents"],"is_ascension_mode":false,"campfire_choices":[{"data":"Iron Wave","floor":8,"key":"SMITH"},{"data":"Inflame","floor":15,"key":"SMITH"},{"data":"Corruption","floor":24,"key":"SMITH"},{"data":"1","floor":32,"key":"LIFT"},{"data":"2","floor":49,"key":"LIFT"}],"circlet_count":0,"master_deck":["Strike_R","Strike_R","Strike_R","Strike_R","Strike_R+1","Defend_R","Defend_R","Defend_R","Defend_R","Bash+1","Iron Wave+1","Armaments+1","Inflame+1","Shrug It Off+1","Shrug It Off+1","Disarm+1","Limit Break+1","Disarm+1","Flame Barrier+1","Shrug It Off+1","Necronomicurse","Corruption+1","Shrug It Off+1","True Grit+1","Disarm+1","Feed","True Grit+1","Seeing Red+1","Shrug It Off+1","Flame Barrier+1","Headbutt+1","Dual Wield+1","Evolve","Impervious+1","Flame Barrier+1"],"relics":["Burning Blood","Bird Faced Urn","Whetstone","Toxic Egg 2","HornCleat","The Courier","Gremlin Horn","MawBank","Shuriken","Question Card","Eternal Feather","Oddly Smooth Stone","Nunchaku","Girya","Runic Pyramid","Pen Nib","DollysMirror","Necronomicon","Lantern","Mercury Hourglass","Strawberry","Bag of Preparation","Self Forming Clay","Peace Pipe","Red Mask","Omamori","Matryoshka","Red Skull","Sozu","Letter Opener","Ice Cream","StoneCalendar","Medical Kit","Pear","Pantograph","Lizard Tail","Dream Catcher","Singing Bowl","Molten Egg 2","Charon\u0027s Ashes","Ancient Tea Set","PreservedInsect","StrikeDummy","Torii","Happy Flower"],"acts_visited":["Exordium","TheCity","TheBeyond"],"potions_floor_usage":[10,16,23,25,25,33,37],"damage_taken":[{"damage":1,"enemies":"Jaw Worm","floor":1,"turns":4},{"damage":0,"enemies":"2 Louse","floor":2,"turns":3},{"damage":1,"enemies":"Cultist","floor":3,"turns":3},{"damage":26,"enemies":"3 Sentries","floor":6,"turns":12},{"damage":0,"enemies":"Blue Slaver","floor":7,"turns":3},{"damage":0,"enemies":"Gremlin Nob","floor":10,"turns":3},{"damage":0,"enemies":"Lagavulin","floor":12,"turns":7},{"damage":0,"enemies":"Gremlin Nob","floor":13,"turns":4},{"damage":0,"enemies":"3 Louse","floor":14,"turns":4},{"damage":0,"enemies":"The Guardian","floor":16,"turns":11},{"damage":9,"enemies":"Spheric Guardian","floor":18,"turns":8},{"damage":0,"enemies":"3 Byrds","floor":21,"turns":8},{"damage":3,"enemies":"Cultist and Chosen","floor":22,"turns":8},{"damage":0,"enemies":"Gremlin Leader","floor":23,"turns":6},{"damage":0,"enemies":"Slavers","floor":25,"turns":5},{"damage":0,"enemies":"Gremlin Leader","floor":27,"turns":6},{"damage":0,"enemies":"Masked Bandits","floor":28,"turns":4},{"damage":0,"enemies":"Slavers","floor":29,"turns":7},{"damage":0,"enemies":"Snecko","floor":30,"turns":6},{"damage":0,"enemies":"Centurion and Healer","floor":31,"turns":6},{"damage":0,"enemies":"Collector","floor":33,"turns":7},{"damage":5,"enemies":"3 Shapes","floor":35,"turns":3},{"damage":0,"enemies":"Orb Walker","floor":36,"turns":3},{"damage":0,"enemies":"4 Shapes","floor":37,"turns":2},{"damage":0,"enemies":"Jaw Worm Horde","floor":39,"turns":5},{"damage":0,"enemies":"Reptomancer","floor":40,"turns":7},{"damage":1,"enemies":"2 Orb Walkers","floor":41,"turns":7},{"damage":0,"enemies":"Giant Head","floor":44,"turns":7},{"damage":4,"enemies":"Maw","floor":46,"turns":7},{"damage":0,"enemies":"Reptomancer","floor":47,"turns":4},{"damage":8,"enemies":"Nemesis","floor":48,"turns":5},{"damage":0,"enemies":"Time Eater","floor":50,"turns":11}],"seed_played":"6752016520427396411","potions_obtained":[{"floor":1,"key":"Fire Potion"},{"floor":12,"key":"ColorlessPotion"},{"floor":14,"key":"Regen Potion"},{"floor":18,"key":"Explosive Potion"},{"floor":23,"key":"HeartOfIron"},{"floor":28,"key":"SneckoOil"},{"floor":31,"key":"Explosive Potion"}],"is_trial":true,"path_per_floor":["M","M","M","?","T","E","M","R","T","E","$","E","E","M","R","B",null,"M","$","?","M","M","E","R","E","T","E","?","E","M","M","R","B",null,"M","M","M","$","M","E","?","T","T","E","?","M","E","E","R","B",null],"character_chosen":"IRONCLAD","items_purchased":["Inflame","Shrug It Off+1","Eternal Feather","Swift Potion","DollysMirror","Flame Barrier+1","Shrug It Off+1","Medical Kit","True Grit+1","Seeing Red+1","Shrug It Off+1","Flame Barrier+1"],"campfire_rested":0,"item_purchase_floors":[11,11,11,11,19,19,19,38,38,38,38,38],"current_hp_per_floor":[80,80,80,80,80,60,66,66,66,72,72,80,80,80,80,80,80,79,79,63,71,76,87,87,87,87,87,87,87,87,87,87,87,87,91,95,95,95,109,109,112,112,112,116,116,120,123,124,126,126],"gold":325,"neow_bonus":"","is_daily":false,"chose_seed":false,"campfire_upgraded":3,"win_rate":0.0,"timestamp":1612881016,"path_taken":["M","M","M","?","?","E","M","R","T","E","?","E","?","M","R","BOSS","M","$","?","M","M","E","R","E","T","E","?","?","M","?","R","BOSS","M","M","M","$","M","E","?","?","T","E","?","M","?","E","R","BOSS"],"items_purchased_type":["Card","Card","Relic","Potion","Relic","Card","Card","Relic","Card","Card","Card","Card"],"build_version":"2020-12-22","purchased_purges":0,"victory":true,"max_hp_per_floor":[80,80,80,80,80,80,80,80,80,80,80,80,80,80,80,80,80,80,80,80,80,80,87,87,87,87,87,87,87,87,87,87,87,87,91,95,95,95,109,109,112,112,112,116,116,120,123,126,126,126],"relic_stats":{"Gremlin Horn":[38,39],"Singing Bowl":0,"Torii":0,"StoneCalendar":[85],"Bag of Preparation":[34],"Whetstone":["Strike_R","Bash"],"Burning Blood":62,"Sozu":4,"Nunchaku":[22],"Lizard Tail":0,"Dream Catcher":0,"Pantograph":0,"Necronomicon":[29],"Happy Flower":[3],"counters":[32,185],"Self Forming Clay":[9],"Eternal Feather":2,"Pen Nib":[19],"Charon\u0027s Ashes":[126],"PreservedInsect":107,"Letter Opener":[227],"MawBank":48,"Question Card":14,"Medical Kit":[7],"Mercury Hourglass":[478],"Peace Pipe":0,"Shuriken":[32],"Bird Faced Urn":[10],"obtain_stats":[{"Ice Cream":36,"Lantern":21,"Gremlin Horn":6,"Singing Bowl":42,"Torii":47,"StoneCalendar":37,"Bag of Preparation":25,"Whetstone":1,"Ancient Tea Set":44,"Burning Blood":0,"Sozu":34,"Nunchaku":13,"Lizard Tail":41,"Dream Catcher":42,"HornCleat":3,"Matryoshka":30,"DollysMirror":19,"Strawberry":23,"Pantograph":40,"Necronomicon":20,"Red Mask":28,"Toxic Egg 2":2,"Red Skull":31,"Runic Pyramid":17,"Girya":14,"Pear":39,"Happy Flower":48,"Self Forming Clay":26,"Oddly Smooth Stone":12,"Eternal Feather":11,"The Courier":5,"Pen Nib":18,"Charon\u0027s Ashes":43,"PreservedInsect":45,"Omamori":29,"Letter Opener":35,"MawBank":7,"Question Card":10,"Medical Kit":38,"Mercury Hourglass":22,"Peace Pipe":27,"Shuriken":9,"Bird Faced Urn":0,"Molten Egg 2":43,"StrikeDummy":46},{"Ice Cream":23,"Lantern":12,"Gremlin Horn":4,"Singing Bowl":27,"Torii":30,"StoneCalendar":24,"Bag of Preparation":15,"Whetstone":1,"Ancient Tea Set":28,"Burning Blood":0,"Sozu":21,"Nunchaku":8,"Lizard Tail":27,"Dream Catcher":27,"HornCleat":3,"Matryoshka":19,"DollysMirror":11,"Strawberry":14,"Pantograph":26,"Necronomicon":11,"Red Mask":17,"Toxic Egg 2":2,"Red Skull":20,"Runic Pyramid":10,"Girya":9,"Pear":25,"Happy Flower":31,"Self Forming Clay":15,"Oddly Smooth Stone":7,"Eternal Feather":6,"The Courier":3,"Pen Nib":11,"Charon\u0027s Ashes":27,"PreservedInsect":28,"Omamori":18,"Letter Opener":22,"MawBank":5,"Question Card":6,"Medical Kit":24,"Mercury Hourglass":13,"Peace Pipe":16,"Shuriken":5,"Bird Faced Urn":0,"Molten Egg 2":27,"StrikeDummy":29},{"Ice Cream":130,"Lantern":70,"Gremlin Horn":22,"Singing Bowl":151,"Torii":169,"StoneCalendar":132,"Bag of Preparation":89,"Whetstone":4,"Ancient Tea Set":158,"Burning Blood":0,"Sozu":124,"Nunchaku":39,"Lizard Tail":151,"Dream Catcher":151,"HornCleat":10,"Matryoshka":111,"DollysMirror":62,"Strawberry":84,"Pantograph":144,"Necronomicon":62,"Red Mask":99,"Toxic Egg 2":7,"Red Skull":117,"Runic Pyramid":54,"Girya":43,"Pear":137,"Happy Flower":174,"Self Forming Clay":89,"Oddly Smooth Stone":35,"Eternal Feather":28,"The Courier":10,"Pen Nib":62,"Charon\u0027s Ashes":151,"PreservedInsect":158,"Omamori":105,"Letter Opener":127,"MawBank":25,"Question Card":28,"Medical Kit":132,"Mercury Hourglass":78,"Peace Pipe":95,"Shuriken":25,"Bird Faced Urn":0,"Molten Egg 2":151,"StrikeDummy":165}]},"card_choices":[{"not_picked":["Brutality","Body Slam"],"picked":"Iron Wave","floor":6},{"not_picked":["Twin Strike","Hemokinesis"],"picked":"Armaments+1","floor":10},{"not_picked":["Combust","Warcry+1","Twin Strike"],"picked":"Shrug It Off+1","floor":12},{"not_picked":["Pommel Strike","Intimidate+1","Iron Wave"],"picked":"Disarm+1","floor":13},{"not_picked":["Impervious+1","Demon Form","Reaper"],"picked":"Limit Break+1","floor":16},{"not_picked":["Havoc+1","Spot Weakness+1","Seeing Red+1"],"picked":"Corruption","floor":23},{"not_picked":["Iron Wave+1","Whirlwind","Havoc+1","Rupture"],"picked":"SKIP","floor":25},{"not_picked":["Body Slam","Iron Wave","Sword Boomerang+1"],"picked":"Shrug It Off+1","floor":27},{"not_picked":["Warcry+1","Shrug It Off+1","Seeing Red+1"],"picked":"True Grit+1","floor":28},{"not_picked":["Anger+1","Second Wind+1","Clash"],"picked":"Disarm+1","floor":29},{"not_picked":["Fiend Fire","Corruption","Brutality"],"picked":"Feed","floor":33},{"not_picked":["Blood for Blood+1","Shrug It Off+1","Infernal Blade+1"],"picked":"Headbutt+1","floor":40},{"not_picked":["Anger","Wild Strike+1","Body Slam+1"],"picked":"Dual Wield+1","floor":41},{"not_picked":["Heavy Blade+1","Metallicize+1","Twin Strike+1"],"picked":"Evolve","floor":44},{"not_picked":["Flex+1","Cleave+1","Battle Trance+1"],"picked":"Impervious+1","floor":47},{"not_picked":["Warcry+1","Thunderclap+1","Anger+1"],"picked":"Flame Barrier+1","floor":48}],"player_experience":1298783,"relics_obtained":[{"floor":1,"key":"Whetstone"},{"floor":2,"key":"Toxic Egg 2"},{"floor":3,"key":"HornCleat"},{"floor":5,"key":"The Courier"},{"floor":6,"key":"Gremlin Horn"},{"floor":7,"key":"MawBank"},{"floor":9,"key":"Shuriken"},{"floor":10,"key":"Question Card"},{"floor":12,"key":"Oddly Smooth Stone"},{"floor":13,"key":"Nunchaku"},{"floor":14,"key":"Girya"},{"floor":18,"key":"Pen Nib"},{"floor":20,"key":"Necronomicon"},{"floor":21,"key":"Lantern"},{"floor":22,"key":"Mercury Hourglass"},{"floor":23,"key":"Strawberry"},{"floor":25,"key":"Bag of Preparation"},{"floor":26,"key":"Self Forming Clay"},{"floor":27,"key":"Peace Pipe"},{"floor":28,"key":"Red Mask"},{"floor":29,"key":"Omamori"},{"floor":30,"key":"Matryoshka"},{"floor":31,"key":"Red Skull"},{"floor":35,"key":"Letter Opener"},{"floor":36,"key":"Ice Cream"},{"floor":37,"key":"StoneCalendar"},{"floor":39,"key":"Pear"},{"floor":40,"key":"Pantograph"},{"floor":41,"key":"Lizard Tail"},{"floor":42,"key":"Dream Catcher"},{"floor":42,"key":"Singing Bowl"},{"floor":43,"key":"Molten Egg 2"},{"floor":43,"key":"Charon\u0027s Ashes"},{"floor":44,"key":"Ancient Tea Set"},{"floor":46,"key":"StrikeDummy"},{"floor":47,"key":"Torii"},{"floor":48,"key":"Happy Flower"}],"event_choices":[{"damage_healed":0,"gold_gain":61,"player_choice":"Gained Gold","damage_taken":0,"max_hp_gain":0,"max_hp_loss":0,"event_name":"Golden Wing","floor":4,"gold_loss":0},{"damage_healed":0,"gold_gain":0,"player_choice":"Obtained Book","damage_taken":16,"max_hp_gain":0,"max_hp_loss":0,"event_name":"Cursed Tome","floor":20,"gold_loss":0},{"damage_healed":0,"gold_gain":0,"player_choice":"Fought Bandits","damage_taken":0,"max_hp_gain":0,"max_hp_loss":0,"event_name":"Masked Bandits","floor":28,"gold_loss":0},{"damage_healed":0,"gold_gain":0,"player_choice":"Fight","damage_taken":0,"max_hp_gain":0,"max_hp_loss":0,"event_name":"Mysterious Sphere","floor":41,"gold_loss":0},{"damage_healed":0,"gold_gain":0,"player_choice":"Gave Potion","damage_taken":0,"relics_obtained":["PreservedInsect"],"max_hp_gain":0,"max_hp_loss":0,"event_name":"WeMeetAgain","floor":45,"gold_loss":0}],"is_beta":false,"boss_relics":[{"not_picked":["Black Blood","Empty Cage"],"picked":"Runic Pyramid"},{"not_picked":["Astrolabe","Velvet Choker"],"picked":"Sozu"}],"items_purged_floors":[],"is_endless":false,"potions_floor_spawned":[1,12,14,18,23,28,31,35,36,47,48],"ascension_level":0}}