{"host":"vflj39ie5n27t074","time":1612844873,"event":{"mods":["BaseMod","BetterRewards","Bossed Relics","Colored Map","Colored Powertips","Downfall","Hero for Fun","Hubris","Infinite Spire","Marisa????????","Minty Spire (QoL Compilation)","Remilia??????","Replay The Spire","SIMod","StSLib","The Bug Knight","The Jungle","The Mystic","The Poker Player","The Servant 0.9.4"],"gold_per_floor":[112,126,126,126,144,174,192,192,217,235,235,270,290,302,302,398,398,417,417,417,435,435,435,435],"floor_reached":23,"language":"ENG","playtime":4723,"items_purged":[],"score":228,"play_id":"b808f170-230f-4caf-9a0c-bfe998479337","local_time":"20210208222753","is_ascension_mode":false,"campfire_choices":[{"data":"HollowMod:FocusHealStart","floor":8,"key":"SMITH"},{"data":"Iron Wave","floor":15,"key":"SMITH"}],"circlet_count":0,"master_deck":["HollowMod:QuickDashStart","HollowMod:QuickDashStart","HollowMod:QuickDashStart","HollowMod:FocusHealStart+1","HollowMod:PogoStrike","HollowMod:DoubleDash+1","HollowMod:RecoilStrike","Iron Wave+1","HollowMod:MawleksShell","HollowMod:HowlingWraiths","HollowMod:RecoilStrike","HollowMod:SharpenedNail","HollowMod:SharpenedNail","HollowMod:CoiledNail","HollowMod:NewInfectedGuardian","HollowMod:SoulStrike","Bite","Bite","Bite","Bite","Bite","HollowMod:SoulEater","downfall:Bewildered"],"relics":["HollowMod:VesselMask","Oddly Smooth Stone","Pen Nib","hubris:PeanutButter","Snecko Eye","sneckomod:BabySnecko"],"acts_visited":["Exordium","TheCity"],"potions_floor_usage":[],"damage_taken":[{"damage":0,"enemies":"Small Slimes","floor":1,"turns":3},{"damage":0,"enemies":"Cultist","floor":2,"turns":3},{"damage":1,"enemies":"2 Louse","floor":5,"turns":3},{"damage":24,"enemies":"3 Sentries","floor":6,"turns":11},{"damage":1,"enemies":"Blue Slaver","floor":7,"turns":4},{"damage":3,"enemies":"Gremlin Gang","floor":10,"turns":4},{"damage":5,"enemies":"HollowMod:MossKnight","floor":12,"turns":11},{"damage":23,"enemies":"Exordium Wildlife","floor":13,"turns":4},{"damage":0,"enemies":"Looter","floor":14,"turns":3},{"damage":58,"enemies":"Slime Boss","floor":16,"turns":10},{"damage":28,"enemies":"Spheric Guardian","floor":18,"turns":4},{"damage":0,"enemies":"3 Byrds","floor":21,"turns":5},{"damage":77,"enemies":"Gremlin Leader","floor":23,"turns":8}],"seed_played":"342806402810367773","potions_obtained":[{"floor":1,"key":"Milkshake"},{"floor":5,"key":"FearPotion"},{"floor":6,"key":"Reflective Coating"},{"floor":10,"key":"SkillPotion"},{"floor":18,"key":"Adrenaline Potion"}],"is_trial":false,"path_per_floor":["M","M","?","?","M","E","M","R","T","M","?","E","M","M","R","B",null,"M","?","?","M","?","E"],"character_chosen":"THE_BUGKNIGHT","items_purchased":[],"campfire_rested":0,"item_purchase_floors":[],"current_hp_per_floor":[82,82,82,82,81,68,73,73,73,80,80,75,62,68,68,20,82,54,54,54,57,57,0,0],"gold":435,"neow_bonus":"TEN_PERCENT_HP_BONUS","is_daily":false,"chose_seed":false,"campfire_upgraded":2,"win_rate":0.0,"timestamp":1612844873,"path_taken":["M","M","?","?","?","E","M","R","T","M","?","E","M","M","R","BOSS","M","?","?","M","?","E"],"items_purchased_type":[],"build_version":"2020-12-22","purchased_purges":0,"victory":false,"max_hp_per_floor":[82,82,82,82,82,82,82,82,82,82,82,82,82,82,82,82,82,82,57,57,57,57,57,57],"card_choices":[{"not_picked":["HollowMod:Grubsong","HollowMod:GoodIntentions"],"picked":"HollowMod:DoubleDash","floor":1},{"not_picked":["HollowMod:DashSlash","HollowMod:GoodIntentions"],"picked":"HollowMod:RecoilStrike","floor":2},{"not_picked":["HollowMod:MothsMistake","HollowMod:DoubleDash"],"picked":"HollowMod:MawleksShell","floor":5},{"not_picked":["HollowMod:ShadowDash","HollowMod:DashSlash"],"picked":"HollowMod:HowlingWraiths","floor":6},{"not_picked":["HollowMod:Hiveblood","HollowMod:LifebloodCocoon","HollowMod:HeavyBlow"],"picked":"SKIP","floor":7},{"not_picked":["HollowMod:theNailsmith","HollowMod:VengefulVoid"],"picked":"HollowMod:RecoilStrike","floor":10},{"not_picked":["HollowMod:ChannelNail","HollowMod:DoubleDash"],"picked":"HollowMod:SharpenedNail","floor":12},{"not_picked":["HollowMod:LifebloodCocoon","HollowMod:SoulShaman"],"picked":"HollowMod:SharpenedNail","floor":13},{"not_picked":["HollowMod:DashSlash","HollowMod:VengefulSpirit"],"picked":"HollowMod:CoiledNail","floor":14},{"not_picked":["HollowMod:Hiveblood","HollowMod:SlysStrikes"],"picked":"HollowMod:NewInfectedGuardian","floor":16},{"not_picked":["HollowMod:SoulVessel","HollowMod:CrystalDash"],"picked":"HollowMod:SoulStrike","floor":18},{"not_picked":["HollowMod:NewLittleFool","HollowMod:CrystalDash"],"picked":"HollowMod:SoulEater","floor":21}],"player_experience":116309,"relics_obtained":[{"floor":6,"key":"Oddly Smooth Stone"},{"floor":9,"key":"Pen Nib"},{"floor":12,"key":"hubris:PeanutButter"}],"event_choices":[{"cards_removed":["HollowMod:QuickDashStart"],"damage_healed":0,"gold_gain":0,"player_choice":"Took Card","damage_taken":0,"max_hp_gain":0,"max_hp_loss":0,"event_name":"NoteForYourself","floor":4,"gold_loss":0,"cards_obtained":["Iron Wave"]},{"damage_healed":0,"gold_gain":0,"player_choice":"Ignored","damage_taken":0,"max_hp_gain":0,"max_hp_loss":0,"event_name":"Liars Game","floor":11,"gold_loss":0},{"damage_healed":0,"gold_gain":0,"player_choice":"Became a vampire","damage_taken":0,"max_hp_gain":0,"max_hp_loss":25,"event_name":"Vampires","floor":19,"gold_loss":0,"cards_obtained":["Bite","Bite","Bite","Bite","Bite"]}],"is_beta":false,"boss_relics":[{"not_picked":["Black Star","hubris:TerracottaHorce"],"picked":"Snecko Eye"}],"items_purged_floors":[],"is_endless":false,"potions_floor_spawned":[1,5,6,10,18],"killed_by":"Gremlin Leader","ascension_level":0}}