{"host":"p9vmbvw2hh2n16dn","time":1612866558,"event":{"mods":["AchievementEnabler","BaseMod","Block Reminder","Minty Spire (QoL Compilation)","Relic Stats","SuperFastMode"],"gold_per_floor":[109,122,122,141,160,199,211,223,223],"floor_reached":8,"language":"ENG","playtime":213,"items_purged":[],"score":84,"play_id":"15f6731a-4aa2-46c7-bd97-aeefd9213d35","local_time":"20210209112918","is_ascension_mode":true,"campfire_choices":[],"circlet_count":0,"master_deck":["Strike_B","Strike_B","Strike_B","Strike_B","Defend_B","Defend_B","Defend_B","Zap","Dualcast","Steam","Leap","Self Repair","Machine Learning"],"relics":["Cracked Core","NeowsBlessing","Golden Idol","MawBank"],"acts_visited":["Exordium"],"potions_floor_usage":[6,8],"damage_taken":[{"damage":0,"enemies":"Small Slimes","floor":1,"turns":1},{"damage":0,"enemies":"Cultist","floor":2,"turns":1},{"damage":0,"enemies":"Jaw Worm","floor":4,"turns":1},{"damage":4,"enemies":"Large Slime","floor":5,"turns":8},{"damage":20,"enemies":"Lagavulin","floor":6,"turns":7},{"damage":56,"enemies":"Gremlin Nob","floor":8,"turns":5}],"seed_played":"1011624753439099308","potions_obtained":[{"floor":2,"key":"SteroidPotion"},{"floor":5,"key":"SteroidPotion"}],"is_trial":false,"path_per_floor":["M","M","?","M","M","E","?","E"],"character_chosen":"DEFECT","items_purchased":[],"campfire_rested":0,"item_purchase_floors":[],"current_hp_per_floor":[68,68,68,68,69,56,56,0,0],"gold":223,"neow_bonus":"THREE_ENEMY_KILL","is_daily":false,"chose_seed":false,"campfire_upgraded":0,"win_rate":0.0,"timestamp":1612866558,"path_taken":["M","M","?","M","M","E","?","E"],"items_purchased_type":[],"build_version":"2020-12-22","purchased_purges":0,"victory":false,"max_hp_per_floor":[75,75,69,69,69,69,69,69,69],"relic_stats":{"counters":[6,23],"Golden Idol":16,"MawBank":24,"obtain_stats":[{"NeowsBlessing":0,"Golden Idol":3,"Cracked Core":0,"MawBank":6},{"NeowsBlessing":0,"Golden Idol":2,"Cracked Core":0,"MawBank":5},{"NeowsBlessing":0,"Golden Idol":2,"Cracked Core":0,"MawBank":18}]},"card_choices":[{"not_picked":["Undo","Hologram"],"picked":"Steam","floor":1},{"not_picked":["Turbo","Coolheaded"],"picked":"Leap","floor":2},{"not_picked":["Go for the Eyes","Conserve Battery"],"picked":"Self Repair","floor":4},{"not_picked":["Hologram","Self Repair","Undo"],"picked":"SKIP","floor":5},{"not_picked":["Cold Snap","Conserve Battery"],"picked":"Machine Learning","floor":6}],"player_experience":310569,"relics_obtained":[{"floor":6,"key":"MawBank"}],"event_choices":[{"damage_healed":0,"gold_gain":0,"player_choice":"Lose Max HP","damage_taken":0,"relics_obtained":["Golden Idol"],"max_hp_gain":0,"max_hp_loss":6,"event_name":"Golden Idol","floor":3,"gold_loss":0},{"cards_removed":["Defend_B"],"damage_healed":0,"gold_gain":0,"player_choice":"Offered Basic","damage_taken":0,"max_hp_gain":0,"max_hp_loss":0,"event_name":"Bonfire Elementals","floor":7,"gold_loss":0}],"is_beta":false,"boss_relics":[],"items_purged_floors":[],"is_endless":false,"potions_floor_spawned":[2,5],"killed_by":"Gremlin Nob","ascension_level":9}}