{"host":"yqw1zpryoutrnocq","time":1612829606,"event":{"mods":["2.2 Compatiblity","AchievementEnabler","BaseMod","Colored Map","Custom Start","DeckTracker","Minty Spire (QoL Compilation)","StSLib","SuperFastMode"],"gold_per_floor":[113,388,408,423,6,41,41,57,57,57,70,245,195,227,227,227,227],"floor_reached":16,"language":"KOR","playtime":327,"items_purged":["Regret"],"score":127,"play_id":"c0725ea7-82ac-4ee2-ade7-e483d63fe5e5","local_time":"20210208181326","is_ascension_mode":true,"campfire_choices":[{"floor":7.0,"key":"REST"},{"data":"MentalFortress","floor":10.0,"key":"SMITH"},{"data":"Adaptation","floor":15.0,"key":"SMITH"}],"circlet_count":0,"master_deck":["Strike_P","Strike_P","Strike_P","Defend_P","Defend_P","Defend_P","Defend_P","Eruption","Vigilance","FlyingSleeves","MentalFortress+1","Crescendo","InnerPeace","Crescendo","Adaptation+1","FlurryOfBlows"],"relics":["VioletLotus","Membership Card","Omamori","Dead Branch","Darkstone Periapt","Matryoshka","Eternal Feather"],"acts_visited":["Exordium"],"potions_floor_usage":[16],"damage_taken":[{"damage":0.0,"enemies":"2 Louse","floor":1.0,"turns":3.0},{"damage":12.0,"enemies":"Cultist","floor":3.0,"turns":3.0},{"damage":12.0,"enemies":"Jaw Worm","floor":4.0,"turns":4.0},{"damage":39.0,"enemies":"Lagavulin","floor":6.0,"turns":8.0},{"damage":8.0,"enemies":"Blue Slaver","floor":8.0,"turns":3.0},{"damage":9.0,"enemies":"Looter","floor":11.0,"turns":4.0},{"damage":6.0,"enemies":"Gremlin Nob","floor":14.0,"turns":3.0},{"damage":16,"enemies":"Slime Boss","floor":16,"turns":3}],"seed_played":"5551746284029366110","potions_obtained":[{"floor":6.0,"key":"BottledMiracle"},{"floor":11.0,"key":"GamblersBrew"}],"is_trial":false,"path_per_floor":["M","?","M","M","$","E","R","M","T","R","M","?","?","E","R","B"],"character_chosen":"WATCHER","items_purchased":["Membership Card","Omamori","Dead Branch"],"campfire_rested":1,"item_purchase_floors":[5,5,5],"current_hp_per_floor":[72,72,60,48,48,9,30,22,22,22,13,13,13,7,16,0,0],"gold":227,"neow_bonus":"BOSS_RELIC","is_daily":false,"chose_seed":false,"campfire_upgraded":2,"win_rate":0.0,"timestamp":1612829606,"path_taken":["M","?","M","M","$","E","R","?","T","R","M","?","?","E","R","BOSS"],"items_purchased_type":["Relic","Relic","Relic"],"build_version":"2020-12-22","purchased_purges":1,"victory":false,"max_hp_per_floor":[72,72,72,72,72,72,72,72,72,72,72,72,72,72,72,72,72],"card_choices":[{"not_picked":["PathToVictory","ClearTheMind"],"picked":"FlyingSleeves","floor":1.0},{"not_picked":["FlyingSleeves","Fasting2"],"picked":"MentalFortress","floor":3.0},{"not_picked":["ClearTheMind","ThirdEye"],"picked":"Crescendo","floor":4.0},{"not_picked":["WreathOfFlame","ThirdEye"],"picked":"InnerPeace","floor":6.0},{"not_picked":["FlyingSleeves","Halt"],"picked":"Crescendo","floor":8.0},{"not_picked":["Halt","BattleHymn"],"picked":"Adaptation","floor":11.0},{"not_picked":["Crescendo","SignatureMove"],"picked":"FlurryOfBlows","floor":14.0}],"player_experience":320948,"relics_obtained":[{"floor":6.0,"key":"Darkstone Periapt"},{"floor":9.0,"key":"Matryoshka"},{"floor":14.0,"key":"Eternal Feather"}],"event_choices":[{"damage_healed":0.0,"max_hp_gain":0.0,"max_hp_loss":0.0,"gold_gain":275.0,"event_name":"Golden Shrine","player_choice":"Desecrate","floor":2.0,"gold_loss":0.0,"damage_taken":0.0,"cards_obtained":["Regret"]},{"damage_healed":0.0,"max_hp_gain":0.0,"max_hp_loss":0.0,"gold_gain":175.0,"event_name":"Liars Game","player_choice":"AGREE","floor":12.0,"gold_loss":0.0,"damage_taken":0.0,"cards_obtained":["Doubt"]},{"cards_removed":["Strike_P"],"damage_healed":0.0,"max_hp_gain":0.0,"max_hp_loss":0.0,"gold_gain":0.0,"event_name":"The Cleric","player_choice":"Card Removal","floor":13.0,"gold_loss":50.0,"damage_taken":0.0}],"is_beta":false,"boss_relics":[],"items_purged_floors":[5],"is_endless":false,"potions_floor_spawned":[6,11],"killed_by":"Slime Boss","ascension_level":3}}