{"host":"7sni158j623xchr2","time":1612860766,"event":{"mods":["BaseMod","Colored Map","Highlight Path","Minty Spire (QoL Compilation)","Permanent Neow","Potion Indicator Mod","Rare Cards Sparkle","Relic Sorter","Relic Stats","StSLib","everything is the same but u backflip on backflip"],"gold_per_floor":[364,364,314,329,504,538,538,563,563,563,61,85,129,179,179,302,302,326,326,351,364,148,148,148,184,184,184,198,198,239,257,257,388,388,403,403,204,263,263,263,281,320,320,335,335,36,49,73,73,73,73,73,25,61,61],"floor_reached":56,"language":"ENG","playtime":1484,"items_purged":["Doubt","Defend_B","Defend_B","Defend_B"],"score":1502,"play_id":"98eb78a4-b480-4c3b-9466-0bf71cbfce58","local_time":"20210209025246","is_ascension_mode":true,"campfire_choices":[{"floor":7,"key":"REST"},{"data":"Buffer","floor":15,"key":"SMITH"},{"data":"Defragment","floor":23,"key":"SMITH"},{"data":"Electrodynamics","floor":27,"key":"SMITH"},{"data":"Thunder Strike","floor":29,"key":"SMITH"},{"floor":32,"key":"REST"},{"data":"Dualcast","floor":40,"key":"SMITH"},{"floor":45,"key":"RECALL"},{"data":"Lockon","floor":49,"key":"SMITH"},{"data":"Reboot","floor":52,"key":"SMITH"}],"circlet_count":0,"master_deck":["Zap+1","Dualcast+1","Lockon+1","Electrodynamics+1","Reboot+1","Cold Snap","BootSequence+1","Buffer+1","Defragment+1","Hologram+1","Static Discharge+1","Glacier+1","Ball Lightning","Genetic Algorithm+1","Double Energy+1","Thunder Strike+1","Force Field+1","Sweeping Beam+1","Storm+1","Reinforced Body+1","Loop+1","Leap+1","White Noise+1","Redo+1"],"relics":["Cracked Core","FossilizedHelix","Regal Pillow","Bottled Flame","Pocketwatch","Golden Idol","Toxic Egg 2","Akabeko","Letter Opener","Bronze Scales","Empty Cage","DataDisk","PreservedInsect","Busted Crown","Thread and Needle","Pen Nib","Mercury Hourglass","Anchor","Cables"],"acts_visited":["Exordium","TheCity","TheBeyond","TheEnding"],"potions_floor_usage":[25,25,55,55],"damage_taken":[{"damage":4,"enemies":"2 Louse","floor":1,"turns":2},{"damage":0,"enemies":"Jaw Worm","floor":4,"turns":2},{"damage":44,"enemies":"3 Sentries","floor":6,"turns":9},{"damage":13,"enemies":"Lagavulin","floor":8,"turns":4},{"damage":0,"enemies":"Small Slimes","floor":12,"turns":2},{"damage":4,"enemies":"3 Sentries","floor":13,"turns":4},{"damage":16,"enemies":"Hexaghost","floor":16,"turns":9},{"damage":0,"enemies":"Chosen","floor":18,"turns":3},{"damage":0,"enemies":"2 Thieves","floor":20,"turns":2},{"damage":21,"enemies":"Shelled Parasite and Fungi","floor":21,"turns":4},{"damage":0,"enemies":"Slavers","floor":25,"turns":2},{"damage":0,"enemies":"Snake Plant","floor":28,"turns":3},{"damage":12,"enemies":"Book of Stabbing","floor":30,"turns":3},{"damage":0,"enemies":"Centurion and Healer","floor":31,"turns":3},{"damage":16,"enemies":"Collector","floor":33,"turns":6},{"damage":0,"enemies":"Orb Walker","floor":35,"turns":3},{"damage":0,"enemies":"2 Orb Walkers","floor":38,"turns":3},{"damage":0,"enemies":"3 Shapes","floor":41,"turns":2},{"damage":0,"enemies":"Nemesis","floor":42,"turns":3},{"damage":0,"enemies":"Jaw Worm Horde","floor":44,"turns":3},{"damage":0,"enemies":"Spire Growth","floor":47,"turns":3},{"damage":0,"enemies":"4 Shapes","floor":48,"turns":3},{"damage":13,"enemies":"Donu and Deca","floor":50,"turns":5},{"damage":30,"enemies":"Shield and Spear","floor":54,"turns":4},{"damage":6,"enemies":"The Heart","floor":55,"turns":8}],"seed_played":"2240690714249676742","potions_obtained":[{"floor":8,"key":"AttackPotion"},{"floor":12,"key":"DuplicationPotion"},{"floor":13,"key":"FearPotion"},{"floor":19,"key":"LiquidMemories"},{"floor":20,"key":"Fire Potion"},{"floor":30,"key":"Dexterity Potion"},{"floor":31,"key":"Explosive Potion"}],"is_trial":false,"path_per_floor":["M","?","?","M","?","E","R","E","T","?","$","M","E","T","R","B",null,"M","?","M","M","$","R","?","E","T","R","M","R","E","M","R","B",null,"M","?","$","?","?","R","M","E","T","M","R","$","M","M","R","B",null,"R","$","E","B",null],"character_chosen":"DEFECT","items_purchased":["Toxic Egg 2","Cold Snap","Akabeko","Glacier+1","Ball Lightning","Reinforced Body+1","Anchor","FocusPotion"],"campfire_rested":2,"item_purchase_floors":[11,11,11,22,22,37,46,53],"current_hp_per_floor":[64,64,64,64,64,20,55,42,42,42,42,42,38,38,38,22,63,63,63,63,42,42,42,42,42,42,42,42,42,30,30,63,47,63,63,63,63,63,63,63,63,63,63,63,63,63,63,63,63,50,63,63,63,33,27],"gold":61,"neow_bonus":"TWO_FIFTY_GOLD","is_daily":false,"chose_seed":false,"campfire_upgraded":7,"win_rate":0.0,"timestamp":1612860766,"path_taken":["M","?","?","M","?","E","R","E","T","?","$","?","E","?","R","BOSS","M","?","?","M","$","R","?","E","T","R","M","R","E","M","R","BOSS","M","?","$","?","?","R","M","E","T","?","R","?","M","?","R","BOSS","R","$","E","BOSS"],"items_purchased_type":["Relic","Card","Relic","Card","Card","Card","Relic","Potion"],"build_version":"2020-12-22","purchased_purges":4,"victory":true,"max_hp_per_floor":[68,68,68,68,68,68,68,68,68,63,63,63,63,63,63,63,63,63,63,63,63,63,63,63,63,63,63,63,63,63,63,63,63,63,63,63,63,63,63,63,63,63,63,63,63,63,63,63,63,63,63,63,63,63,63],"relic_stats":{"Regal Pillow":30,"Busted Crown":16,"counters":[25,94],"Golden Idol":194,"Bronze Scales":[283],"PreservedInsect":115,"Pen Nib":[2],"Letter Opener":[138],"obtain_stats":[{"Regal Pillow":6,"Golden Idol":10,"Thread and Needle":38,"PreservedInsect":30,"Pen Nib":42,"Letter Opener":13,"Empty Cage":17,"Akabeko":11,"Mercury Hourglass":43,"Cables":54,"Bottled Flame":8,"DataDisk":25,"Anchor":46,"Busted Crown":34,"Bronze Scales":14,"Toxic Egg 2":11,"Cracked Core":0,"FossilizedHelix":2,"Pocketwatch":9},{"Regal Pillow":3,"Golden Idol":4,"Thread and Needle":17,"PreservedInsect":13,"Pen Nib":19,"Letter Opener":6,"Empty Cage":7,"Akabeko":4,"Mercury Hourglass":19,"Cables":24,"Bottled Flame":4,"DataDisk":11,"Anchor":20,"Busted Crown":15,"Bronze Scales":6,"Toxic Egg 2":4,"Cracked Core":0,"FossilizedHelix":1,"Pocketwatch":4},{"Regal Pillow":13,"Golden Idol":17,"Thread and Needle":64,"PreservedInsect":49,"Pen Nib":69,"Letter Opener":23,"Empty Cage":32,"Akabeko":17,"Mercury Hourglass":69,"Cables":86,"Bottled Flame":17,"DataDisk":43,"Anchor":72,"Busted Crown":58,"Bronze Scales":23,"Toxic Egg 2":17,"Cracked Core":0,"FossilizedHelix":2,"Pocketwatch":17}],"Pocketwatch":[87],"Mercury Hourglass":[105],"Cables":[8,7,1,0,0]},"card_choices":[{"not_picked":["Gash","Turbo","Leap"],"picked":"SKIP","floor":1},{"not_picked":["Steam Power","Rebound"],"picked":"Lockon","floor":4},{"not_picked":["Static Discharge","Redo"],"picked":"Electrodynamics","floor":6},{"not_picked":["Steam","Skim"],"picked":"Reboot","floor":8},{"not_picked":["Streamline","Hologram+1"],"picked":"BootSequence+1","floor":12},{"not_picked":["Self Repair","Streamline"],"picked":"Buffer","floor":13},{"not_picked":["Ball Lightning","Turbo+1"],"picked":"Defragment","floor":18},{"not_picked":["Go for the Eyes","Cold Snap"],"picked":"Hologram+1","floor":20},{"not_picked":["Go for the Eyes","Streamline"],"picked":"Static Discharge+1","floor":21},{"not_picked":["Cold Snap","Stack+1"],"picked":"Thunder Strike","floor":25},{"not_picked":["Melter","Tempest+1"],"picked":"Force Field+1","floor":28},{"not_picked":["Chill+1","Steam+1"],"picked":"Sweeping Beam+1","floor":30},{"not_picked":["Redo+1","Leap+1"],"picked":"Storm+1","floor":31},{"not_picked":["Blizzard"],"picked":"SKIP","floor":35},{"not_picked":[],"picked":"Loop+1","floor":38},{"not_picked":["Consume+1"],"picked":"SKIP","floor":41},{"not_picked":["Chill+1"],"picked":"SKIP","floor":42},{"not_picked":[],"picked":"Leap+1","floor":44},{"not_picked":["Beam Cell+1"],"picked":"SKIP","floor":47},{"not_picked":[],"picked":"White Noise+1","floor":48},{"not_picked":["Redo+1"],"picked":"SKIP","floor":54},{"not_picked":[],"picked":"Redo+1","floor":54}],"player_experience":1762941,"relics_obtained":[{"floor":6,"key":"Regal Pillow"},{"floor":8,"key":"Bottled Flame"},{"floor":9,"key":"Pocketwatch"},{"floor":13,"key":"Letter Opener"},{"floor":14,"key":"Bronze Scales"},{"floor":25,"key":"DataDisk"},{"floor":30,"key":"PreservedInsect"},{"floor":38,"key":"Thread and Needle"},{"floor":42,"key":"Pen Nib"},{"floor":43,"key":"Mercury Hourglass"},{"floor":54,"key":"Cables"}],"event_choices":[{"damage_healed":0,"gold_gain":0,"player_choice":"Box","damage_taken":0,"relics_obtained":["FossilizedHelix"],"max_hp_gain":0,"max_hp_loss":0,"event_name":"Big Fish","floor":2,"gold_loss":0,"cards_obtained":["Regret"]},{"cards_removed":["Regret"],"damage_healed":0,"gold_gain":0,"player_choice":"Card Removal","damage_taken":0,"max_hp_gain":0,"max_hp_loss":0,"event_name":"The Cleric","floor":3,"gold_loss":50},{"damage_healed":0,"gold_gain":175,"player_choice":"AGREE","damage_taken":0,"max_hp_gain":0,"max_hp_loss":0,"event_name":"Liars Game","floor":5,"gold_loss":0,"cards_obtained":["Doubt"]},{"damage_healed":0,"gold_gain":0,"player_choice":"Lose Max HP","damage_taken":0,"relics_obtained":["Golden Idol"],"max_hp_gain":0,"max_hp_loss":5,"event_name":"Golden Idol","floor":10,"gold_loss":0},{"damage_healed":0,"gold_gain":0,"player_choice":"Got Potions","damage_taken":0,"max_hp_gain":0,"max_hp_loss":0,"event_name":"Lab","floor":19,"gold_loss":0},{"damage_healed":0,"gold_gain":0,"cards_transformed":["Strike_B","Strike_B"],"player_choice":"Became Test Subject","damage_taken":0,"max_hp_gain":0,"max_hp_loss":0,"event_name":"Drug Dealer","floor":24,"gold_loss":0,"cards_obtained":["Genetic Algorithm","Double Energy"]},{"cards_removed":["Defend_B"],"damage_healed":0,"gold_gain":0,"player_choice":"Removed Skill","damage_taken":0,"max_hp_gain":0,"max_hp_loss":0,"event_name":"Falling","floor":36,"gold_loss":0},{"damage_healed":0,"gold_gain":0,"player_choice":"Fight","damage_taken":0,"max_hp_gain":0,"max_hp_loss":0,"event_name":"Mysterious Sphere","floor":38,"gold_loss":0},{"damage_healed":0,"gold_gain":0,"player_choice":"Upgraded","damage_taken":0,"max_hp_gain":0,"max_hp_loss":0,"event_name":"Upgrade Shrine","floor":39,"gold_loss":0,"cards_upgraded":["Zap"]}],"is_beta":false,"boss_relics":[{"not_picked":["Runic Dome","Calling Bell"],"picked":"Empty Cage"},{"not_picked":["Coffee Dripper","Philosopher\u0027s Stone"],"picked":"Busted Crown"}],"items_purged_floors":[11,22,37,46],"is_endless":false,"potions_floor_spawned":[8,12,13,20,21,30,31,38,44,48],"ascension_level":2}}