{"host":"heot42mtselsoupx","time":1612877180,"event":{"mods":["BaseMod","Minty Spire (QoL Compilation)","Quick Restart","StSLib","¡¾ÒÅÎï¿¨ÅÆ¡¿REMEMod"],"gold_per_floor":[111,111,36,111,125,125,156,331,331,352,376,376,394,438,438,561,561,580,580,580,580,73,129,145,178,178,190,220,24,43,63,63,165,215,226,78,0,14,27,27,62,109,135,159,159,209,209,64,64,64,64,64,13,45,45,45],"floor_reached":55,"language":"ZHS","playtime":3105,"items_purged":["Strike_B","Meteor Strike+1"],"score":911,"play_id":"c2917a0e-ca8b-4119-8bf4-bb53743b44a9","local_time":"20210209212620","is_ascension_mode":false,"campfire_choices":[{"data":"Feed","floor":6,"key":"SMITH"},{"data":"Doubt","floor":12,"key":"PURGE"},{"data":"White Noise","floor":15,"key":"SMITH"},{"data":"Turbo","floor":32,"key":"SMITH"},{"floor":40,"key":"RECALL"},{"data":"Writhe","floor":49,"key":"PURGE"},{"data":"REME_Whirling","floor":52,"key":"SMITH"}],"circlet_count":0,"master_deck":["Strike_B","Strike_B","Strike_B","Defend_B","Defend_B","Dualcast","Feed+1","FTL","Auto Shields","Gash","White Noise+1","All For One","Gash+1","All For One+1","Gash+1","Beam Cell","Go for the Eyes","REME_MawOfCthun","REME_ShortnessOfBreath","Beam Cell","Gash+1","Turbo+1","Flash of Steel","Steam+1","Seek","REME_Whirling+1","All For One+1","Gash","Reboot","Swift Strike"],"relics":["Cracked Core","REME_ComplimentaryCards","NeowsBlessing","Bloody Idol","Peace Pipe","StrikeDummy","Akabeko","Astrolabe","Nilry\u0027s Codex","WingedGreaves","Sling","Lantern","Singing Bowl","TungstenRod","Tiny House","DollysMirror","Red Mask","Frozen Egg 2","StoneCalendar","Juzu Bracelet","Bag of Marbles","Prayer Wheel","Lee\u0027s Waffle","Bronze Scales"],"acts_visited":["Exordium","TheCity","TheBeyond","TheEnding"],"potions_floor_usage":[1,16,16,23,24,33,33,39,50,50,50,54],"damage_taken":[{"damage":0,"enemies":"2 Louse","floor":1,"turns":1},{"damage":0,"enemies":"Jaw Worm","floor":5,"turns":1},{"damage":0,"enemies":"3 Sentries","floor":7,"turns":1},{"damage":0,"enemies":"Small Slimes","floor":10,"turns":2},{"damage":0,"enemies":"3 Louse","floor":11,"turns":3},{"damage":2,"enemies":"Exordium Wildlife","floor":13,"turns":3},{"damage":21,"enemies":"Lagavulin","floor":14,"turns":5},{"damage":38,"enemies":"Hexaghost","floor":16,"turns":8},{"damage":0,"enemies":"Spheric Guardian","floor":18,"turns":2},{"damage":22,"enemies":"Book of Stabbing","floor":23,"turns":5},{"damage":2,"enemies":"2 Thieves","floor":24,"turns":3},{"damage":0,"enemies":"REME_1_Revenger","floor":25,"turns":1},{"damage":12,"enemies":"Cultist and Chosen","floor":27,"turns":4},{"damage":36,"enemies":"Slavers","floor":28,"turns":4},{"damage":5,"enemies":"3 Cultists","floor":30,"turns":3},{"damage":1,"enemies":"Sentry and Sphere","floor":31,"turns":3},{"damage":45,"enemies":"Champ","floor":33,"turns":10},{"damage":22,"enemies":"3 Shapes","floor":35,"turns":3},{"damage":22,"enemies":"3 Darklings","floor":38,"turns":4},{"damage":6,"enemies":"Transient","floor":39,"turns":5},{"damage":23,"enemies":"Giant Head","floor":41,"turns":6},{"damage":23,"enemies":"2 Orb Walkers","floor":42,"turns":5},{"damage":34,"enemies":"Mind Bloom Boss Battle","floor":46,"turns":3},{"damage":49,"enemies":"Awakened One","floor":50,"turns":7},{"damage":106,"enemies":"Shield and Spear","floor":54,"turns":7},{"damage":62,"enemies":"The Heart","floor":55,"turns":3}],"seed_played":"-6604112823483985076","potions_obtained":[{"floor":1,"key":"REME_GoldPotion"},{"floor":10,"key":"Strength Potion"},{"floor":11,"key":"SkillPotion"},{"floor":13,"key":"Ancient Potion"},{"floor":16,"key":"Block Potion"},{"floor":18,"key":"REME_GoldPotion"},{"floor":28,"key":"ColorlessPotion"},{"floor":33,"key":"Ancient Potion"},{"floor":34,"key":"PotionOfCapacity"},{"floor":38,"key":"LiquidMemories"},{"floor":41,"key":"PowerPotion"}],"is_trial":false,"path_per_floor":["M","?","$","?","M","R","E","?","T","M","M","R","M","E","R","B",null,"M","?","?","?","$","E","M","E","T","M","E","$","M","M","R","B",null,"M","$","?","M","M","R","E","?","T","T","?","?","?","$","R","B",null,"R","$","E","B"],"character_chosen":"DEFECT","items_purchased":["Beam Cell","Go for the Eyes","REME_MawOfCthun","REME_ShortnessOfBreath","Sling","Flash of Steel","DollysMirror","Lee\u0027s Waffle","Swift Potion"],"campfire_rested":0,"item_purchase_floors":[22,22,22,22,22,29,36,48,53],"current_hp_per_floor":[75,69,69,58,58,58,62,62,62,66,70,70,72,51,51,13,85,85,69,69,69,69,57,65,70,70,63,38,38,42,48,48,8,102,91,91,91,76,75,75,57,41,46,51,79,52,52,121,121,76,125,125,125,26,0,0],"gold":45,"neow_bonus":"THREE_ENEMY_KILL","is_daily":false,"chose_seed":false,"campfire_upgraded":4,"win_rate":0.0,"timestamp":1612877180,"path_taken":["M","?","$","?","M","R","E","?","T","M","M","R","?","E","R","BOSS","M","?","?","?","$","E","?","E","T","M","E","$","M","M","R","BOSS","M","$","?","M","M","R","E","?","T","?","?","?","?","?","R","BOSS","R","$","E","BOSS"],"items_purchased_type":["Card","Card","Card","Card","Relic","Card","Relic","Relic","Potion"],"build_version":"2020-12-22","purchased_purges":2,"victory":false,"max_hp_per_floor":[75,69,69,69,69,69,73,73,73,77,81,81,85,85,85,85,85,85,85,85,85,85,85,85,85,85,85,91,91,95,97,97,97,102,108,108,108,110,110,110,110,112,112,112,112,114,114,121,121,125,125,125,125,127,127,127],"card_choices":[{"not_picked":["Beam Cell","Sweeping Beam"],"picked":"FTL","floor":1},{"not_picked":["Chaos","Streamline","Chill"],"picked":"SKIP","floor":5},{"not_picked":["Leap","Redo"],"picked":"Auto Shields","floor":7},{"not_picked":["Go for the Eyes","Streamline"],"picked":"Gash","floor":10},{"not_picked":["Tempest","Blizzard","Go for the Eyes"],"picked":"SKIP","floor":11},{"not_picked":["Coolheaded","Static Discharge","Recycle"],"picked":"SKIP","floor":13},{"not_picked":["Stack","Scrape"],"picked":"White Noise","floor":14},{"not_picked":["Amplify","Seek"],"picked":"All For One","floor":16},{"not_picked":["Steam Power","Undo"],"picked":"Gash+1","floor":18},{"not_picked":["Conserve Battery","Hello World"],"picked":"Beam Cell","floor":23},{"not_picked":["Core Surge","REME_DataAnalysis","Leap"],"picked":"SKIP","floor":24},{"not_picked":["Steam+1","REME_Compress"],"picked":"Gash","floor":25},{"not_picked":["Sweeping Beam+1","Cold Snap"],"picked":"Turbo","floor":27},{"not_picked":["Leap","Rebound","Coolheaded"],"picked":"Singing Bowl","floor":28},{"not_picked":["Go for the Eyes","Self Repair"],"picked":"Steam+1","floor":30},{"not_picked":["Stack","Tempest+1","Recycle"],"picked":"Singing Bowl","floor":31},{"not_picked":["Hyperbeam","REME_Shoggoth"],"picked":"Seek","floor":33},{"not_picked":["Cold Snap","Compile Driver+1"],"picked":"REME_Whirling","floor":34},{"not_picked":["Rebound+1","BootSequence+1","Barrage+1"],"picked":"Singing Bowl","floor":35},{"not_picked":["Barrage","BootSequence+1","REME_DataAnalysis+1"],"picked":"Singing Bowl","floor":38},{"not_picked":["Coolheaded+1","Glacier","Ball Lightning"],"picked":"Gash","floor":39},{"not_picked":["Hologram","Barrage+1"],"picked":"Reboot","floor":41},{"not_picked":["Sweeping Beam","Cold Snap","Coolheaded"],"picked":"Singing Bowl","floor":42},{"not_picked":["Compile Driver","Barrage","Sunder+1","Chill"],"picked":"Singing Bowl","floor":46},{"not_picked":["Jack Of All Trades","Purity"],"picked":"Swift Strike","floor":47},{"not_picked":["Stack","Defragment+1","Compile Driver"],"picked":"Singing Bowl","floor":54}],"player_experience":225832,"relics_obtained":[{"floor":7,"key":"Peace Pipe"},{"floor":9,"key":"StrikeDummy"},{"floor":14,"key":"Akabeko"},{"floor":19,"key":"Nilry\u0027s Codex"},{"floor":23,"key":"Lantern"},{"floor":25,"key":"Singing Bowl"},{"floor":28,"key":"TungstenRod"},{"floor":41,"key":"Frozen Egg 2"},{"floor":42,"key":"StoneCalendar"},{"floor":43,"key":"Juzu Bracelet"},{"floor":44,"key":"Bag of Marbles"},{"floor":46,"key":"Prayer Wheel"},{"floor":54,"key":"Bronze Scales"}],"event_choices":[{"damage_healed":0,"gold_gain":0,"player_choice":"Lose Max HP","damage_taken":0,"relics_obtained":["Golden Idol"],"max_hp_gain":0,"max_hp_loss":6,"event_name":"Golden Idol","floor":2,"gold_loss":0},{"damage_healed":0,"gold_gain":75,"player_choice":"Gather Gold","damage_taken":11,"max_hp_gain":0,"max_hp_loss":0,"event_name":"World of Goop","floor":4,"gold_loss":0},{"damage_healed":0,"gold_gain":175,"player_choice":"AGREE","damage_taken":0,"max_hp_gain":0,"max_hp_loss":0,"event_name":"Liars Game","floor":8,"gold_loss":0,"cards_obtained":["Doubt"]},{"damage_healed":0,"gold_gain":0,"player_choice":"Obtained Book","damage_taken":16,"max_hp_gain":0,"max_hp_loss":0,"event_name":"Cursed Tome","floor":19,"gold_loss":0},{"damage_healed":0,"gold_gain":0,"player_choice":"Gave Idol","damage_taken":0,"relics_obtained":["Bloody Idol"],"max_hp_gain":0,"max_hp_loss":0,"event_name":"Forgotten Altar","floor":20,"relics_lost":["Golden Idol"],"gold_loss":0},{"damage_healed":0,"gold_gain":0,"player_choice":"Opened","damage_taken":0,"relics_obtained":["WingedGreaves"],"max_hp_gain":0,"max_hp_loss":0,"event_name":"The Mausoleum","floor":21,"gold_loss":0},{"damage_healed":0,"gold_gain":0,"player_choice":"Paid","damage_taken":0,"relics_obtained":["Red Mask"],"max_hp_gain":0,"max_hp_loss":0,"event_name":"Tomb of Lord Red Mask","floor":37,"gold_loss":78},{"damage_healed":0,"gold_gain":0,"player_choice":"Fight","damage_taken":0,"max_hp_gain":0,"max_hp_loss":0,"event_name":"Mysterious Sphere","floor":42,"gold_loss":0},{"damage_healed":28,"gold_gain":0,"player_choice":"Writhe","damage_taken":0,"max_hp_gain":0,"max_hp_loss":0,"event_name":"Winding Halls","floor":45,"gold_loss":0,"cards_obtained":["Writhe"]},{"damage_healed":0,"gold_gain":0,"player_choice":"Fight","damage_taken":0,"max_hp_gain":0,"max_hp_loss":0,"event_name":"MindBloom","floor":46,"gold_loss":0},{"damage_healed":0,"gold_gain":0,"player_choice":"Memory 1","damage_taken":0,"max_hp_gain":0,"max_hp_loss":0,"event_name":"SensoryStone","floor":47,"gold_loss":0}],"is_beta":false,"boss_relics":[{"not_picked":["Empty Cage","Busted Crown"],"picked":"Astrolabe"},{"not_picked":["Pandora\u0027s Box","Cursed Key"],"picked":"Tiny House"}],"items_purged_floors":[3,29],"is_endless":false,"potions_floor_spawned":[1,10,11,13,16,18,28,33,38,41,42],"killed_by":"The Heart","ascension_level":0}}