{"host":"it04jaz8eul1eh3d","time":1612877854,"event":{"mods":["AchievementEnabler","BaseMod","Colored Map","DeckTracker","Keyboard Shortcuts","Minty Spire (QoL Compilation)","SuperFastMode"],"gold_per_floor":[110,123,48,48,68,68,82,94,94,109,39,39,66,79,79,79,79],"floor_reached":16,"language":"KOR","playtime":268,"items_purged":["Strike_R"],"score":104,"play_id":"e3001734-58c1-4c2d-ac0c-2015f2fbd53b","local_time":"20210209223734","is_ascension_mode":false,"campfire_choices":[{"data":"Armaments","floor":6,"key":"SMITH"},{"data":"Whirlwind","floor":15,"key":"SMITH"}],"circlet_count":0,"master_deck":["Strike_R","Strike_R+1","Strike_R","Strike_R","Defend_R+1","Defend_R+1","Defend_R","Defend_R","Bash","Armaments+1","Pommel Strike","Pommel Strike","Sever Soul+1","Whirlwind+1","Carnage"],"relics":["Burning Blood","NeowsBlessing","War Paint","Happy Flower"],"acts_visited":["Exordium"],"potions_floor_usage":[16,16],"damage_taken":[{"damage":0,"enemies":"Small Slimes","floor":1,"turns":1},{"damage":0,"enemies":"Cultist","floor":2,"turns":1},{"damage":0,"enemies":"2 Louse","floor":5,"turns":1},{"damage":0,"enemies":"Looter","floor":7,"turns":5},{"damage":3,"enemies":"2 Fungi Beasts","floor":8,"turns":4},{"damage":0,"enemies":"Blue Slaver","floor":10,"turns":4},{"damage":27,"enemies":"Gremlin Nob","floor":13,"turns":4},{"damage":14,"enemies":"Gremlin Gang","floor":14,"turns":2},{"damage":36,"enemies":"The Guardian","floor":16,"turns":6}],"seed_played":"-2257698693638120500","potions_obtained":[{"floor":2,"key":"ColorlessPotion"},{"floor":5,"key":"SteroidPotion"},{"floor":7,"key":"EssenceOfSteel"},{"floor":13,"key":"EssenceOfSteel"}],"is_trial":false,"path_per_floor":["M","M","$","?","M","R","M","M","T","M","$","?","E","M","R","B"],"character_chosen":"IRONCLAD","items_purchased":["Whirlwind"],"campfire_rested":0,"item_purchase_floors":[11],"current_hp_per_floor":[80,80,80,80,80,80,80,80,80,80,80,64,43,35,35,0,0],"gold":79,"neow_bonus":"THREE_ENEMY_KILL","is_daily":false,"chose_seed":false,"campfire_upgraded":2,"win_rate":0.0,"timestamp":1612877854,"path_taken":["M","M","$","?","?","R","?","M","T","M","?","?","E","M","R","BOSS"],"items_purchased_type":["Card"],"build_version":"2020-12-22","purchased_purges":1,"victory":false,"max_hp_per_floor":[80,80,80,80,80,80,80,80,80,80,80,80,80,80,80,80,80],"card_choices":[{"not_picked":["True Grit","Flex"],"picked":"Armaments","floor":1},{"not_picked":["Warcry","Perfected Strike","Shrug It Off"],"picked":"SKIP","floor":2},{"not_picked":["Clothesline","Thunderclap","Sword Boomerang"],"picked":"SKIP","floor":5},{"not_picked":["Berserk","Clothesline"],"picked":"Pommel Strike","floor":7},{"not_picked":["Warcry","Searing Blow"],"picked":"Pommel Strike","floor":8},{"not_picked":["Seeing Red","Body Slam"],"picked":"Sever Soul","floor":10},{"not_picked":["Warcry","Feel No Pain","Shrug It Off"],"picked":"SKIP","floor":13},{"not_picked":["Havoc","Pommel Strike"],"picked":"Carnage","floor":14}],"player_experience":147277,"relics_obtained":[{"floor":9,"key":"War Paint"},{"floor":13,"key":"Happy Flower"}],"event_choices":[{"damage_healed":0,"gold_gain":0,"player_choice":"Ignored","damage_taken":0,"max_hp_gain":0,"max_hp_loss":0,"event_name":"NoteForYourself","floor":4,"gold_loss":0},{"damage_healed":0,"gold_gain":0,"player_choice":"Entered Light","damage_taken":16,"max_hp_gain":0,"max_hp_loss":0,"event_name":"Shining Light","floor":12,"gold_loss":0,"cards_upgraded":["Strike_R","Sever Soul"]}],"is_beta":false,"boss_relics":[],"items_purged_floors":[3],"is_endless":false,"potions_floor_spawned":[2,5,7,13],"killed_by":"The Guardian","ascension_level":0}}