{"host":"0qevis500jgmlc2v","time":1612886109,"event":{"mods":["Act Like it!","Aspiration","BaseMod","Conspire","Energized Spire","Friendly Minions","GifTheSpireLib","Hubris","KinomotoSakuraMod(木之本樱)","KomeijiMod","Marisa（F雨　魔理沙）","Minty Spire (QoL Compilation)","Pale of the Ancients","Quick Restart","Shop Mod","StSLib","【功能Mod】聪明的最终Boss"],"gold_per_floor":[112,130,130,230,246,246,262,187,235,63,63,98,127,137,137,214,214,214,214],"floor_reached":18,"language":"ZHS","playtime":2824,"items_purged":["Strike_G"],"score":370,"play_id":"acfcf4b8-7352-4ac3-898b-aa9066b01cd5","local_time":"20210209235509","is_ascension_mode":true,"campfire_choices":[{"data":"hubris:Counter","floor":6.0,"key":"SMITH"},{"floor":15.0,"key":"REST"}],"circlet_count":0,"master_deck":["AscendersBane","Strike_G","Strike_G","Strike_G","Strike_G","Defend_G","Defend_G","Defend_G","Defend_G","Defend_G","Survivor","Neutralize","Reflex","Tactician","hubris:Counter+1","Blur","Adrenaline","Blur","Acrobatics","hubris:TrickCloak","Well Laid Plans","Doppelganger"],"relics":["Ring of the Snake","NeowsBlessing","Singing Bowl","Orrery","ThirstyCross","aspiration:ChemicalBlood","Regal Pillow","energizedSpire:SpiderWeb"],"acts_visited":["Exordium","TheCity"],"potions_floor_usage":[16,16],"damage_taken":[{"damage":0.0,"enemies":"Small Slimes","floor":1.0,"turns":1.0},{"damage":0.0,"enemies":"2 Louse","floor":2.0,"turns":1.0},{"damage":0.0,"enemies":"Jaw Worm","floor":5.0,"turns":1.0},{"damage":1.0,"enemies":"Exordium Thugs","floor":7.0,"turns":2.0},{"damage":12.0,"enemies":"3 Sentries","floor":12.0,"turns":10.0},{"damage":27.0,"enemies":"conspire:MimicChest","floor":13.0,"turns":8.0},{"damage":10.0,"enemies":"2 Fungi Beasts","floor":14.0,"turns":5.0},{"damage":27,"enemies":"Slime Boss","floor":16,"turns":13},{"damage":3,"enemies":"Spheric Guardian","floor":18,"turns":2}],"seed_played":"-8987266103582370779","potions_obtained":[{"floor":2.0,"key":"PowerPotion"},{"floor":7.0,"key":"Strength Potion"},{"floor":14.0,"key":"ColorlessPotion"}],"is_trial":false,"path_per_floor":["M","M","?","?","M","R","M","$","T","$","?","E","?","M","R","B",null,"M"],"character_chosen":"THE_SILENT","items_purchased":["Orrery"],"campfire_rested":1,"item_purchase_floors":[10],"current_hp_per_floor":[59,59,54,54,54,54,53,53,53,55,55,45,18,10,46,19,59,56,56],"gold":214,"neow_bonus":"THREE_ENEMY_KILL","is_daily":false,"chose_seed":false,"campfire_upgraded":1,"win_rate":0.0,"timestamp":1612886109,"path_taken":["M","M","?","?","?","R","M","$","T","$","?","E","?","M","R","BOSS","M"],"items_purchased_type":["Relic"],"build_version":"2020-12-22","purchased_purges":1,"victory":false,"max_hp_per_floor":[66,66,66,66,66,66,66,66,66,68,68,70,70,72,72,72,72,72,72],"card_choices":[{"not_picked":["Flying Knee","Slice"],"picked":"Reflex","floor":1.0},{"not_picked":["Deadly Poison","Slice"],"picked":"Tactician","floor":2.0},{"not_picked":["Terror","PiercingWail"],"picked":"hubris:Counter","floor":5.0},{"not_picked":["Poisoned Stab","Outmaneuver"],"picked":"Blur","floor":7.0},{"not_picked":["Sucker Punch","Masterful Stab"],"picked":"Adrenaline","floor":10.0},{"not_picked":["Deadly Poison","Dodge and Roll"],"picked":"Blur","floor":10.0},{"not_picked":["Envenom","Deflect"],"picked":"Acrobatics","floor":10.0},{"not_picked":["Blade Dance","Underhanded Strike"],"picked":"hubris:TrickCloak","floor":10.0},{"not_picked":["Riddle With Holes","Dodge and Roll","Leg Sweep"],"picked":"Singing Bowl","floor":10.0},{"not_picked":["Leg Sweep","Reflex","Sucker Punch"],"picked":"Singing Bowl","floor":12.0},{"not_picked":["Sucker Punch","Endless Agony"],"picked":"Well Laid Plans","floor":13.0},{"not_picked":["Quick Slash","Blade Dance","Crippling Poison"],"picked":"Singing Bowl","floor":14.0},{"not_picked":["Grand Finale","Tools of the Trade"],"picked":"Doppelganger","floor":16}],"player_experience":920122,"relics_obtained":[{"floor":12.0,"key":"aspiration:ChemicalBlood"},{"floor":13.0,"key":"Regal Pillow"}],"event_choices":[{"damage_healed":0.0,"max_hp_gain":0.0,"max_hp_loss":0.0,"gold_gain":0.0,"event_name":"Scrap Ooze","player_choice":"Success","floor":3.0,"gold_loss":0.0,"damage_taken":5.0,"relics_obtained":["Singing Bowl"]},{"damage_healed":0.0,"max_hp_gain":0.0,"max_hp_loss":0.0,"gold_gain":100.0,"event_name":"Wheel of Change","player_choice":"Gold","floor":4.0,"gold_loss":0.0,"damage_taken":0.0}],"is_beta":false,"boss_relics":[{"not_picked":["Philosopher\u0027s Stone","hubris:BlackHole"],"picked":"energizedSpire:SpiderWeb"}],"items_purged_floors":[8],"is_endless":false,"potions_floor_spawned":[2,7,14],"killed_by":"Spheric Guardian","ascension_level":20}}