{"host":"2dp3t1i5s6bd92af","time":1612880060,"event":{"mods":["BaseMod","Colored Powertips","Hermit","Minty Spire (QoL Compilation)","Reliquary","StSLib"],"gold_per_floor":[116,4,4,4,19,46,46,78,102,102,102,112,170,170,170,289,289,303,55,55,78,96,96,140,140],"floor_reached":24,"language":"ZHS","playtime":8203,"items_purged":["Strike_B","Strike_B"],"score":270,"play_id":"a59042d7-23b4-4cc8-bf53-390aa80b9beb","local_time":"20210209221420","is_ascension_mode":true,"campfire_choices":[{"data":"AT_FamilyPortrait","floor":11.0,"key":"SMITH"},{"floor":15.0,"key":"REST"},{"data":"Fission","floor":23.0,"key":"SMITH"}],"circlet_count":1,"master_deck":["Strike_B","Defend_B+1","Defend_B","Zap","Dualcast+1","Madness+1","Melter","Madness","Rip and Tear","Conserve Battery","Cold Snap","Fission+1","Electrodynamics","Echo Form","Defend_P","Conserve Battery","Double Energy+1"],"relics":["Cracked Core","Circlet","NeowsBlessing","Nunchaku","Mercury Hourglass","reliquary:PorcupineQuills","Omamori","Golden Idol","Runic Dome","StoneCalendar"],"acts_visited":["Exordium","TheCity"],"potions_floor_usage":[],"damage_taken":[{"damage":0.0,"enemies":"Cultist","floor":1.0,"turns":1.0},{"damage":0.0,"enemies":"2 Louse","floor":5.0,"turns":1.0},{"damage":0.0,"enemies":"3 Sentries","floor":6.0,"turns":1.0},{"damage":12.0,"enemies":"Gremlin Nob","floor":8.0,"turns":4.0},{"damage":6.0,"enemies":"Jaw Worm","floor":12.0,"turns":5.0},{"damage":7.0,"enemies":"3 Sentries","floor":13.0,"turns":5.0},{"damage":14.0,"enemies":"Hexaghost","floor":16.0,"turns":8.0},{"damage":21.0,"enemies":"Shell Parasite","floor":18.0,"turns":5.0},{"damage":0.0,"enemies":"3 Byrds","floor":21.0,"turns":2.0},{"damage":23.0,"enemies":"Centurion and Healer","floor":22.0,"turns":6.0},{"damage":27.0,"enemies":"Gremlin Leader","floor":24.0,"turns":4.0}],"seed_played":"8106407601681459445","potions_obtained":[{"floor":1.0,"key":"SkillPotion"},{"floor":5.0,"key":"Ancient Potion"},{"floor":8.0,"key":"EntropicBrew"},{"floor":22.0,"key":"ColorlessPotion"},{"floor":24,"key":"LiquidMemories"}],"is_trial":false,"path_per_floor":["M","$","?","?","M","E","?","E","T","?","R","M","E","?","R","B",null,"M","$","?","M","M","R","E"],"character_chosen":"DEFECT","items_purchased":["AT_StudyProgram","AT_EbonyIvory"],"campfire_rested":1,"item_purchase_floors":[2,19],"current_hp_per_floor":[75,75,60,53,53,53,53,41,41,41,41,35,28,10,32,18,75,58,58,58,58,35,35,8,8],"gold":140,"neow_bonus":"THREE_ENEMY_KILL","is_daily":false,"chose_seed":false,"campfire_upgraded":2,"win_rate":0.0,"timestamp":1612880060,"path_taken":["M","$","?","?","?","E","?","E","T","?","R","M","E","?","R","BOSS","M","$","?","?","M","R","E"],"items_purchased_type":["Undefined","Undefined"],"build_version":"2020-12-22","purchased_purges":2,"victory":false,"max_hp_per_floor":[75,75,75,75,75,75,75,75,75,75,75,75,75,75,75,75,75,75,75,75,75,75,75,75,75],"card_choices":[{"not_picked":["Heatsinks","Coolheaded"],"picked":"Melter","floor":1.0},{"not_picked":["Barrage","Steam"],"picked":"Rip and Tear","floor":5.0},{"not_picked":["Chaos","Consume"],"picked":"Conserve Battery","floor":6.0},{"not_picked":["AT_RobotInSpace","Barrage","Gash"],"picked":"SKIP","floor":8.0},{"not_picked":["Barrage","Rebound"],"picked":"Fission","floor":12.0},{"not_picked":["Go for the Eyes","Beam Cell"],"picked":"Electrodynamics","floor":13.0},{"not_picked":["Thunder Strike","Amplify"],"picked":"Echo Form","floor":16.0},{"not_picked":["Heatsinks+1","Gash","AT_HeatAcrobatics"],"picked":"SKIP","floor":18.0},{"not_picked":["Coolheaded+1","Chill"],"picked":"Conserve Battery","floor":21.0},{"not_picked":["AT_WarpDrive","Steam"],"picked":"Double Energy+1","floor":22.0}],"player_experience":438721,"relics_obtained":[{"floor":6.0,"key":"Nunchaku"},{"floor":8.0,"key":"Mercury Hourglass"},{"floor":9.0,"key":"reliquary:PorcupineQuills"},{"floor":13.0,"key":"Omamori"},{"floor":24,"key":"StoneCalendar"}],"event_choices":[{"damage_healed":0.0,"max_hp_gain":0.0,"max_hp_loss":0.0,"gold_gain":0.0,"event_name":"Shining Light","player_choice":"Entered Light","floor":3.0,"gold_loss":0.0,"damage_taken":15.0,"cards_upgraded":["Dualcast","Defend_B"]},{"cards_removed":["Defend_B"],"damage_healed":0.0,"max_hp_gain":0.0,"max_hp_loss":0.0,"gold_gain":0.0,"event_name":"Golden Wing","player_choice":"Card Removal","floor":4.0,"gold_loss":0.0,"damage_taken":7.0},{"damage_healed":0.0,"max_hp_gain":0.0,"max_hp_loss":0.0,"gold_gain":0.0,"event_name":"The Cleric","player_choice":"Leave","floor":7.0,"gold_loss":0.0,"damage_taken":0.0},{"damage_healed":0.0,"max_hp_gain":0.0,"max_hp_loss":0.0,"gold_gain":0.0,"cards_transformed":["Defend_B"],"event_name":"Living Wall","player_choice":"Change","floor":10.0,"gold_loss":0.0,"damage_taken":0.0,"cards_obtained":["Cold Snap"]},{"damage_healed":0.0,"max_hp_gain":0.0,"max_hp_loss":0.0,"gold_gain":0.0,"event_name":"Golden Idol","player_choice":"Take Damage","floor":14.0,"gold_loss":0.0,"damage_taken":18.0,"relics_obtained":["Golden Idol"]},{"cards_removed":["Strike_B"],"damage_healed":0.0,"max_hp_gain":0.0,"max_hp_loss":0.0,"gold_gain":0.0,"event_name":"NoteForYourself","player_choice":"Took Card","floor":20.0,"gold_loss":0.0,"damage_taken":0.0,"cards_obtained":["Defend_P"]}],"is_beta":false,"boss_relics":[{"not_picked":["Fusion Hammer","Busted Crown"],"picked":"Runic Dome"}],"items_purged_floors":[2,19],"is_endless":false,"potions_floor_spawned":[1,5,8,22,24],"killed_by":"Gremlin Leader","ascension_level":1}}