{"host":"08yfhu6uhosdn245","time":1612884087,"event":{"mods":["2.2 Compatiblity","BaseMod","Bestiary","Colored Map","Colored Powertips","Curses Come First","Highlight Path","Minty Spire (QoL Compilation)","Quick Restart","Relic Stats","StSLib"],"gold_per_floor":[113,125,95,20,31,57,9,9,36,48,80,80,80,91,91,193,193,209,219,65,65,28,53,73,105,158,158,158,186,186,206,206,206,206],"floor_reached":33,"language":"ENG","playtime":3134,"items_purged":["Strike_P"],"score":481,"play_id":"19310636-d29a-4155-a935-1ec6fef734ed","local_time":"20210209102127","is_ascension_mode":true,"campfire_choices":[{"floor":8.0,"key":"REST"},{"data":"Wallop","floor":12.0,"key":"SMITH"},{"data":"Eruption","floor":15.0,"key":"SMITH"},{"data":"RitualDagger","floor":32,"key":"SMITH"}],"circlet_count":0,"master_deck":["Strike_P","Strike_P+1","Strike_P","Defend_P","Defend_P","Defend_P+1","Defend_P","Eruption","Vigilance+1","Pray+1","Prostrate+1","ThirdEye","FlurryOfBlows","CutThroughFate+1","JustLucky+1","Wallop+1","Eruption+1","LessonLearned+1","Sanctity","EmptyFist+1","Vault","FollowUp","FlurryOfBlows+1","Fasting2","FlurryOfBlows+1","RitualDagger+1","Crescendo+1"],"relics":["PureWater","War Paint","Centennial Puzzle","Bottled Lightning","Busted Crown","Lantern","Akabeko","Sundial","Strawberry","White Beast Statue","Unceasing Top"],"acts_visited":["Exordium","TheCity"],"potions_floor_usage":[29,33,33,33],"damage_taken":[{"damage":0.0,"enemies":"Cultist","floor":1.0,"turns":2.0},{"damage":1.0,"enemies":"Small Slimes","floor":2.0,"turns":5.0},{"damage":0.0,"enemies":"2 Louse","floor":5.0,"turns":4.0},{"damage":47.0,"enemies":"Lagavulin","floor":6.0,"turns":13.0},{"damage":6.0,"enemies":"Exordium Wildlife","floor":10.0,"turns":3.0},{"damage":16.0,"enemies":"Gremlin Nob","floor":11.0,"turns":4.0},{"damage":6.0,"enemies":"Blue Slaver","floor":14.0,"turns":6.0},{"damage":3.0,"enemies":"Hexaghost","floor":16.0,"turns":8.0},{"damage":0.0,"enemies":"3 Byrds","floor":18.0,"turns":9.0},{"damage":0.0,"enemies":"Spheric Guardian","floor":19.0,"turns":4.0},{"damage":0.0,"enemies":"Gremlin Leader","floor":23.0,"turns":8.0},{"damage":0.0,"enemies":"Snecko","floor":24.0,"turns":3.0},{"damage":5,"enemies":"Book of Stabbing","floor":25,"turns":4},{"damage":4,"enemies":"Slavers","floor":29,"turns":7},{"damage":13,"enemies":"Snake Plant","floor":31,"turns":5},{"damage":51,"enemies":"Champ","floor":33,"turns":7}],"seed_played":"-5329972585886680140","potions_obtained":[{"floor":1.0,"key":"BottledMiracle"},{"floor":3.0,"key":"Strength Potion"},{"floor":3.0,"key":"DuplicationPotion"},{"floor":6.0,"key":"Block Potion"},{"floor":11.0,"key":"ColorlessPotion"},{"floor":19.0,"key":"SkillPotion"},{"floor":24.0,"key":"Dexterity Potion"},{"floor":31,"key":"EssenceOfSteel"}],"is_trial":false,"path_per_floor":["M","M","?","$","M","E","$","R","T","M","E","R","?","M","R","B",null,"M","M","$","?","$","E","M","E","T","?","?","E","T","M","R","B"],"character_chosen":"WATCHER","items_purchased":["CutThroughFate","Lantern","Fasting2"],"campfire_rested":1,"item_purchase_floors":[7,20,22],"current_hp_per_floor":[61,60,60,60,60,13,13,38,38,32,16,16,16,10,10,7,66,66,66,66,66,66,66,66,61,68,62,62,58,58,45,45,0,0],"gold":206,"neow_bonus":"TWENTY_PERCENT_HP_BONUS","is_daily":false,"chose_seed":false,"campfire_upgraded":3,"win_rate":0.0,"timestamp":1612884087,"path_taken":["M","M","?","?","M","E","$","R","T","M","E","R","?","M","R","BOSS","M","?","$","?","$","E","M","E","T","?","?","E","?","?","R","BOSS"],"items_purchased_type":["Card","Relic","Card"],"build_version":"2020-12-22","purchased_purges":1,"victory":false,"max_hp_per_floor":[86,86,86,86,86,86,86,86,86,86,86,86,86,86,86,86,86,86,86,86,86,86,86,86,86,93,93,93,93,93,93,93,93,93],"relic_stats":{"Centennial Puzzle":[24],"Busted Crown":14,"counters":[16,92],"Sundial":[2],"War Paint":["Defend_P","Pray"],"obtain_stats":[{"Centennial Puzzle":9,"Lantern":20,"Busted Crown":17,"Sundial":25,"Strawberry":26,"Bottled Lightning":11,"PureWater":0,"War Paint":6,"Akabeko":23,"White Beast Statue":29,"Unceasing Top":30},{"Centennial Puzzle":4,"Lantern":10,"Busted Crown":8,"Sundial":13,"Strawberry":13,"Bottled Lightning":6,"PureWater":0,"War Paint":4,"Akabeko":11,"White Beast Statue":14,"Unceasing Top":14},{"Centennial Puzzle":24,"Lantern":58,"Busted Crown":45,"Sundial":73,"Strawberry":73,"Bottled Lightning":31,"PureWater":0,"War Paint":24,"Akabeko":66,"White Beast Statue":80,"Unceasing Top":80}],"Unceasing Top":[0]},"card_choices":[{"not_picked":["Tantrum","Adaptation"],"picked":"Pray","floor":1.0},{"not_picked":["Halt","Perseverance"],"picked":"Prostrate","floor":2.0},{"not_picked":["Halt","Collect"],"picked":"ThirdEye","floor":5.0},{"not_picked":["FlyingSleeves","MentalFortress"],"picked":"FlurryOfBlows","floor":6.0},{"not_picked":["Protect","MasterReality"],"picked":"JustLucky","floor":10.0},{"not_picked":["Evaluate","Consecrate"],"picked":"Wallop","floor":11.0},{"not_picked":["Adaptation","Indignation"],"picked":"EmptyFist","floor":14.0},{"not_picked":["Ragnarok","MasterReality"],"picked":"Vault","floor":16.0},{"not_picked":["ThirdEye"],"picked":"SKIP","floor":18.0},{"not_picked":[],"picked":"FollowUp","floor":19.0},{"not_picked":["InnerPeace+1"],"picked":"SKIP","floor":23.0},{"not_picked":["CutThroughFate"],"picked":"SKIP","floor":24.0},{"not_picked":[],"picked":"FlurryOfBlows+1","floor":25},{"not_picked":["BowlingBash+1"],"picked":"SKIP","floor":29},{"not_picked":[],"picked":"Crescendo+1","floor":31}],"player_experience":378328,"relics_obtained":[{"floor":6.0,"key":"War Paint"},{"floor":9.0,"key":"Centennial Puzzle"},{"floor":11.0,"key":"Bottled Lightning"},{"floor":23.0,"key":"Akabeko"},{"floor":25,"key":"Sundial"},{"floor":26,"key":"Strawberry"},{"floor":29,"key":"White Beast Statue"},{"floor":30,"key":"Unceasing Top"}],"event_choices":[{"damage_healed":0.0,"max_hp_gain":0.0,"max_hp_loss":0.0,"gold_gain":0.0,"event_name":"The Woman in Blue","player_choice":"Bought 2 Potions","floor":3.0,"gold_loss":0.0,"damage_taken":0.0},{"damage_healed":0.0,"max_hp_gain":0.0,"max_hp_loss":0.0,"gold_gain":0.0,"event_name":"Match and Keep!","player_choice":"3 cards matched","floor":13.0,"gold_loss":0.0,"damage_taken":0.0,"cards_obtained":["Eruption","LessonLearned","Sanctity"]},{"damage_healed":0.0,"max_hp_gain":0.0,"max_hp_loss":0.0,"gold_gain":0.0,"event_name":"The Library","player_choice":"Read","floor":21.0,"gold_loss":0.0,"damage_taken":0.0,"cards_obtained":["FlurryOfBlows"]},{"damage_healed":0,"gold_gain":0,"player_choice":"Joined the Cult","damage_taken":6,"max_hp_gain":0,"max_hp_loss":0,"event_name":"Nest","floor":27,"gold_loss":0,"cards_obtained":["RitualDagger"]},{"damage_healed":0,"gold_gain":0,"player_choice":"Ignored","damage_taken":0,"max_hp_gain":0,"max_hp_loss":0,"event_name":"Ghosts","floor":28,"gold_loss":0}],"is_beta":false,"boss_relics":[{"not_picked":["Ectoplasm","Astrolabe"],"picked":"Busted Crown"}],"items_purged_floors":[4],"is_endless":false,"potions_floor_spawned":[1,6,11,14,19,24,31],"killed_by":"Champ","ascension_level":7}}