{"host":"8jwrv7sn1174lfer","time":1612856559,"event":{"mods":["BaseMod","Colored Map","Colored Powertips","Downfall","Highlight Path","Minty Spire (QoL Compilation)","StSLib"],"gold_per_floor":[118,118,42,42,42,75,75,150,200,200,224,239,286,313,313,313,313],"floor_reached":16,"language":"ENG","playtime":588,"items_purged":[],"score":162,"play_id":"36411075-016d-47a2-883f-6d46f65c040d","local_time":"20210209024239","is_ascension_mode":true,"campfire_choices":[{"data":"Clothesline","floor":7,"key":"SMITH"},{"data":"True Grit","floor":10,"key":"SMITH"},{"data":"Armaments","floor":15,"key":"SMITH"}],"circlet_count":0,"master_deck":["AscendersBane","Strike_R","Strike_R","Strike_R","Strike_R+1","Defend_R","Defend_R","Defend_R","Defend_R","Bash+1","Headbutt","Dropkick","Clothesline+1","True Grit+1","Battle Trance","Pommel Strike","Armaments+1","Uppercut","Thunderclap"],"relics":["Burning Blood","CaptainsWheel","Golden Idol","Kunai","Smiling Mask","CeramicFish"],"acts_visited":["Exordium"],"potions_floor_usage":[11,13],"damage_taken":[{"damage":13,"enemies":"2 Louse","floor":1,"turns":3},{"damage":16,"enemies":"Gremlin Nob","floor":6,"turns":4},{"damage":4,"enemies":"Jaw Worm","floor":11,"turns":2},{"damage":3,"enemies":"Small Slimes","floor":12,"turns":3},{"damage":6,"enemies":"Lagavulin","floor":13,"turns":7},{"damage":13,"enemies":"3 Louse","floor":14,"turns":4},{"damage":31,"enemies":"The Guardian","floor":16,"turns":2}],"seed_played":"310202824678954744","potions_obtained":[{"floor":6,"key":"Weak Potion"},{"floor":12,"key":"EssenceOfSteel"},{"floor":13,"key":"Dexterity Potion"}],"is_trial":false,"path_per_floor":["M","?","$","?","?","E","R","?","T","R","M","M","E","M","R","B"],"character_chosen":"IRONCLAD","items_purchased":["Clothesline","True Grit"],"campfire_rested":0,"item_purchase_floors":[3,3],"current_hp_per_floor":[65,65,65,65,52,42,42,31,31,31,33,36,36,29,29,0,0],"gold":313,"neow_bonus":"ONE_RARE_RELIC","is_daily":false,"chose_seed":false,"campfire_upgraded":3,"win_rate":0.0,"timestamp":1612856559,"path_taken":["M","?","$","?","?","E","R","?","T","R","M","M","E","M","R","BOSS"],"items_purchased_type":["Card","Card"],"build_version":"2020-12-22","purchased_purges":0,"victory":false,"max_hp_per_floor":[72,72,72,67,67,67,67,67,67,67,67,67,67,67,67,67,67],"card_choices":[{"not_picked":["Twin Strike","Cleave"],"picked":"Headbutt","floor":1},{"not_picked":["Hemokinesis","Bloodletting"],"picked":"Battle Trance","floor":6},{"not_picked":["Anger","Flex"],"picked":"Pommel Strike","floor":11},{"not_picked":["Heavy Blade","Spot Weakness"],"picked":"Armaments","floor":12},{"not_picked":["Sever Soul","Bloodletting"],"picked":"Uppercut","floor":13},{"not_picked":["Feel No Pain","Headbutt"],"picked":"Thunderclap","floor":14}],"player_experience":727510,"relics_obtained":[{"floor":6,"key":"Kunai"},{"floor":9,"key":"Smiling Mask"},{"floor":13,"key":"CeramicFish"}],"event_choices":[{"damage_healed":0,"gold_gain":0,"cards_transformed":["Strike_R"],"player_choice":"Change","damage_taken":0,"max_hp_gain":0,"max_hp_loss":0,"event_name":"Living Wall","floor":2,"gold_loss":0,"cards_obtained":["Dropkick"]},{"damage_healed":0,"gold_gain":0,"player_choice":"Lose Max HP","damage_taken":0,"relics_obtained":["Golden Idol"],"max_hp_gain":0,"max_hp_loss":5,"event_name":"Golden Idol","floor":4,"gold_loss":0},{"damage_healed":0,"gold_gain":0,"player_choice":"Entered Light","damage_taken":13,"max_hp_gain":0,"max_hp_loss":0,"event_name":"Shining Light","floor":5,"gold_loss":0,"cards_upgraded":["Strike_R","Bash"]},{"damage_healed":0,"gold_gain":75,"player_choice":"Gather Gold","damage_taken":11,"max_hp_gain":0,"max_hp_loss":0,"event_name":"World of Goop","floor":8,"gold_loss":0}],"is_beta":false,"boss_relics":[],"items_purged_floors":[],"is_endless":false,"potions_floor_spawned":[6,12,13],"killed_by":"The Guardian","ascension_level":10}}