{"host":"l15sdf2mmi0nobpi","time":1612868673,"event":{"mods":["ATMod(°¢èªMod)","BaseMod","Highlight Path","Minty Spire (QoL Compilation)","Quick Restart","StSLib","The Runesmith","¡¾¹¦ÄÜMod¡¿Neow½±Àø"],"gold_per_floor":[114,114,114,114,14,45,45,45,69,102,102,150,150,185,185,286,286,273,299,299,224,237,237,254,254,254],"floor_reached":25,"language":"ZHS","playtime":782,"items_purged":["Runesmith:Strike_RS"],"score":360,"play_id":"4053d94c-75ff-4130-b770-15957ff7e2d8","local_time":"20210209190433","is_ascension_mode":true,"campfire_choices":[{"data":"AT_RealColorLess","floor":7.0,"key":"SMITH"},{"data":"Runesmith:LithiumIon","floor":11.0,"key":"SMITH"},{"data":"Runesmith:Fortify","floor":15.0,"key":"SMITH"},{"floor":23.0,"key":"RECALL"}],"circlet_count":0,"master_deck":["Runesmith:Strike_RS","Runesmith:Strike_RS","Runesmith:Defend_RS","Runesmith:Defend_RS","Runesmith:Defend_RS","Runesmith:Defend_RS","Runesmith:CraftFirestone","Runesmith:Fortify+1","AT_RealColorLess+1","Runesmith:LithiumIon+1","Runesmith:Repurpose","Runesmith:CraftProtectio","Runesmith:CreatorForm","Runesmith:EarthShield","Runesmith:LithiumIon+1"],"relics":["Runesmith:BrokenRuby","AT_ATBox","NeowsBlessing","Incense Burner","The Courier","Juzu Bracelet","Anchor","Akabeko","AT_ForceNature","Fusion Hammer","Regal Pillow"],"acts_visited":["Exordium","TheCity"],"potions_floor_usage":[],"damage_taken":[{"damage":0.0,"enemies":"Cultist","floor":1.0,"turns":1.0},{"damage":0.0,"enemies":"3 Sentries","floor":6.0,"turns":2.0},{"damage":0.0,"enemies":"Lagavulin","floor":10.0,"turns":1.0},{"damage":0.0,"enemies":"3 Sentries","floor":14.0,"turns":8.0},{"damage":12.0,"enemies":"Slime Boss","floor":16.0,"turns":10.0},{"damage":11.0,"enemies":"2 Thieves","floor":18.0,"turns":4.0},{"damage":7.0,"enemies":"Spheric Guardian","floor":22.0,"turns":5.0},{"damage":14.0,"enemies":"Snake Plant","floor":24.0,"turns":6.0},{"damage":35,"enemies":"Gremlin Leader","floor":25,"turns":5}],"seed_played":"3027979360659206435","potions_obtained":[{"floor":6.0,"key":"DistilledChaos"},{"floor":16.0,"key":"Swift Potion"},{"floor":22.0,"key":"ColorlessPotion"}],"is_trial":false,"path_per_floor":["M","?","?","?","$","E","R","$","T","E","R","T","?","E","R","B",null,"M","T","?","?","M","R","M","E"],"character_chosen":"RUNESMITH_CLASS","items_purchased":["Runesmith:Repurpose"],"campfire_rested":0,"item_purchase_floors":[5],"current_hp_per_floor":[70,63,63,56,56,56,56,56,56,56,56,56,56,56,56,44,64,53,53,53,53,46,46,32,0,0],"gold":254,"neow_bonus":"THREE_ENEMY_KILL","is_daily":false,"chose_seed":false,"campfire_upgraded":3,"win_rate":0.0,"timestamp":1612868673,"path_taken":["M","?","?","?","$","E","R","$","T","E","R","?","?","E","R","BOSS","M","?","?","?","M","R","M","E"],"items_purchased_type":["Card"],"build_version":"2020-12-22","purchased_purges":1,"victory":false,"max_hp_per_floor":[70,70,70,70,70,70,70,70,70,70,70,70,70,70,70,70,70,70,70,70,70,70,70,70,70,70],"card_choices":[{"not_picked":["Runesmith:Grindstone","Runesmith:CraftMagma"],"picked":"Runesmith:LithiumIon","floor":1.0},{"not_picked":["Runesmith:ChiselStab","Runesmith:RuneHurl"],"picked":"Runesmith:CraftProtectio","floor":6.0},{"not_picked":["Runesmith:FissionHammer","Runesmith:StaticCage","Runesmith:Terraform"],"picked":"SKIP","floor":10.0},{"not_picked":["Runesmith:GenerateForcefield","Runesmith:MakeshiftArmor","Runesmith:ArcReactor"],"picked":"SKIP","floor":14.0},{"not_picked":["Runesmith:LastStand","Runesmith:Supernova"],"picked":"Runesmith:CreatorForm","floor":16.0},{"not_picked":["Runesmith:ChiselStab","Runesmith:FrozenChisel"],"picked":"Runesmith:EarthShield","floor":18.0},{"not_picked":["Runesmith:Attraction","Runesmith:ShiftingStrike+1","Runesmith:Refine"],"picked":"SKIP","floor":22.0},{"not_picked":["Runesmith:HammerThrow+1","Runesmith:EarthShield","Runesmith:UnstableHammer"],"picked":"SKIP","floor":24.0},{"not_picked":["Runesmith:HammerThrow+1","Runesmith:EarthShield","Runesmith:UnstableHammer"],"picked":"SKIP","floor":24.0}],"player_experience":580454,"relics_obtained":[{"floor":6.0,"key":"Juzu Bracelet"},{"floor":10.0,"key":"Anchor"},{"floor":12.0,"key":"Akabeko"},{"floor":14.0,"key":"AT_ForceNature"},{"floor":19.0,"key":"Regal Pillow"}],"event_choices":[{"damage_healed":0.0,"max_hp_gain":0.0,"max_hp_loss":0.0,"gold_gain":0.0,"event_name":"Scrap Ooze","player_choice":"Success","floor":2.0,"gold_loss":0.0,"damage_taken":7.0,"relics_obtained":["Incense Burner"]},{"damage_healed":0.0,"max_hp_gain":0.0,"max_hp_loss":0.0,"gold_gain":0.0,"event_name":"Big Fish","player_choice":"Box","floor":3.0,"gold_loss":0.0,"damage_taken":0.0,"relics_obtained":["The Courier"],"cards_obtained":["Regret"]},{"cards_removed":["Regret"],"damage_healed":0.0,"max_hp_gain":0.0,"max_hp_loss":0.0,"gold_gain":0.0,"event_name":"Golden Wing","player_choice":"Card Removal","floor":4.0,"gold_loss":0.0,"damage_taken":7.0},{"damage_healed":0.0,"max_hp_gain":0.0,"max_hp_loss":0.0,"gold_gain":0.0,"event_name":"The Woman in Blue","player_choice":"Bought 0 Potions","floor":13.0,"gold_loss":0.0,"damage_taken":0.0},{"damage_healed":0.0,"max_hp_gain":0.0,"max_hp_loss":0.0,"gold_gain":0.0,"event_name":"Duplicator","player_choice":"Copied","floor":20.0,"gold_loss":0.0,"damage_taken":0.0,"cards_obtained":["Runesmith:LithiumIon"]},{"cards_removed":["Runesmith:Strike_RS"],"damage_healed":0.0,"max_hp_gain":0.0,"max_hp_loss":0.0,"gold_gain":0.0,"event_name":"Beggar","player_choice":"Gave Gold","floor":21.0,"gold_loss":75.0,"damage_taken":0.0}],"is_beta":false,"boss_relics":[{"not_picked":["SlaversCollar","Ectoplasm"],"picked":"Fusion Hammer"}],"items_purged_floors":[5],"is_endless":false,"potions_floor_spawned":[6,16,22],"killed_by":"Gremlin Leader","ascension_level":5}}