{"host":"if46sxignvy4ka0k","time":1612907015,"event":{"mods":["BaseMod","Minty Spire (QoL Compilation)","StSLib","The Cursed"],"gold_per_floor":[116,116,86,102,117,142,161,161,212,228,254,10,10,24,24,126,126,142,142,142,162,176,202,222,232,258,258,268,301,316,316,316,413,413,428,95,109,120,135,160,160,195,220,237,237,253,253,268,268,268,268,268,18,53,53,53],"floor_reached":55,"language":"ENG","playtime":3468,"items_purged":["Pain"],"score":810,"play_id":"20550e27-2d50-4473-a54b-b66b38c020c1","local_time":"20210209154335","is_ascension_mode":false,"campfire_choices":[{"data":"Choke","floor":8.0,"key":"SMITH"},{"floor":13.0,"key":"REST"},{"data":"Caltrops","floor":15.0,"key":"SMITH"},{"floor":27.0,"key":"REST"},{"data":"Panache","floor":32.0,"key":"SMITH"},{"data":"Blade Dance","floor":41,"key":"SMITH"},{"floor":45,"key":"RECALL"},{"floor":49,"key":"REST"},{"data":"Caltrops","floor":52,"key":"SMITH"}],"circlet_count":0,"master_deck":["Strike_G","Strike_G","Strike_G","Strike_G","Strike_G","Defend_G","Defend_G","Defend_G","Defend_G","Defend_G","Survivor","Neutralize","Infinite Blades","Blade Dance","Caltrops+1","Caltrops+1","Choke+1","Blade Dance+1","Accuracy","Panache+1","Accuracy","Deflect","Phantasmal Killer","Dodge and Roll+1","Cloak And Dagger","Slice","Accuracy+1","Bullet Time","Leg Sweep+1","Blade Dance","Outmaneuver+1","Writhe","Footwork","Footwork","Slice+1","Blade Dance","Parasite","Footwork+1","PiercingWail","Prepared"],"relics":["Ring of the Serpent","NeowsBlessing","Pear","Juzu Bracelet","Strawberry","Bag of Preparation","WristBlade","Enchiridion","CultistMask","Bottled Tornado","Blood Vial","StoneCalendar","Letter Opener","Ninja Scroll","Nunchaku","Gambling Chip","WarpedTongs","Gremlin Horn"],"acts_visited":["Exordium","TheCity","TheBeyond","TheEnding"],"potions_floor_usage":[35,40,42,44,50,54,55,55,55],"damage_taken":[{"damage":0.0,"enemies":"Jaw Worm","floor":1.0,"turns":1.0},{"damage":0.0,"enemies":"Cultist","floor":4.0,"turns":1.0},{"damage":0.0,"enemies":"Small Slimes","floor":5.0,"turns":1.0},{"damage":4.0,"enemies":"Gremlin Nob","floor":6.0,"turns":3.0},{"damage":14.0,"enemies":"Blue Slaver","floor":7.0,"turns":4.0},{"damage":0.0,"enemies":"Gremlin Gang","floor":10.0,"turns":2.0},{"damage":26.0,"enemies":"Lagavulin","floor":11.0,"turns":6.0},{"damage":10.0,"enemies":"Looter","floor":14.0,"turns":2.0},{"damage":45.0,"enemies":"The Guardian","floor":16.0,"turns":8.0},{"damage":22.0,"enemies":"2 Thieves","floor":18.0,"turns":2.0},{"damage":12.0,"enemies":"Shell Parasite","floor":21.0,"turns":2.0},{"damage":3.0,"enemies":"Snake Plant","floor":22.0,"turns":4.0},{"damage":16.0,"enemies":"Gremlin Leader","floor":23.0,"turns":5.0},{"damage":7.0,"enemies":"3 Cultists","floor":24.0,"turns":4.0},{"damage":4.0,"enemies":"Sentry and Sphere","floor":25.0,"turns":3.0},{"damage":0.0,"enemies":"Chosen and Byrds","floor":28.0,"turns":3.0},{"damage":1.0,"enemies":"Slavers","floor":29.0,"turns":3.0},{"damage":2.0,"enemies":"Snecko","floor":30.0,"turns":5.0},{"damage":36.0,"enemies":"Collector","floor":33.0,"turns":4.0},{"damage":7,"enemies":"Orb Walker","floor":35,"turns":4},{"damage":0,"enemies":"3 Shapes","floor":37,"turns":1},{"damage":0,"enemies":"Sphere and 2 Shapes","floor":38,"turns":2},{"damage":5,"enemies":"Maw","floor":39,"turns":5},{"damage":18,"enemies":"Giant Head","floor":40,"turns":5},{"damage":18,"enemies":"Nemesis","floor":42,"turns":5},{"damage":0,"enemies":"Spire Growth","floor":44,"turns":2},{"damage":1,"enemies":"Writhing Mass","floor":46,"turns":4},{"damage":0,"enemies":"Sphere and 2 Shapes","floor":48,"turns":1},{"damage":75,"enemies":"Time Eater","floor":50,"turns":9},{"damage":37,"enemies":"Shield and Spear","floor":54,"turns":6},{"damage":103,"enemies":"The Heart","floor":55,"turns":5}],"seed_played":"-3471138230780361113","potions_obtained":[{"floor":1.0,"key":"Fruit Juice"},{"floor":3.0,"key":"AttackPotion"},{"floor":3.0,"key":"ColorlessPotion"},{"floor":4.0,"key":"CultistPotion"},{"floor":6.0,"key":"Fire Potion"},{"floor":7.0,"key":"Explosive Potion"},{"floor":21.0,"key":"Fruit Juice"},{"floor":22.0,"key":"GamblersBrew"},{"floor":25.0,"key":"SpeedPotion"},{"floor":29.0,"key":"DistilledChaos"},{"floor":35,"key":"ColorlessPotion"},{"floor":37,"key":"Fire Potion"},{"floor":40,"key":"EssenceOfSteel"},{"floor":42,"key":"Swift Potion"},{"floor":54,"key":"Poison Potion"}],"is_trial":false,"path_per_floor":["M","?","?","M","M","E","M","R","T","M","E","$","R","M","R","B",null,"M","?","?","M","M","E","M","M","T","R","M","E","M","?","R","B",null,"M","$","M","M","M","E","R","E","T","M","R","M","?","M","R","B",null,"R","$","E","B"],"character_chosen":"THE_SILENT","items_purchased":["Panache","Accuracy","Ninja Scroll","Footwork","LiquidBronze","Regen Potion","PiercingWail"],"campfire_rested":3,"item_purchase_floors":[12,12,36,36,53,53,53],"current_hp_per_floor":[70,77,77,82,82,78,64,64,71,71,45,45,72,62,62,17,92,70,54,54,47,44,28,21,17,17,46,48,49,49,49,49,15,97,90,90,92,94,91,75,75,59,59,61,61,62,62,64,93,20,97,97,97,60,0,0],"gold":53,"neow_bonus":"THREE_ENEMY_KILL","is_daily":false,"chose_seed":false,"campfire_upgraded":5,"win_rate":0.0,"timestamp":1612907015,"path_taken":["M","?","?","?","M","E","M","R","T","M","E","?","R","M","R","BOSS","M","?","?","M","M","E","M","M","T","R","M","E","M","?","R","BOSS","M","$","M","M","M","E","R","E","T","M","R","M","?","M","R","BOSS","R","$","E","BOSS"],"items_purchased_type":["Card","Card","Relic","Card","Potion","Potion","Card"],"build_version":"2020-12-22","purchased_purges":1,"victory":false,"max_hp_per_floor":[70,80,80,85,85,85,85,85,92,92,92,92,92,92,92,92,92,92,92,92,97,97,97,97,97,97,97,97,97,97,97,97,97,97,97,97,97,97,97,97,97,97,97,97,97,97,97,97,97,97,97,97,97,97,97,97],"card_choices":[{"not_picked":["Quick Slash","All Out Attack"],"picked":"Infinite Blades","floor":1.0},{"not_picked":["Underhanded Strike","Masterful Stab"],"picked":"Blade Dance","floor":4.0},{"not_picked":["Heel Hook","Crippling Poison"],"picked":"Caltrops","floor":5.0},{"not_picked":["Finisher","Infinite Blades"],"picked":"Caltrops","floor":6.0},{"not_picked":["Acrobatics","Blade Dance"],"picked":"Choke","floor":7.0},{"not_picked":["Slice","Deflect"],"picked":"Blade Dance","floor":10.0},{"not_picked":["Quick Slash","Footwork"],"picked":"Accuracy","floor":11.0},{"not_picked":["Dagger Spray","Bane"],"picked":"Deflect","floor":14.0},{"not_picked":["Glass Knife","Corpse Explosion"],"picked":"Phantasmal Killer","floor":16.0},{"not_picked":["Calculated Gamble","Heel Hook"],"picked":"Dodge and Roll+1","floor":18.0},{"not_picked":["Quick Slash","Dagger Spray+1","Underhanded Strike+1"],"picked":"SKIP","floor":21.0},{"not_picked":["Distraction","Reflex"],"picked":"Cloak And Dagger","floor":22.0},{"not_picked":["Dagger Throw","Sucker Punch"],"picked":"Slice","floor":23.0},{"not_picked":["Slice","Outmaneuver"],"picked":"Accuracy+1","floor":24.0},{"not_picked":["Quick Slash","Dagger Throw"],"picked":"Bullet Time","floor":25.0},{"not_picked":["Escape Plan","PiercingWail+1"],"picked":"Leg Sweep+1","floor":28.0},{"not_picked":["Bane","Bouncing Flask"],"picked":"Blade Dance","floor":29.0},{"not_picked":["Backflip+1","Wraith Form v2"],"picked":"Outmaneuver+1","floor":30.0},{"not_picked":["Underhanded Strike+1","Deadly Poison"],"picked":"Footwork","floor":35},{"not_picked":["Dagger Throw+1","Dash+1"],"picked":"Slice+1","floor":37},{"not_picked":["Sucker Punch+1","Acrobatics+1","Noxious Fumes"],"picked":"SKIP","floor":38},{"not_picked":["Predator","Reflex+1","All Out Attack+1"],"picked":"SKIP","floor":39},{"not_picked":["Underhanded Strike","Expertise+1","Glass Knife"],"picked":"SKIP","floor":40},{"not_picked":["Predator","Tools of the Trade"],"picked":"Blade Dance","floor":42},{"not_picked":["Sucker Punch+1","PiercingWail","Bane+1"],"picked":"SKIP","floor":44},{"not_picked":["Deadly Poison","Heel Hook+1"],"picked":"Footwork+1","floor":46},{"not_picked":["Crippling Poison","Quick Slash+1","Sucker Punch"],"picked":"SKIP","floor":48},{"not_picked":["Deadly Poison+1","Heel Hook+1"],"picked":"Prepared","floor":54}],"player_experience":2149362,"relics_obtained":[{"floor":6.0,"key":"Juzu Bracelet"},{"floor":9.0,"key":"Strawberry"},{"floor":11.0,"key":"Bag of Preparation"},{"floor":19.0,"key":"Enchiridion"},{"floor":23.0,"key":"Bottled Tornado"},{"floor":26.0,"key":"Blood Vial"},{"floor":29.0,"key":"StoneCalendar"},{"floor":40,"key":"Nunchaku"},{"floor":42,"key":"Gambling Chip"},{"floor":54,"key":"Gremlin Horn"}],"event_choices":[{"damage_healed":0.0,"max_hp_gain":0.0,"max_hp_loss":0.0,"gold_gain":0.0,"event_name":"Scrap Ooze","player_choice":"Success","floor":2.0,"gold_loss":0.0,"damage_taken":3.0,"relics_obtained":["Pear"]},{"damage_healed":0.0,"max_hp_gain":0.0,"max_hp_loss":0.0,"gold_gain":0.0,"event_name":"The Woman in Blue","player_choice":"Bought 2 Potions","floor":3.0,"gold_loss":0.0,"damage_taken":0.0},{"damage_healed":0.0,"max_hp_gain":0.0,"max_hp_loss":0.0,"gold_gain":0.0,"event_name":"Cursed Tome","player_choice":"Obtained Book","floor":19.0,"gold_loss":0.0,"damage_taken":16.0},{"damage_healed":0.0,"max_hp_gain":0.0,"max_hp_loss":0.0,"gold_gain":0.0,"event_name":"FaceTrader","player_choice":"Trade","floor":20.0,"gold_loss":0.0,"damage_taken":0.0,"relics_obtained":["CultistMask"]},{"damage_healed":0.0,"max_hp_gain":0.0,"max_hp_loss":0.0,"gold_gain":0.0,"event_name":"The Mausoleum","player_choice":"Opened","floor":31.0,"gold_loss":0.0,"damage_taken":0.0,"relics_obtained":["Letter Opener"],"cards_obtained":["Writhe"]},{"damage_healed":0,"gold_gain":0,"player_choice":"Rummage","damage_taken":0,"relics_obtained":["WarpedTongs"],"max_hp_gain":0,"max_hp_loss":0,"event_name":"Accursed Blacksmith","floor":47,"gold_loss":0,"cards_obtained":["Pain"]}],"is_beta":false,"boss_relics":[{"not_picked":["Busted Crown","SlaversCollar"],"picked":"WristBlade"},{"not_picked":["SacredBark","Black Star"],"picked":"Ring of the Serpent"}],"items_purged_floors":[53],"is_endless":false,"potions_floor_spawned":[1,4,6,7,21,22,25,29,30,35,37,39,40,42,54],"killed_by":"The Heart","ascension_level":0}}