{"host":"lddajdu6cqgaqcx3","time":1612888557,"event":{"mods":["Act Like it!","BaseMod","Bossed Relics","Colored Map","Downfall","Gensokyo","Marisa£®ÏF”Í°°ƒß¿Ì…≥£©","Minty Spire (QoL Compilation)","Reimu£®≤©¿ˆ¡È√Œ£©","Remilia£®¿Ÿ√◊¿Ú—«£©","Replay The Spire","StSLib"],"gold_per_floor":[99,109,124,138,154,185,185,185,61,92,118,118,118,449,463,565,565,565,582,600,616,74,105,105,105,132,144,166,178,96,108,119,216,216,216,231,45,65,84,100,123,135,135,135,135],"floor_reached":44,"language":"ZHS","playtime":1611,"items_purged":["Defend_RM","Defend_RM","downfall:Bewildered","RedMoon"],"score":794,"play_id":"53d7f5a8-b418-452b-ac34-c1e8961c7329","local_time":"20210210003557","is_ascension_mode":true,"campfire_choices":[{"data":"ScarletShoot","floor":1,"key":"SMITH"},{"data":"DiffusionOfMisfortune","floor":8,"key":"SMITH"},{"data":"NightDance","floor":13,"key":"SMITH"},{"data":"BloodyMagicSquare","floor":25,"key":"SMITH"},{"data":"NightDance","floor":27,"key":"SMITH"},{"floor":35,"key":"DIG"}],"circlet_count":0,"master_deck":["Strike_RM","Strike_RM","Strike_RM","Strike_RM","ScarletShoot+1","DiffusionOfMisfortune","UnderTheZenith","DiffusionOfMisfortune+1","NightDance+1","Stigmanizer","UnstableMagic","UnstableMagic","UnstableMagic","HunterOfTheNight","BlasphemousPunishment","NightDance+1","BloodyMagicSquare+1","ChaoticDestiny","QueenOfMidnight","VampirishNight+1","VampireKiss","VampireKiss","EternalNight","ReincarnationDial","BloodAndWine+1","NightDance+1","NightDance+1","SuperhumanBloodyKnife","EternalNight","SuperhumanBloodyKnife","BloodRain","AfternoonTea+1","ScarletCoffin","BlasphemousPunishment+1","BlasphemousPunishment+1","ScarletSymphony+1","CharismaGuard+1","NightLord+1","Wraith"],"relics":["ScarletHat","Ice Cream","Durian","TypeBBloodRedTea","ReplayFunnel","Old Coin","Philosopher\u0027s Stone","Onion Ring","Lantern","AntiCross","InkBottle","MawBank","sneckomod:BabySnecko","Strange Spoon","Replay:Bronze Core","Eternal Feather","Ancient Tea Set"],"acts_visited":["Gensokyo:Gensokyo","TheCity","TheBeyond"],"potions_floor_usage":[22,33,33,33],"damage_taken":[{"damage":1,"enemies":"Gensokyo:3_Fairies","floor":2,"turns":3},{"damage":0,"enemies":"Gensokyo:Gryphon","floor":3,"turns":2},{"damage":6,"enemies":"Gensokyo:2_Kodama","floor":4,"turns":4},{"damage":0,"enemies":"Gensokyo:VengefulSpirit","floor":5,"turns":3},{"damage":3,"enemies":"Gensokyo:Aya","floor":6,"turns":6},{"damage":0,"enemies":"downfall:FleeingMerchant","floor":9,"turns":4},{"damage":0,"enemies":"Gensokyo:Cirno","floor":10,"turns":6},{"damage":0,"enemies":"Gensokyo:Aya","floor":11,"turns":4},{"damage":0,"enemies":"Gensokyo:Aya","floor":14,"turns":3},{"damage":6,"enemies":"Gensokyo:CorruptedTreant","floor":15,"turns":5},{"damage":51,"enemies":"IC_STATUS_ARCHETYPE","floor":16,"turns":4},{"damage":0,"enemies":"Spheric Guardian","floor":19,"turns":1},{"damage":13,"enemies":"Chosen","floor":20,"turns":3},{"damage":50,"enemies":"3 Cultists","floor":21,"turns":3},{"damage":47,"enemies":"downfall:FleeingMerchant","floor":22,"turns":4},{"damage":0,"enemies":"Slavers","floor":23,"turns":1},{"damage":40,"enemies":"Gremlin Leader","floor":26,"turns":2},{"damage":33,"enemies":"Snecko","floor":28,"turns":1},{"damage":22,"enemies":"downfall:FleeingMerchant","floor":30,"turns":1},{"damage":13,"enemies":"Centurion and Healer","floor":31,"turns":2},{"damage":17,"enemies":"Cultist and Chosen","floor":32,"turns":2},{"damage":32,"enemies":"WA_ARCHETYPE_CALM","floor":33,"turns":2},{"damage":40,"enemies":"3 Darklings","floor":36,"turns":2},{"damage":34,"enemies":"3 Shapes","floor":38,"turns":2},{"damage":23,"enemies":"Jaw Worm Horde","floor":39,"turns":2},{"damage":29,"enemies":"Maw","floor":40,"turns":3},{"damage":74,"enemies":"4 Shapes","floor":42,"turns":3},{"damage":7,"enemies":"Transient","floor":44,"turns":2}],"seed_played":"1507650795704181238","potions_obtained":[{"floor":3,"key":"ZuzhouPotion:ReiMu"},{"floor":4,"key":"GrandPatriotsElixir:ReiMu"},{"floor":5,"key":"DestinyDice"},{"floor":10,"key":"DuplicationPotion"},{"floor":19,"key":"CultistPotion"},{"floor":23,"key":"Dexterity Potion"},{"floor":31,"key":"Swift Potion"},{"floor":32,"key":"Ancient Potion"},{"floor":33,"key":"Regen Potion"},{"floor":38,"key":"PowerPotion"},{"floor":39,"key":"SpeedPotion"}],"is_trial":false,"path_per_floor":["R","M","M","M","M","E","T","R","$","E","?","?","R","E","M","B",null,"R_BF","M","M","M","$","E","T","R","E","R","M","?","$","M","M","B",null,"R_BF","M","$","M","M","M","T","M","?","M"],"character_chosen":"REMILIA","items_purchased":["UnstableMagic","Onion Ring","Lantern","ReincarnationDial","EternalNight","Strange Spoon","SuperhumanBloodyKnife","BlasphemousPunishment+1"],"campfire_rested":0,"item_purchase_floors":[9,22,22,22,30,30,30,37],"current_hp_per_floor":[75,74,74,68,70,69,74,74,75,77,80,72,72,75,72,31,80,80,80,76,80,57,76,76,76,63,63,41,41,23,31,40,50,80,80,44,44,43,50,73,73,4,4,0,0],"gold":135,"neow_bonus":"REMOVE_CARD","is_daily":false,"chose_seed":false,"campfire_upgraded":5,"win_rate":0.0,"timestamp":1612888557,"path_taken":["R","M","M","M","M","E","T","R","$","E","?","?","R","E","M","BOSS","R_BF","M","M","M","$","E","T","R","E","R","M","?","$","M","M","BOSS","R_BF","M","$","M","M","M","T","M","?","M"],"items_purchased_type":["Card","Relic","Relic","Card","Card","Relic","Card","Card"],"build_version":"2020-12-22","purchased_purges":4,"victory":false,"max_hp_per_floor":[75,75,75,75,75,75,80,80,80,80,80,80,80,80,80,80,80,80,80,80,80,80,80,80,80,80,80,80,80,80,80,80,80,80,80,80,80,80,80,80,80,80,80,80,80],"card_choices":[{"not_picked":["NightLord","LeisurelyOfLord"],"picked":"DiffusionOfMisfortune","floor":2},{"not_picked":["EndlessAdversity","ScarletDevil"],"picked":"UnderTheZenith","floor":3},{"not_picked":["QueenOfMidnight","StarOfDavid"],"picked":"DiffusionOfMisfortune","floor":4},{"not_picked":["TwelveNightmare","StarOfDavid"],"picked":"NightDance","floor":5},{"not_picked":["UnderTheZenith","VampireSweep"],"picked":"Stigmanizer","floor":6},{"not_picked":["UltimateOffering","CharismaGuard"],"picked":"UnstableMagic","floor":9},{"not_picked":["VampireFantasy","RedNightlessCastle"],"picked":"HunterOfTheNight","floor":10},{"not_picked":["EndlessAdversity","LeisurelyOfLord"],"picked":"BlasphemousPunishment","floor":11},{"not_picked":["HeartBreak","BloodAndWine"],"picked":"NightDance","floor":14},{"not_picked":["MastersStateliness","BloodHunter"],"picked":"BloodyMagicSquare","floor":15},{"not_picked":["BloodyHallows","CeilingFear"],"picked":"ChaoticDestiny","floor":16},{"not_picked":["VampireSweep","BlasphemousPunishment"],"picked":"VampirishNight+1","floor":19},{"not_picked":["UnderTheZenith","ChainGang"],"picked":"VampireKiss","floor":20},{"not_picked":["ForbiddenFruit","NightDance"],"picked":"VampireKiss","floor":21},{"not_picked":["StarOfDavid","ScarletSymphony"],"picked":"EternalNight","floor":22},{"not_picked":["ScarletNetherworld","DevilSight+1"],"picked":"BloodAndWine+1","floor":23},{"not_picked":["BatForm","UnderTheZenith+1"],"picked":"NightDance","floor":26},{"not_picked":["ScarletSymphony","DiffusionOfMisfortune"],"picked":"NightDance+1","floor":28},{"not_picked":["RedMagic","MastersStateliness"],"picked":"SuperhumanBloodyKnife","floor":30},{"not_picked":["VampireFantasy","RedRainbow"],"picked":"BloodRain","floor":31},{"not_picked":["NightDance","Ultimatum"],"picked":"AfternoonTea+1","floor":32},{"not_picked":["DemonKingCradle","QueenOfMidnight"],"picked":"ScarletCoffin","floor":33},{"not_picked":["Stigmanizer+1","FavorOfDestiny+1"],"picked":"BlasphemousPunishment+1","floor":36},{"not_picked":["StarOfDavid","Ultimatum+1"],"picked":"ScarletSymphony+1","floor":38},{"not_picked":["RedMagic+1","UnderTheZenith+1"],"picked":"CharismaGuard+1","floor":39},{"not_picked":["ScarletNetherworld+1","AfternoonTea"],"picked":"NightLord+1","floor":40},{"not_picked":["GlobalNightmare","RedNightlessCastle","Maim"],"picked":"SKIP","floor":42}],"player_experience":19298,"relics_obtained":[{"floor":6,"key":"Ice Cream"},{"floor":7,"key":"Durian"},{"floor":10,"key":"TypeBBloodRedTea"},{"floor":11,"key":"ReplayFunnel"},{"floor":14,"key":"Old Coin"},{"floor":23,"key":"AntiCross"},{"floor":24,"key":"InkBottle"},{"floor":26,"key":"MawBank"},{"floor":35,"key":"Eternal Feather"},{"floor":41,"key":"Ancient Tea Set"}],"event_choices":[{"damage_healed":0,"gold_gain":0,"player_choice":"Ignored","damage_taken":0,"max_hp_gain":0,"max_hp_loss":0,"event_name":"OrinTheCat","floor":43,"gold_loss":0}],"is_beta":false,"boss_relics":[{"not_picked":["Runic Dome","Painkiller Herb"],"picked":"Philosopher\u0027s Stone"},{"not_picked":["Replay:Ancient Bell","Busted Crown"],"picked":"Replay:Bronze Core"}],"items_purged_floors":[9,22,30,37],"is_endless":false,"potions_floor_spawned":[3,4,5,10,11,16,19,23,31,32,33,38,39],"killed_by":"Transient","ascension_level":2}}