{"host":"xp27heuvanyklt0b","time":1612853183,"event":{"mods":["100% Spire Juice","BaseMod","CapriCore","Koishi","Lobotomy","Minty Spire (QoL Compilation)","Prisma Mod","StSLib","The Immortal"],"gold_per_floor":[113,128,146,146,165,165,165,165],"floor_reached":7,"language":"KOR","playtime":222,"items_purged":[],"score":43,"play_id":"00db4c30-1230-4eac-a866-3415e26d6fe0","local_time":"20210209154623","is_ascension_mode":false,"campfire_choices":[{"data":"Shrug It Off","floor":6,"key":"SMITH"}],"circlet_count":0,"master_deck":["Strike_R","Strike_R","Strike_R","Strike_R","Strike_R","Defend_R","Defend_R","Defend_R","Defend_R","Bash","Infernal Blade+1","BeautyBeast","BigBadWolf","Thunderclap","PunishingBird","Shrug It Off+1","Scorched"],"relics":["Burning Blood","CogitoBucket"],"acts_visited":["Exordium"],"potions_floor_usage":[],"damage_taken":[{"damage":0,"enemies":"2 Louse","floor":1,"turns":3},{"damage":0,"enemies":"Jaw Worm","floor":2,"turns":3},{"damage":1,"enemies":"Cultist","floor":3,"turns":3},{"damage":15,"enemies":"Exordium Thugs","floor":5,"turns":3},{"damage":89,"enemies":"Gremlin Nob","floor":7,"turns":1}],"seed_played":"-7755569297573079927","potions_obtained":[{"floor":5,"key":"SpeedPotion"}],"is_trial":false,"path_per_floor":["M","M","M","?","M","R","E"],"character_chosen":"IRONCLAD","items_purchased":[],"campfire_rested":0,"item_purchase_floors":[],"current_hp_per_floor":[80,80,80,80,71,71,0,0],"gold":165,"neow_bonus":"","is_daily":false,"chose_seed":false,"campfire_upgraded":1,"win_rate":0.0,"timestamp":1612853183,"path_taken":["M","M","M","?","M","R","E"],"items_purchased_type":[],"build_version":"2020-12-22","purchased_purges":0,"victory":false,"max_hp_per_floor":[80,80,80,80,80,80,80,80],"card_choices":[{"not_picked":["Rage","Thunderclap"],"picked":"Infernal Blade","floor":1},{"not_picked":["RedShoes","SpiderBud"],"picked":"BeautyBeast","floor":1},{"not_picked":["Shockwave","Flex"],"picked":"Immolate","floor":2},{"not_picked":["QueenBee","MeatLantern"],"picked":"BigBadWolf","floor":2},{"not_picked":["Clash","Armaments"],"picked":"Thunderclap","floor":3},{"not_picked":["OldLady","VoidDream"],"picked":"PunishingBird","floor":3},{"not_picked":["Twin Strike","Uppercut"],"picked":"Shrug It Off","floor":5},{"not_picked":["BlackArmy","CherryBlossoms"],"picked":"Scorched","floor":5}],"player_experience":185784,"relics_obtained":[],"event_choices":[{"damage_healed":0,"gold_gain":0,"player_choice":"Grow","damage_taken":0,"max_hp_gain":0,"max_hp_loss":0,"event_name":"Living Wall","floor":4,"gold_loss":0,"cards_upgraded":["Infernal Blade"]}],"is_beta":false,"boss_relics":[],"items_purged_floors":[],"is_endless":false,"potions_floor_spawned":[5],"killed_by":"Gremlin Nob","ascension_level":0}}