{"host":"824exx23qlyrdtjz","time":1612897218,"event":{"mods":["BaseMod","Colored Map","Downfall","Minty Spire (QoL Compilation)","StSLib"],"gold_per_floor":[99,115,125,125,139,151,222,222,249,249,259,259,259,272,283,388,388,388,398,417,430,430,430,430],"floor_reached":22,"language":"ENG","playtime":773,"items_purged":[],"score":190,"play_id":"9bfe90fd-0984-4bfb-9562-779311e0028c","local_time":"20210209140018","is_ascension_mode":false,"campfire_choices":[{"data":"bronze:Replicate","floor":1,"key":"SMITH"},{"data":"bronze:Separator","floor":8,"key":"SMITH"},{"data":"bronze:Shell","floor":8,"key":"SMITH"},{"floor":18,"key":"RECALL"}],"circlet_count":0,"master_deck":["bronze:Strike","bronze:Strike","bronze:Defend","bronze:Defend","bronze:Defend","bronze:Defend","bronze:Replicate+1","bronze:Goto","bronze:Separator+1","bronze:Shell+1","bronze:OilSpill","bronze:WildBeam","bronze:WhirlingStrike","bronze:Virus","bronze:CloningBeam","bronze:DelayedGuard","bronze:Shield"],"relics":["bronze:BronzeCore","Oddly Smooth Stone","Pear","Anchor","Sozu"],"acts_visited":["Exordium","TheCity"],"potions_floor_usage":[9,14,16,16],"damage_taken":[{"damage":2,"enemies":"Small Slimes","floor":2,"turns":3},{"damage":6,"enemies":"Cultist","floor":3,"turns":3},{"damage":1,"enemies":"2 Louse","floor":5,"turns":4},{"damage":11,"enemies":"Large Slime","floor":6,"turns":7},{"damage":24,"enemies":"Lagavulin","floor":9,"turns":4},{"damage":16,"enemies":"Exordium Thugs","floor":11,"turns":6},{"damage":0,"enemies":"Red Slaver","floor":14,"turns":4},{"damage":7,"enemies":"3 Louse","floor":15,"turns":3},{"damage":12,"enemies":"SI_SHIV_ARCHETYPE","floor":16,"turns":5},{"damage":26,"enemies":"Spheric Guardian","floor":19,"turns":4},{"damage":11,"enemies":"Snake Plant","floor":20,"turns":3},{"damage":14,"enemies":"Snecko","floor":21,"turns":4},{"damage":32,"enemies":"Sentry and Sphere","floor":22,"turns":5}],"seed_played":"2607676123552592953","potions_obtained":[{"floor":6,"key":"LiquidMemories"},{"floor":9,"key":"sneckomod:MuddlingPotion"},{"floor":11,"key":"Regen Potion"},{"floor":14,"key":"Weak Potion"},{"floor":16,"key":"SteroidPotion"}],"is_trial":false,"path_per_floor":["R","M","M","?","M","M","T","R","E","?","M","?","?","M","M","B",null,"R","M","M","M","M"],"character_chosen":"THE_AUTOMATON","items_purchased":[],"campfire_rested":0,"item_purchase_floors":[],"current_hp_per_floor":[70,68,62,62,61,50,60,60,36,36,20,20,20,32,25,13,80,80,54,43,29,0,0,0],"gold":430,"neow_bonus":"RANDOM_COMMON_RELIC","is_daily":false,"chose_seed":false,"campfire_upgraded":3,"win_rate":0.0,"timestamp":1612897218,"path_taken":["R","M","M","?","?","M","T","R","E","?","?","?","?","?","M","BOSS","R","M","M","M","M"],"items_purchased_type":[],"build_version":"2020-12-22","purchased_purges":0,"victory":false,"max_hp_per_floor":[70,70,70,70,70,70,80,80,80,80,80,80,80,80,80,80,80,80,80,80,80,80,80,80],"card_choices":[{"not_picked":["bronze:Frontload","bronze:BitShift"],"picked":"bronze:Separator","floor":2},{"not_picked":["bronze:DigitalCarnage","bronze:Overload","bronze:BronzeOrb"],"picked":"SKIP","floor":3},{"not_picked":["bronze:ItsAFeature","bronze:CutThrough"],"picked":"bronze:Shell","floor":5},{"not_picked":["bronze:Constructor","bronze:Overheat"],"picked":"bronze:OilSpill","floor":6},{"not_picked":["bronze:Overheat","bronze:ClassDefault","bronze:Invalidate"],"picked":"SKIP","floor":9},{"not_picked":["bronze:BronzeOrb","bronze:Turbo"],"picked":"bronze:WildBeam","floor":11},{"not_picked":["bronze:WildBeam","bronze:Return","bronze:BronzeOrb"],"picked":"SKIP","floor":14},{"not_picked":["bronze:Constructor","bronze:CutThrough"],"picked":"bronze:WhirlingStrike","floor":15},{"not_picked":["bronze:RecursiveStrike","bronze:SpaghettiCode"],"picked":"bronze:Virus","floor":16},{"not_picked":["bronze:Invalidate","bronze:Separator"],"picked":"bronze:CloningBeam","floor":19},{"not_picked":["bronze:Constructor","bronze:Overheat+1"],"picked":"bronze:DelayedGuard","floor":20},{"not_picked":["bronze:BugBarrage","bronze:Overheat+1"],"picked":"bronze:Shield","floor":21}],"player_experience":201943,"relics_obtained":[{"floor":7,"key":"Pear"},{"floor":9,"key":"Anchor"}],"event_choices":[{"cards_removed":["bronze:Strike"],"damage_healed":0,"gold_gain":0,"player_choice":"Forget","damage_taken":0,"max_hp_gain":0,"max_hp_loss":0,"event_name":"Living Wall","floor":12,"gold_loss":0},{"cards_removed":["bronze:Strike"],"damage_healed":0,"gold_gain":0,"player_choice":"Offered Basic","damage_taken":0,"max_hp_gain":0,"max_hp_loss":0,"event_name":"Bonfire Elementals","floor":13,"gold_loss":0}],"is_beta":false,"boss_relics":[{"not_picked":["bronze:PlatinumCore","Velvet Choker"],"picked":"Sozu"}],"items_purged_floors":[],"is_endless":false,"potions_floor_spawned":[6,9,11,14,16],"killed_by":"Sentry and Sphere","ascension_level":0}}