{"host":"lnnm69al9x392px5","time":1612859657,"event":{"mods":["BaseMod","Downfall","Minty Spire (QoL Compilation)","Reliquary","Replay The Spire","StSLib"],"gold_per_floor":[118,118,138,62,74,108,119,148,227,227,227,242,55,72,72,171,171,185,200,200,200,219,219,253,269,294,321,321,321,78,78,78,179,179,198,45,64,64,82,108,118,70,143,43,75,89,122,122,122,122,122,122,122,148,148,148],"floor_reached":55,"language":"ENG","playtime":2833,"items_purged":["Strike_P","Defend_P"],"score":755,"play_id":"b34bc6e5-5dbd-4e05-8f69-7afc3719c986","local_time":"20210209003417","is_ascension_mode":false,"campfire_choices":[{"data":"ForeignInfluence","floor":11,"key":"SMITH"},{"data":"Eruption","floor":15,"key":"SMITH"},{"data":"LessonLearned","floor":23,"key":"SMITH"},{"floor":29,"key":"REST"},{"floor":32,"key":"REST"},{"floor":49,"key":"RECALL"},{"data":"1","floor":52,"key":"LIFT"}],"circlet_count":0,"master_deck":["Strike_P+1","Strike_P+1","Defend_P","Defend_P+1","Defend_P","Eruption+1","Vigilance","SandsOfTime","Prostrate+1","Worship","EmptyFist","ForeignInfluence+1","CutThroughFate+1","Consecrate","Conclude","EmptyBody","LessonLearned+1","FlyingSleeves+1","Wireheading","SandsOfTime+1","Replay:Vibes","Nirvana","MasterReality","Prostrate+1","Judgement","FollowUp+1","Vengeance+1","Nirvana+1","FlurryOfBlows","DevaForm","Ragnarok"],"relics":["PureWater","reliquary:RosewoodLute","Nunchaku","Replay:Kaleidoscope","Meat on the Bone","PreservedInsect","Black Star","sneckomod:BabySnecko","Oddly Smooth Stone","Shuriken","Pet Ghost","Onion Ring","Anchor","Dead Branch","Ring of Chaos","Orrery","Girya","Whetstone","Mercury Hourglass","Turnip","Kunai","Juzu Bracelet","Damaru","reliquary:SilkGlove"],"acts_visited":["Exordium","TheCity","TheBeyond","TheEnding"],"potions_floor_usage":[6,18,25,27,33,40,40,47,50,54],"damage_taken":[{"damage":5,"enemies":"2 Louse","floor":1,"turns":4},{"damage":0,"enemies":"Cultist","floor":3,"turns":3},{"damage":0,"enemies":"Small Slimes","floor":5,"turns":2},{"damage":16,"enemies":"3 Sentries","floor":6,"turns":6},{"damage":12,"enemies":"Blue Slaver","floor":7,"turns":3},{"damage":9,"enemies":"Lagavulin","floor":8,"turns":6},{"damage":6,"enemies":"Looter","floor":12,"turns":3},{"damage":0,"enemies":"3 Louse","floor":14,"turns":1},{"damage":26,"enemies":"Hexaghost","floor":16,"turns":7},{"damage":11,"enemies":"Spheric Guardian","floor":18,"turns":5},{"damage":11,"enemies":"3 Byrds","floor":19,"turns":6},{"damage":21,"enemies":"Centurion and Healer","floor":22,"turns":4},{"damage":20,"enemies":"Book of Stabbing","floor":24,"turns":4},{"damage":22,"enemies":"Chosen and Byrds","floor":25,"turns":4},{"damage":15,"enemies":"Gremlin Leader","floor":27,"turns":4},{"damage":33,"enemies":"Champ","floor":33,"turns":10},{"damage":0,"enemies":"3 Shapes","floor":35,"turns":3},{"damage":23,"enemies":"3 Darklings","floor":37,"turns":4},{"damage":10,"enemies":"Spire Growth","floor":39,"turns":4},{"damage":17,"enemies":"Reptomancer","floor":40,"turns":4},{"damage":0,"enemies":"Maw","floor":41,"turns":7},{"damage":23,"enemies":"R_Hoarder","floor":45,"turns":5},{"damage":0,"enemies":"Jaw Worm Horde","floor":46,"turns":2},{"damage":33,"enemies":"Reptomancer","floor":47,"turns":4},{"damage":30,"enemies":"Time Eater","floor":50,"turns":6},{"damage":20,"enemies":"Shield and Spear","floor":54,"turns":5},{"damage":138,"enemies":"The Heart","floor":55,"turns":3}],"seed_played":"246910289980538268","potions_obtained":[{"floor":1,"key":"Strength Potion"},{"floor":8,"key":"Block Potion"},{"floor":10,"key":"StancePotion"},{"floor":10,"key":"Ambrosia"},{"floor":19,"key":"Death Potion"},{"floor":24,"key":"FearPotion"},{"floor":35,"key":"AttackPotion"},{"floor":37,"key":"Death Potion"},{"floor":41,"key":"sneckomod:MuddlingPotion"},{"floor":47,"key":"Weak Potion"}],"is_trial":false,"path_per_floor":["M","?","M","$","M","E","M","E","T","?","R","M","$","M","R","B",null,"M","M","?","?","M","R","E","M","T","E","?","R","$","T","R","B",null,"M","$","M","?","M","E","M","$","T","$","E","M","E","?","R","B",null,"R","$","E","B"],"character_chosen":"WATCHER","items_purchased":["Worship","PreservedInsect","Conclude","Nirvana","SkillPotion","Swift Potion","Orrery","PowerPotion"],"campfire_rested":2,"item_purchase_floors":[4,13,13,30,30,30,36,42],"current_hp_per_floor":[67,67,67,67,67,51,39,30,30,30,30,36,36,48,48,34,72,61,50,50,50,41,41,33,23,23,20,7,30,30,30,53,32,77,77,77,54,54,44,39,39,39,39,39,28,40,19,67,67,37,67,67,67,47,0,0],"gold":148,"neow_bonus":"RANDOM_COMMON_RELIC","is_daily":false,"chose_seed":false,"campfire_upgraded":3,"win_rate":0.0,"timestamp":1612859657,"path_taken":["M","?","?","?","M","E","M","E","T","?","R","?","?","M","R","BOSS","M","M","?","?","M","R","E","M","T","E","?","R","?","?","R","BOSS","M","$","M","?","M","E","M","?","T","$","E","M","E","?","R","BOSS","R","$","E","BOSS"],"items_purchased_type":["Card","Relic","Card","Card","Potion","Potion","Relic","Potion"],"build_version":"2020-12-22","purchased_purges":2,"victory":false,"max_hp_per_floor":[72,72,72,72,72,72,72,72,72,72,72,72,72,72,72,72,72,72,72,72,72,72,72,72,72,72,72,77,77,77,77,77,77,77,77,77,77,77,77,77,77,77,77,77,77,77,77,67,67,67,67,67,67,67,67,67],"card_choices":[{"not_picked":["FollowUp","WaveOfTheHand"],"picked":"SandsOfTime","floor":1},{"not_picked":["ThirdEye","CrushJoints"],"picked":"Prostrate","floor":3},{"not_picked":["SandsOfTime","Study"],"picked":"EmptyFist","floor":5},{"not_picked":["ThirdEye","PathToVictory"],"picked":"ForeignInfluence","floor":6},{"not_picked":["Halt","Tantrum"],"picked":"CutThroughFate","floor":7},{"not_picked":["Halt","Evaluate","WreathOfFlame"],"picked":"SKIP","floor":8},{"not_picked":["Nirvana","JustLucky"],"picked":"Consecrate","floor":12},{"not_picked":["Protect","SandsOfTime"],"picked":"EmptyBody","floor":14},{"not_picked":["Blasphemy","Devotion"],"picked":"LessonLearned","floor":16},{"not_picked":["Sanctity+1","EmptyFist"],"picked":"FlyingSleeves+1","floor":18},{"not_picked":["JustLucky","CutThroughFate"],"picked":"Wireheading","floor":19},{"not_picked":["Halt","DeusExMachina"],"picked":"SandsOfTime+1","floor":22},{"not_picked":["Tantrum+1","Replay:AtTheReady"],"picked":"Replay:Vibes","floor":24},{"not_picked":["EmptyMind","ThirdEye","WreathOfFlame"],"picked":"SKIP","floor":25},{"not_picked":["Sanctity+1","EmptyBody","Replay:BluntJabs"],"picked":"SKIP","floor":27},{"not_picked":["Wish","Vault"],"picked":"MasterReality","floor":33},{"not_picked":["Halt+1","Vengeance+1","Evaluate"],"picked":"SKIP","floor":35},{"not_picked":["SashWhip+1","Consecrate"],"picked":"Prostrate+1","floor":36},{"not_picked":["BowlingBash","FlyingSleeves+1"],"picked":"Judgement","floor":36},{"not_picked":["Halt","Crescendo"],"picked":"FollowUp+1","floor":36},{"not_picked":["CutThroughFate+1","EmptyFist"],"picked":"Vengeance+1","floor":36},{"not_picked":["EmptyBody","Collect+1"],"picked":"Nirvana+1","floor":37},{"not_picked":["Swivel+1","CrushJoints"],"picked":"FlurryOfBlows","floor":39},{"not_picked":["Sanctity+1","EmptyFist"],"picked":"DevaForm","floor":40},{"not_picked":["Halt","BowlingBash","Replay:Cycle+1"],"picked":"SKIP","floor":41},{"not_picked":["Nirvana","Crescendo+1","Judgement"],"picked":"SKIP","floor":45},{"not_picked":["Crescendo+1","FollowUp","CutThroughFate+1"],"picked":"SKIP","floor":46},{"not_picked":["MasterReality","SashWhip+1","Wallop"],"picked":"SKIP","floor":47},{"not_picked":["Replay:AtTheReady","Swivel"],"picked":"Ragnarok","floor":54}],"player_experience":289218,"relics_obtained":[{"floor":6,"key":"Nunchaku"},{"floor":8,"key":"Replay:Kaleidoscope"},{"floor":9,"key":"Meat on the Bone"},{"floor":24,"key":"Oddly Smooth Stone"},{"floor":24,"key":"Shuriken"},{"floor":26,"key":"Pet Ghost"},{"floor":27,"key":"Onion Ring"},{"floor":27,"key":"Anchor"},{"floor":31,"key":"Dead Branch"},{"floor":40,"key":"Girya"},{"floor":40,"key":"Whetstone"},{"floor":45,"key":"Mercury Hourglass"},{"floor":45,"key":"Turnip"},{"floor":47,"key":"Kunai"},{"floor":47,"key":"Juzu Bracelet"},{"floor":54,"key":"Damaru"},{"floor":54,"key":"reliquary:SilkGlove"}],"event_choices":[{"cards_removed":["Strike_P"],"damage_healed":0,"gold_gain":0,"player_choice":"Card Removal","damage_taken":0,"max_hp_gain":0,"max_hp_loss":0,"event_name":"Wheel of Change","floor":2,"gold_loss":0},{"damage_healed":0,"gold_gain":0,"player_choice":"Got Potions","damage_taken":0,"max_hp_gain":0,"max_hp_loss":0,"event_name":"Lab","floor":10,"gold_loss":0},{"damage_healed":0,"gold_gain":0,"player_choice":"Ignored","damage_taken":0,"max_hp_gain":0,"max_hp_loss":0,"event_name":"Vampires","floor":20,"gold_loss":0},{"damage_healed":0,"gold_gain":0,"player_choice":"Shed Blood","damage_taken":18,"max_hp_gain":5,"max_hp_loss":0,"event_name":"Forgotten Altar","floor":28,"gold_loss":0},{"cards_removed":["downfall:Bewildered"],"damage_healed":0,"gold_gain":0,"player_choice":"Removed Curses","damage_taken":0,"max_hp_gain":0,"max_hp_loss":0,"event_name":"Fountain of Cleansing","floor":38,"gold_loss":0},{"damage_healed":67,"gold_gain":0,"player_choice":"Heal","damage_taken":0,"max_hp_gain":0,"max_hp_loss":10,"event_name":"The Moai Head","floor":48,"gold_loss":0}],"is_beta":false,"boss_relics":[{"not_picked":["Replay:Ancient Bell","Busted Crown"],"picked":"Black Star"},{"not_picked":["Runic Dome","reliquary:RedPaperclip"],"picked":"Ring of Chaos"}],"items_purged_floors":[30,44],"is_endless":false,"potions_floor_spawned":[1,8,14,19,24,35,37,41,47],"killed_by":"The Heart","ascension_level":0}}