{"host":"8z0h4areh8sio1k0","time":1612851036,"event":{"mods":["10 clothes from DAL","Act Like it!","Aspiration","BaseMod","Colored Map","Conspire","Crowbot","Hubris","Library of Ruina Extra","Mimic Mod","Minty Spire (QoL Compilation)","Replay The Spire","StSLib","TestMod","The Blue Laboratory","The Fake Hero","The Hierophant","TheWitcherMod","[Fun]BeWhatYouAte","【功能Mod】精心准备","【遗物Mod】死灵法师NEW","老伊莉雅"],"gold_per_floor":[116,127,1,21,39,65,65,95,119,119,130,130,130,142,142,245,245,261,271,271,271],"floor_reached":20,"language":"ZHS","playtime":753,"items_purged":["Strike_W"],"score":186,"play_id":"dac5656a-d2dc-431b-96d9-1a585dada91a","local_time":"20210209141036","is_ascension_mode":false,"campfire_choices":[{"data":"Strike_W","floor":7.0,"key":"SMITH"},{"floor":10.0,"key":"REST"},{"floor":15.0,"key":"REST"}],"circlet_count":0,"master_deck":["Strike_W","Strike_W+1","Strike_W","Defend_W","Defend_W","Defend_W","Negative_Energy_Arrows+1","Bone_Wall","Bone_Spikes","Negative_Energy_Mist","Bone_Armory+1","Negative_Energy_Sphere","Hellfire","Summon_Lich","Bone_Shift","Skeleton_Dragon","Bone_Armor"],"relics":["Vampire_Amulet","testmod-TestBox","testmod-TurbochargingSystem","NeowsBlessing","ReplayTheSpireMod:Ninjato","Blood Vial","Gremlin Food","aspiration:RitualDagger"],"acts_visited":["Exordium","TheCity"],"potions_floor_usage":[19],"damage_taken":[{"damage":0.0,"enemies":"2 Louse","floor":1.0,"turns":2.0},{"damage":0.0,"enemies":"Cultist","floor":2.0,"turns":1.0},{"damage":0.0,"enemies":"Jaw Worm","floor":4.0,"turns":1.0},{"damage":7.0,"enemies":"Exordium Thugs","floor":5.0,"turns":4.0},{"damage":10.0,"enemies":"3 Sentries","floor":6.0,"turns":4.0},{"damage":20.0,"enemies":"Lagavulin","floor":8.0,"turns":5.0},{"damage":0.0,"enemies":"Large Slime","floor":11.0,"turns":4.0},{"damage":12.0,"enemies":"3 Louse","floor":14.0,"turns":2.0},{"damage":50.0,"enemies":"Slime Boss","floor":16.0,"turns":10.0},{"damage":55.0,"enemies":"conspire:FuzzyDice","floor":18.0,"turns":5.0},{"damage":6,"enemies":"Spheric Guardian","floor":19,"turns":2}],"seed_played":"-1109259848794548103","potions_obtained":[{"floor":1.0,"key":"blueLaboratory:NullPotion"},{"floor":5.0,"key":"testmod-SpacePotion"},{"floor":8.0,"key":"blueLaboratory:CorrosionFlask"},{"floor":11.0,"key":"SkillPotion"}],"is_trial":false,"path_per_floor":["M","M","$","M","M","E","R","E","T","R","M","$","?","M","R","B",null,"M","M","?"],"character_chosen":"NECROMANCER","items_purchased":["Bone_Armory"],"campfire_rested":2,"item_purchase_floors":[3],"current_hp_per_floor":[75,75,75,75,68,58,58,38,38,60,62,62,62,52,74,25,75,20,16,0,0],"gold":271,"neow_bonus":"THREE_ENEMY_KILL","is_daily":false,"chose_seed":false,"campfire_upgraded":1,"win_rate":0.0,"timestamp":1612851036,"path_taken":["M","M","$","M","M","E","R","E","T","R","M","$","?","M","R","BOSS","M","M","?"],"items_purchased_type":["Card"],"build_version":"2020-12-22","purchased_purges":1,"victory":false,"max_hp_per_floor":[75,75,75,75,75,75,75,75,75,75,75,75,75,75,75,75,75,75,75,75,75],"card_choices":[{"not_picked":["Summon_Undead_Army","Summon_Undead"],"picked":"Bone_Spikes","floor":1.0},{"not_picked":["Negative_Energy_Javelin","Stop_Heart"],"picked":"Negative_Energy_Mist","floor":2.0},{"not_picked":["Blood_Curse","Detonate_Bones"],"picked":"Negative_Energy_Sphere","floor":4.0},{"not_picked":["Blood_Whip","Scare"],"picked":"Hellfire","floor":5.0},{"not_picked":["Bone_Prison","Bone_Armory"],"picked":"Summon_Lich","floor":6.0},{"not_picked":["Negative_Energy_Sphere","Blood_Wake","Shackles_Of_Pain"],"picked":"SKIP","floor":8.0},{"not_picked":["PosionRing","Acid_Javelin","Negative_Energy_Sphere"],"picked":"SKIP","floor":11.0},{"not_picked":["PosionRing","Negative_Energy_Mist"],"picked":"Bone_Shift","floor":14.0},{"not_picked":["Blood_Hammer","Grasp_Heart"],"picked":"Skeleton_Dragon","floor":16.0},{"not_picked":["Blood_Curse","finger_Of_Death"],"picked":"Bone_Armor","floor":18.0},{"not_picked":["Scare","Bone_Armory","Toxic_Smoke_Screen"],"picked":"SKIP","floor":19}],"player_experience":556955,"relics_obtained":[{"floor":6.0,"key":"ReplayTheSpireMod:Ninjato"},{"floor":8.0,"key":"Blood Vial"},{"floor":9.0,"key":"Gremlin Food"}],"event_choices":[{"cards_removed":["Defend_W"],"damage_healed":0.0,"max_hp_gain":0.0,"max_hp_loss":0.0,"gold_gain":0.0,"event_name":"Bonfire Elementals","player_choice":"Offered Basic","floor":13.0,"gold_loss":0.0,"damage_taken":0.0}],"is_beta":false,"boss_relics":[{"not_picked":["Sozu","testmod-BatchProcessingSystem"],"picked":"aspiration:RitualDagger"}],"items_purged_floors":[3],"is_endless":false,"potions_floor_spawned":[1,5,8,11],"ascension_level":0}}