{"host":"ypzb5vvnu9f3ii1t","time":1612888856,"event":{"mods":["AchievementEnabler","BaseMod","Colored Map","DeckTracker","Keyboard Shortcuts","Minty Spire (QoL Compilation)","Permanent Neow","Quick Restart","SuperFastMode"],"gold_per_floor":[116,41,116,128,128,162,162,181,204,227,227,83,112,20,20,119,119,131,131,144,144,161,161,180,210,233,262,262,262,262,29,29,136,136,147,171,171,46,60,60,60,60,60,76,76,107,26,46,46,46],"floor_reached":51,"language":"KOR","playtime":1847,"items_purged":["Defend_P","Strike_P","Defend_P"],"score":969,"play_id":"549e1570-ff6d-47d8-8051-f9b896e5667f","local_time":"20210210014056","is_ascension_mode":true,"campfire_choices":[{"data":"Eruption","floor":7.0,"key":"SMITH"},{"floor":11.0,"key":"REST"},{"data":"TalkToTheHand","floor":15.0,"key":"SMITH"},{"data":"Adaptation","floor":23.0,"key":"SMITH"},{"floor":28.0,"key":"REST"},{"data":"FearNoEvil","floor":30.0,"key":"SMITH"},{"data":"TalkToTheHand","floor":32.0,"key":"SMITH"},{"data":"Vault","floor":40.0,"key":"SMITH"},{"data":"Adaptation","floor":49,"key":"SMITH"}],"circlet_count":0,"master_deck":["Strike_P","Strike_P","Defend_P","Eruption+1","Vigilance","FearNoEvil+1","Adaptation+1","TalkToTheHand+1","InnerPeace","TalkToTheHand+1","Vault+1","MentalFortress+1","Adaptation+1"],"relics":["PureWater","NeowsBlessing","Bronze Scales","Akabeko","CeramicFish","TheAbacus","Thread and Needle","Philosopher\u0027s Stone","Potion Belt","Red Mask","MealTicket","SacredBark","Singing Bowl","Strawberry"],"acts_visited":["Exordium","TheCity","TheBeyond"],"potions_floor_usage":[44],"damage_taken":[{"damage":3.0,"enemies":"Small Slimes","floor":1.0,"turns":2.0},{"damage":0.0,"enemies":"Jaw Worm","floor":4.0,"turns":1.0},{"damage":0.0,"enemies":"Gremlin Nob","floor":6.0,"turns":1.0},{"damage":8.0,"enemies":"2 Louse","floor":8.0,"turns":2.0},{"damage":5.0,"enemies":"Lagavulin","floor":13.0,"turns":5.0},{"damage":0.0,"enemies":"The Guardian","floor":16.0,"turns":7.0},{"damage":0.0,"enemies":"Shell Parasite","floor":18.0,"turns":3.0},{"damage":0.0,"enemies":"Spheric Guardian","floor":20.0,"turns":3.0},{"damage":10.0,"enemies":"Shelled Parasite and Fungi","floor":22.0,"turns":4.0},{"damage":0.0,"enemies":"3 Cultists","floor":24.0,"turns":5.0},{"damage":0.0,"enemies":"Masked Bandits","floor":25.0,"turns":3.0},{"damage":28.0,"enemies":"Slavers","floor":27.0,"turns":4.0},{"damage":5.0,"enemies":"Champ","floor":33.0,"turns":9.0},{"damage":0.0,"enemies":"3 Darklings","floor":35.0,"turns":5.0},{"damage":2.0,"enemies":"3 Shapes","floor":36.0,"turns":5.0},{"damage":3.0,"enemies":"Sphere and 2 Shapes","floor":39.0,"turns":4.0},{"damage":0,"enemies":"4 Shapes","floor":44,"turns":6},{"damage":3,"enemies":"Giant Head","floor":46,"turns":3},{"damage":0,"enemies":"3 Darklings","floor":48,"turns":3},{"damage":0,"enemies":"Donu and Deca","floor":50,"turns":2}],"seed_played":"8958275675049255668","potions_obtained":[{"floor":4.0,"key":"DistilledChaos"},{"floor":8.0,"key":"DuplicationPotion"},{"floor":16.0,"key":"SpeedPotion"},{"floor":18.0,"key":"ColorlessPotion"},{"floor":22.0,"key":"StancePotion"},{"floor":33.0,"key":"EssenceOfSteel"},{"floor":35.0,"key":"Dexterity Potion"},{"floor":36.0,"key":"Fire Potion"},{"floor":48,"key":"Weak Potion"}],"is_trial":false,"path_per_floor":["M","$","?","M","?","E","R","M","T","T","R","$","E","$","R","B",null,"M","?","M","?","M","R","M","?","T","E","R","?","R","$","R","B",null,"M","M","?","$","M","R","?","?","T","M","$","E","$","M","R","B",null],"character_chosen":"WATCHER","items_purchased":["TheAbacus","Adaptation","TalkToTheHand","InnerPeace","TalkToTheHand","Adaptation","PowerPotion"],"campfire_rested":2,"item_purchase_floors":[12,14,14,31,31,47,47],"current_hp_per_floor":[69,69,58,58,58,58,58,50,50,50,71,71,66,66,66,66,72,72,72,72,72,62,62,62,62,62,34,55,55,55,70,70,65,72,72,70,70,72,69,69,69,69,69,71,74,80,83,85,85,85],"gold":46,"neow_bonus":"THREE_ENEMY_KILL","is_daily":false,"chose_seed":false,"campfire_upgraded":7,"win_rate":0.0,"timestamp":1612888856,"path_taken":["M","$","?","M","?","E","R","M","T","?","R","$","E","?","R","BOSS","M","?","M","?","?","R","M","?","T","E","R","?","R","$","R","BOSS","M","M","?","$","M","R","?","?","T","?","$","E","$","M","R","BOSS"],"items_purchased_type":["Relic","Card","Card","Card","Card","Card","Potion"],"build_version":"2020-12-22","purchased_purges":3,"victory":true,"max_hp_per_floor":[72,72,72,72,72,72,72,72,72,72,72,72,72,72,72,72,72,72,72,72,72,72,72,72,72,72,72,72,72,72,72,72,72,72,72,72,72,72,72,72,72,72,72,74,74,83,83,85,85,85],"card_choices":[{"not_picked":["ClearTheMind","Prostrate","Collect"],"picked":"SKIP","floor":1.0},{"not_picked":["WreathOfFlame","CrushJoints","Protect"],"picked":"SKIP","floor":4.0},{"not_picked":["Consecrate","SandsOfTime","FlyingSleeves"],"picked":"SKIP","floor":6.0},{"not_picked":["JustLucky","WaveOfTheHand"],"picked":"FearNoEvil","floor":8.0},{"not_picked":["Swivel","BowlingBash","FearNoEvil"],"picked":"SKIP","floor":13.0},{"not_picked":["CrushJoints+1","Study+1","BowlingBash"],"picked":"SKIP","floor":18.0},{"not_picked":["EmptyBody+1","Indignation","FearNoEvil"],"picked":"SKIP","floor":20.0},{"not_picked":["Fasting2","FollowUp","ThirdEye"],"picked":"SKIP","floor":22.0},{"not_picked":["JustLucky","PathToVictory","Prostrate"],"picked":"SKIP","floor":24.0},{"not_picked":["Swivel+1","Pray+1","ReachHeaven"],"picked":"SKIP","floor":27.0},{"not_picked":["SpiritShield","DevaForm"],"picked":"Vault","floor":33.0},{"not_picked":["Indignation","JustLucky","Nirvana"],"picked":"SKIP","floor":35.0},{"not_picked":["SandsOfTime+1","EmptyBody"],"picked":"MentalFortress+1","floor":36.0},{"not_picked":["Evaluate","ThirdEye","CrushJoints"],"picked":"SKIP","floor":39.0},{"not_picked":["CutThroughFate+1","Protect","Weave+1"],"picked":"Singing Bowl","floor":44},{"not_picked":["EmptyFist+1","JustLucky","FlurryOfBlows+1"],"picked":"Singing Bowl","floor":46},{"not_picked":["ReachHeaven+1","FlurryOfBlows+1","ClearTheMind"],"picked":"Singing Bowl","floor":48}],"player_experience":200319,"relics_obtained":[{"floor":6.0,"key":"Bronze Scales"},{"floor":9.0,"key":"Akabeko"},{"floor":10.0,"key":"CeramicFish"},{"floor":13.0,"key":"Thread and Needle"},{"floor":25.0,"key":"Red Mask"},{"floor":27.0,"key":"MealTicket"},{"floor":43,"key":"Singing Bowl"},{"floor":46,"key":"Strawberry"}],"event_choices":[{"damage_healed":0.0,"max_hp_gain":0.0,"max_hp_loss":0.0,"gold_gain":75.0,"event_name":"World of Goop","player_choice":"Gather Gold","floor":3.0,"gold_loss":0.0,"damage_taken":11.0},{"cards_removed":["Strike_P"],"damage_healed":0.0,"max_hp_gain":0.0,"max_hp_loss":0.0,"gold_gain":0.0,"event_name":"Living Wall","player_choice":"Forget","floor":5.0,"gold_loss":0.0,"damage_taken":0.0},{"damage_healed":0.0,"max_hp_gain":0.0,"max_hp_loss":0.0,"gold_gain":0.0,"event_name":"The Mausoleum","player_choice":"Opened","floor":19.0,"gold_loss":0.0,"damage_taken":0.0,"relics_obtained":["Potion Belt"]},{"damage_healed":0.0,"max_hp_gain":0.0,"max_hp_loss":0.0,"gold_gain":0.0,"event_name":"Match and Keep!","player_choice":"0 cards matched","floor":21.0,"gold_loss":0.0,"damage_taken":0.0,"cards_obtained":[]},{"damage_healed":0.0,"max_hp_gain":0.0,"max_hp_loss":0.0,"gold_gain":0.0,"event_name":"Masked Bandits","player_choice":"Fought Bandits","floor":25.0,"gold_loss":0.0,"damage_taken":0.0},{"damage_healed":0.0,"max_hp_gain":0.0,"max_hp_loss":0.0,"gold_gain":0.0,"event_name":"Match and Keep!","player_choice":"0 cards matched","floor":29.0,"gold_loss":0.0,"damage_taken":0.0,"cards_obtained":[]},{"damage_healed":0.0,"max_hp_gain":0.0,"max_hp_loss":0.0,"gold_gain":0.0,"event_name":"SensoryStone","player_choice":"Memory 1","floor":37.0,"gold_loss":0.0,"damage_taken":0.0},{"cards_removed":["Defend_P"],"damage_healed":0.0,"max_hp_gain":0.0,"max_hp_loss":0.0,"gold_gain":0.0,"event_name":"Falling","player_choice":"Removed Skill","floor":41.0,"gold_loss":0.0,"damage_taken":0.0},{"damage_healed":0,"gold_gain":0,"player_choice":"0 cards matched","damage_taken":0,"max_hp_gain":0,"max_hp_loss":0,"event_name":"Match and Keep!","floor":42,"gold_loss":0,"cards_obtained":[]}],"is_beta":false,"boss_relics":[{"not_picked":["Black Star","Tiny House"],"picked":"Philosopher\u0027s Stone"},{"not_picked":["Sozu","Cursed Key"],"picked":"SacredBark"}],"items_purged_floors":[2,31,38],"is_endless":false,"potions_floor_spawned":[4,8,16,18,22,33,35,36,48],"ascension_level":3}}