{"host":"vqs1j3qalc1cciyt","time":1612842787,"event":{"mods":["2.2 Compatiblity","AchievementEnabler","Aspiration","BaseMod","Beaked The Cultist","Better Altar","Better Match","Better Note","Better Sensory Stone","Better Skull","Better Third Choice","Clockwork Mod","Colored Map","Conspire","Downfall","Friendly Minions","GifTheSpireLib","Glutton Mod","Halation","Highlight Path","Hubris","Infinite Spire","Minty Spire (QoL Compilation)","RRrroohrrRGHHhhh!!","Replay The Spire","Spicy Shops","StSLib","Stuff the Spire","The Construct","The Cursed","The Disciple","The Hierophant"],"gold_per_floor":[114,114,127,27,70,70,116,151,151,209,259,276,292,98,98,246,246,262,305,335,335,373,405,405,39,39,39,74,106,106,106],"floor_reached":30,"language":"ENG","playtime":2299,"items_purged":["Strike_R","downfall:Bewildered"],"score":348,"play_id":"05bf4865-6889-4ade-a8a6-9cc35a6c51c2","local_time":"20210208195307","is_ascension_mode":true,"campfire_choices":[{"data":"Infernal Blade","floor":6.0,"key":"SMITH"},{"data":"Armaments","floor":15.0,"key":"SMITH"},{"data":"Infernal Blade","floor":24.0,"key":"SMITH"},{"floor":27.0,"key":"REST"}],"circlet_count":0,"master_deck":["Strike_R","Strike_R","Strike_R","Strike_R","Defend_R","Defend_R","Defend_R","Defend_R","Bash","Infernal Blade+1","Flex","conspire:SpireCoStock","conspire:SpireCoStock","Disarm","Iron Wave","Headbutt","Twin Strike","Armaments+1","ReplayTheSpireMod:Muscle Training","Dropkick+1","Infernal Blade+1","Limit Break","Thunderclap+1","Sword Boomerang","Pummel","Cleave","Clumsy","Twin Strike+1"],"relics":["Burning Blood","Blue Doll","aspiration:ChemicalBlood","Happy Flower","construct:FoamFinger","StuffTheSpire:Kangaroo","sneckomod:BabySnecko","Golden Egg","hubris:Zylophone","hubris:ChampionShield","Kunai"],"acts_visited":["Exordium","TheCity"],"potions_floor_usage":[29,30],"damage_taken":[{"damage":11.0,"enemies":"2 Louse","floor":1.0,"turns":4.0},{"damage":12.0,"enemies":"Jaw Worm","floor":3.0,"turns":2.0},{"damage":6.0,"enemies":"Cultist","floor":5.0,"turns":4.0},{"damage":23.0,"enemies":"Replay:BlueRogue","floor":7.0,"turns":5.0},{"damage":7.0,"enemies":"Exordium Wildlife","floor":8.0,"turns":2.0},{"damage":0.0,"enemies":"Lots of Slimes","floor":10.0,"turns":10.0},{"damage":9.0,"enemies":"3 Louse","floor":11.0,"turns":3.0},{"damage":7.0,"enemies":"Looter","floor":12.0,"turns":4.0},{"damage":0.0,"enemies":"2 Fungi Beasts","floor":13.0,"turns":1.0},{"damage":46.0,"enemies":"Fading Forest","floor":16.0,"turns":11.0},{"damage":0.0,"enemies":"Spheric Guardian","floor":18.0,"turns":3.0},{"damage":15.0,"enemies":"conspire:FuzzyDice","floor":19.0,"turns":5.0},{"damage":27.0,"enemies":"Snake Plant","floor":20.0,"turns":4.0},{"damage":19.0,"enemies":"conspire:HollyBat","floor":22.0,"turns":7.0},{"damage":2.0,"enemies":"conspire:Head Lice","floor":23.0,"turns":2.0},{"damage":11.0,"enemies":"Centurion and Healer","floor":28.0,"turns":5.0},{"damage":20,"enemies":"Sentry and Sphere","floor":29,"turns":4},{"damage":39,"enemies":"Gremlin Leader","floor":30,"turns":2}],"seed_played":"1766147444737976205","potions_obtained":[{"floor":7.0,"key":"Fire Potion"},{"floor":12.0,"key":"Weak Potion"},{"floor":13.0,"key":"BloodPotion"},{"floor":16.0,"key":"LifebloodPotion"},{"floor":22.0,"key":"Adrenaline Potion"},{"floor":23.0,"key":"construct:ShiftPotion"},{"floor":28.0,"key":"DistilledChaos"}],"is_trial":false,"path_per_floor":["M","?","M","?","M","R","E","M","T","M","M","M","M","$","R","B",null,"M","M","M","?","M","E","R","$","T","R","M","M","E"],"character_chosen":"IRONCLAD","items_purchased":["Dropkick+1","Infernal Blade","hubris:Zylophone","hubris:ChampionShield"],"campfire_rested":1,"item_purchase_floors":[14,14,25,25],"current_hp_per_floor":[67,60,54,54,54,54,37,36,36,42,39,38,60,60,60,20,65,71,62,41,41,28,32,32,32,32,56,51,37,0,0],"gold":106,"neow_bonus":"RANDOM_COMMON_RELIC","is_daily":false,"chose_seed":false,"campfire_upgraded":3,"win_rate":0.0,"timestamp":1612842787,"path_taken":["M","?","M","?","M","R","E","M","T","M","M","?","M","?","R","BOSS","M","?","M","?","M","E","R","$","T","R","M","M","E"],"items_purchased_type":["Card","Card","Relic","Relic"],"build_version":"2020-12-22","purchased_purges":2,"victory":false,"max_hp_per_floor":[80,80,80,80,80,80,80,80,80,80,80,80,80,80,80,80,80,80,80,80,80,80,80,80,80,80,80,80,80,80,80],"card_choices":[{"not_picked":["Life Link","Entrench"],"picked":"Infernal Blade","floor":1.0},{"not_picked":["Massacre","Body Slam"],"picked":"Flex","floor":3.0},{"not_picked":["Clash","Havoc"],"picked":"Disarm","floor":5.0},{"not_picked":["Thunderclap","Shrug It Off"],"picked":"Iron Wave","floor":7.0},{"not_picked":["StuffTheSpire:Incineration","True Grit","StuffTheSpire:Slingshot"],"picked":"SKIP","floor":8.0},{"not_picked":["Heavy Blade","ReplayTheSpireMod:Corrosion Curse"],"picked":"Headbutt","floor":10.0},{"not_picked":["Iron Wave","Shrug It Off"],"picked":"Twin Strike","floor":11.0},{"not_picked":["Sword Boomerang","Pummel"],"picked":"Armaments","floor":12.0},{"not_picked":["Hemokinesis","Havoc"],"picked":"ReplayTheSpireMod:Muscle Training","floor":13.0},{"not_picked":["Juggernaut","Fiend Fire"],"picked":"Limit Break","floor":16.0},{"not_picked":["Perfected Strike","Anger+1"],"picked":"Thunderclap+1","floor":18.0},{"not_picked":["infinitespire:OneForAll","StuffTheSpire:Slingshot"],"picked":"Sword Boomerang","floor":19.0},{"not_picked":["Anger","Entrench","StuffTheSpire:Slingshot"],"picked":"SKIP","floor":20.0},{"not_picked":["Pommel Strike","Seeing Red"],"picked":"Pummel","floor":22.0},{"not_picked":["StuffTheSpire:Incineration","Headbutt"],"picked":"Cleave","floor":23.0},{"not_picked":["rorgmod:Searing Blow","rorgmod:Sentinel","Entrench+1"],"picked":"SKIP","floor":28.0},{"not_picked":["ReplayTheSpireMod:Strike From Hell","Blood for Blood"],"picked":"Twin Strike+1","floor":29}],"player_experience":941223,"relics_obtained":[{"floor":7.0,"key":"Happy Flower"},{"floor":9.0,"key":"construct:FoamFinger"},{"floor":23.0,"key":"Golden Egg"},{"floor":26.0,"key":"Kunai"}],"event_choices":[{"damage_healed":0.0,"max_hp_gain":0.0,"max_hp_loss":0.0,"gold_gain":0.0,"event_name":"betterThird:BetterScrap","player_choice":"Relic ","floor":2.0,"gold_loss":0.0,"damage_taken":7.0,"cards_obtained":["ReplayTheSpireMod:Reroute Power"]},{"damage_healed":0.0,"max_hp_gain":0.0,"max_hp_loss":0.0,"gold_gain":0.0,"event_name":"conspire:Investor","player_choice":"Invest 2","floor":4.0,"gold_loss":0.0,"damage_taken":0.0}],"is_beta":false,"boss_relics":[{"not_picked":["Black Star","halation:CatFaceCupcake"],"picked":"StuffTheSpire:Kangaroo"}],"items_purged_floors":[14,25],"is_endless":false,"potions_floor_spawned":[7,12,13,16,22,23,28],"killed_by":"Gremlin Leader","ascension_level":7}}