{"host":"ga4s3hj9m6nkn6gp","time":1612907271,"event":{"mods":["AchievementEnabler","BaseMod","Bestiary","Colored Powertips","Highlight Path","Minty Spire (QoL Compilation)","Relic Stats","everything is the same but u backflip on backflip"],"gold_per_floor":[99,99,99,99,54,54,54,54,54,54,54,54,54,54,54,54,54,54,54,54,54,54,54,54,54,54,54,54,54,54,54,54,54,54,54,54,54,54,54,54,54,54],"floor_reached":41,"language":"ENG","playtime":2457,"items_purged":[],"score":799,"play_id":"adbd868a-586d-4e21-bd76-f1a82eeffd89","local_time":"20210209224751","is_ascension_mode":true,"campfire_choices":[{"data":"Eruption","floor":6.0,"key":"SMITH"},{"data":"Ragnarok","floor":11.0,"key":"SMITH"},{"data":"TalkToTheHand","floor":13.0,"key":"SMITH"},{"data":"CutThroughFate","floor":15.0,"key":"SMITH"},{"data":"ThirdEye","floor":23,"key":"SMITH"},{"data":"SpiritShield","floor":25,"key":"SMITH"},{"data":"EmptyFist","floor":29,"key":"SMITH"},{"data":"Wireheading","floor":32,"key":"SMITH"}],"circlet_count":0,"master_deck":["Strike_P","Strike_P","Strike_P","Strike_P","Defend_P","Defend_P","Defend_P","Defend_P","Eruption+1","Vigilance","FlurryOfBlows","EmptyFist+1","CutThroughFate+1","Ragnarok+1","Crescendo","TalkToTheHand+1","ThirdEye+1","SpiritShield+1","CurseOfTheBell","FollowUp+1","Meditate+1","Swivel+1","Wireheading+1","MentalFortress+1","Nirvana+1","Vault","ReachHeaven+1","Indignation+1","Blasphemy"],"relics":["Ectoplasm","Matryoshka","Smiling Mask","TungstenRod","WingedGreaves","White Beast Statue","Calling Bell","Pen Nib","Mercury Hourglass","Dead Branch","Pocketwatch","Juzu Bracelet","Ornamental Fan","Eternal Feather","MawBank","Torii","Philosopher\u0027s Stone","CloakClasp","InkBottle"],"acts_visited":["Exordium","TheCity","TheBeyond"],"potions_floor_usage":[24,27,30,31,35,40],"damage_taken":[{"damage":0.0,"enemies":"Cultist","floor":1.0,"turns":3.0},{"damage":0.0,"enemies":"Small Slimes","floor":3.0,"turns":3.0},{"damage":0.0,"enemies":"Jaw Worm","floor":4.0,"turns":3.0},{"damage":10.0,"enemies":"Exordium Thugs","floor":5.0,"turns":4.0},{"damage":22.0,"enemies":"Lagavulin","floor":7.0,"turns":5.0},{"damage":4.0,"enemies":"2 Fungi Beasts","floor":8.0,"turns":3.0},{"damage":8.0,"enemies":"3 Sentries","floor":10.0,"turns":8.0},{"damage":0.0,"enemies":"Gremlin Nob","floor":12.0,"turns":2.0},{"damage":6.0,"enemies":"3 Louse","floor":14.0,"turns":3.0},{"damage":1.0,"enemies":"Slime Boss","floor":16.0,"turns":5.0},{"damage":0.0,"enemies":"Spheric Guardian","floor":18.0,"turns":2.0},{"damage":0.0,"enemies":"3 Byrds","floor":19.0,"turns":2.0},{"damage":20,"enemies":"Centurion and Healer","floor":21,"turns":3},{"damage":14,"enemies":"Book of Stabbing","floor":24,"turns":4},{"damage":1,"enemies":"Gremlin Leader","floor":27,"turns":5},{"damage":2,"enemies":"Book of Stabbing","floor":28,"turns":4},{"damage":0,"enemies":"Gremlin Leader","floor":30,"turns":2},{"damage":0,"enemies":"Sentry and Sphere","floor":31,"turns":3},{"damage":27,"enemies":"Automaton","floor":33,"turns":8},{"damage":6,"enemies":"3 Darklings","floor":35,"turns":4},{"damage":0,"enemies":"Mind Bloom Boss Battle","floor":36,"turns":3},{"damage":10,"enemies":"3 Shapes","floor":38,"turns":4},{"damage":20,"enemies":"Transient","floor":39,"turns":6},{"damage":20,"enemies":"Nemesis","floor":40,"turns":6},{"damage":45,"enemies":"2 Orb Walkers","floor":41,"turns":1}],"seed_played":"-3933846152032093670","potions_obtained":[{"floor":7.0,"key":"EssenceOfSteel"},{"floor":8.0,"key":"SneckoOil"},{"floor":10.0,"key":"EntropicBrew"},{"floor":14.0,"key":"SmokeBomb"},{"floor":16.0,"key":"Dexterity Potion"},{"floor":21,"key":"BottledMiracle"},{"floor":24,"key":"SkillPotion"},{"floor":27,"key":"GamblersBrew"},{"floor":28,"key":"FearPotion"},{"floor":30,"key":"Fruit Juice"},{"floor":31,"key":"AttackPotion"},{"floor":33,"key":"Swift Potion"},{"floor":35,"key":"EssenceOfSteel"},{"floor":39,"key":"DistilledChaos"},{"floor":40,"key":"FairyPotion"}],"is_trial":false,"path_per_floor":["M","?","M","M","M","R","E","M","T","E","R","E","R","M","R","B",null,"M","M","?","M","?","R","E","R","T","E","E","R","E","M","R","B",null,"M","?","?","M","M","E","?"],"character_chosen":"WATCHER","items_purchased":[],"campfire_rested":0,"item_purchase_floors":[],"current_hp_per_floor":[65,58,58,58,48,48,26,22,22,14,14,14,14,8,8,7,56,56,56,51,31,31,31,17,17,17,16,14,26,26,31,46,19,63,57,57,57,47,27,7,0,0],"gold":54,"neow_bonus":"BOSS_RELIC","is_daily":false,"chose_seed":false,"campfire_upgraded":8,"win_rate":0.0,"timestamp":1612907271,"path_taken":["M","?","M","?","M","R","E","?","T","E","R","E","R","M","R","BOSS","M","M","?","?","?","R","E","R","T","E","E","R","E","M","R","BOSS","M","?","?","M","M","E","?"],"items_purchased_type":[],"build_version":"2020-12-22","purchased_purges":0,"victory":false,"max_hp_per_floor":[72,72,72,72,72,72,72,72,72,72,72,72,72,72,72,72,72,72,72,72,72,72,72,72,72,72,72,72,72,72,77,77,77,77,77,77,73,73,73,73,73,73],"relic_stats":{"Torii":17,"counters":[25,96],"Dead Branch":[26],"Eternal Feather":27,"Pen Nib":[13],"Juzu Bracelet":0,"CloakClasp":[39],"Smiling Mask":0,"MawBank":0,"Mercury Hourglass":[243],"Ornamental Fan":[84],"Ectoplasm":887,"obtain_stats":[{"Torii":30,"Dead Branch":17,"Eternal Feather":27,"Pen Nib":17,"Juzu Bracelet":26,"CloakClasp":36,"Smiling Mask":9,"MawBank":28,"White Beast Statue":12,"Mercury Hourglass":17,"Calling Bell":17,"Matryoshka":7,"Ornamental Fan":26,"Philosopher\u0027s Stone":34,"Ectoplasm":0,"WingedGreaves":10,"PureWater":0,"TungstenRod":9,"InkBottle":40,"Pocketwatch":24},{"Torii":17,"Dead Branch":10,"Eternal Feather":15,"Pen Nib":10,"Juzu Bracelet":14,"CloakClasp":21,"Smiling Mask":6,"MawBank":16,"White Beast Statue":8,"Mercury Hourglass":10,"Calling Bell":10,"Matryoshka":5,"Ornamental Fan":14,"Philosopher\u0027s Stone":19,"Ectoplasm":0,"WingedGreaves":7,"PureWater":0,"TungstenRod":6,"InkBottle":24,"Pocketwatch":14},{"Torii":61,"Dead Branch":39,"Eternal Feather":55,"Pen Nib":39,"Juzu Bracelet":50,"CloakClasp":79,"Smiling Mask":21,"MawBank":59,"White Beast Statue":31,"Mercury Hourglass":39,"Calling Bell":39,"Matryoshka":18,"Ornamental Fan":50,"Philosopher\u0027s Stone":72,"Ectoplasm":0,"WingedGreaves":29,"PureWater":0,"TungstenRod":21,"InkBottle":95,"Pocketwatch":50}],"TungstenRod":31,"InkBottle":[0],"Pocketwatch":[27]},"card_choices":[{"not_picked":["Prostrate","BowlingBash"],"picked":"FlurryOfBlows","floor":1.0},{"not_picked":["Consecrate","Protect"],"picked":"EmptyFist","floor":3.0},{"not_picked":["EmptyFist","LikeWater"],"picked":"CutThroughFate","floor":4.0},{"not_picked":["WaveOfTheHand","CrushJoints","PathToVictory"],"picked":"SKIP","floor":5.0},{"not_picked":["EmptyBody","Consecrate"],"picked":"Ragnarok","floor":7.0},{"not_picked":["WindmillStrike","EmptyBody","LikeWater"],"picked":"SKIP","floor":8.0},{"not_picked":["Consecrate","WheelKick"],"picked":"Crescendo","floor":10.0},{"not_picked":["Worship","Sanctity"],"picked":"TalkToTheHand","floor":12.0},{"not_picked":["Evaluate","PathToVictory"],"picked":"ThirdEye","floor":14.0},{"not_picked":["Alpha","DeusExMachina"],"picked":"SpiritShield","floor":16.0},{"not_picked":["Wallop","ThirdEye"],"picked":"FollowUp+1","floor":18.0},{"not_picked":["CrushJoints","Perseverance"],"picked":"Meditate","floor":21},{"not_picked":["BowlingBash","ForeignInfluence+1"],"picked":"Swivel+1","floor":24},{"not_picked":["Swivel","SandsOfTime"],"picked":"Wireheading","floor":27},{"not_picked":["Prostrate","Crescendo","FollowUp"],"picked":"SKIP","floor":28},{"not_picked":["FollowUp","Judgement"],"picked":"MentalFortress+1","floor":30},{"not_picked":["FollowUp","Crescendo"],"picked":"Nirvana+1","floor":31},{"not_picked":["DevaForm","DeusExMachina"],"picked":"Vault","floor":33},{"not_picked":["CutThroughFate","SashWhip","EmptyFist+1"],"picked":"SKIP","floor":35},{"not_picked":["Alpha","Protect+1"],"picked":"ReachHeaven+1","floor":36},{"not_picked":["Sanctity","CutThroughFate","FollowUp"],"picked":"SKIP","floor":38},{"not_picked":["Consecrate+1","ThirdEye"],"picked":"Indignation+1","floor":39},{"not_picked":["CrushJoints+1","SignatureMove"],"picked":"Blasphemy","floor":40}],"player_experience":759184,"relics_obtained":[{"floor":7.0,"key":"Matryoshka"},{"floor":9.0,"key":"Smiling Mask"},{"floor":9.0,"key":"TungstenRod"},{"floor":10.0,"key":"WingedGreaves"},{"floor":12.0,"key":"White Beast Statue"},{"floor":17.0,"key":"Pen Nib"},{"floor":17.0,"key":"Mercury Hourglass"},{"floor":17.0,"key":"Dead Branch"},{"floor":24,"key":"Pocketwatch"},{"floor":26,"key":"Juzu Bracelet"},{"floor":26,"key":"Ornamental Fan"},{"floor":27,"key":"Eternal Feather"},{"floor":28,"key":"MawBank"},{"floor":30,"key":"Torii"},{"floor":36,"key":"CloakClasp"},{"floor":40,"key":"InkBottle"}],"event_choices":[{"damage_healed":0.0,"max_hp_gain":0.0,"max_hp_loss":0.0,"gold_gain":0.0,"event_name":"Wheel of Change","player_choice":"Damaged","floor":2.0,"gold_loss":0.0,"damage_taken":7.0},{"damage_healed":0,"gold_gain":0,"player_choice":"","damage_taken":6,"max_hp_gain":0,"max_hp_loss":0,"event_name":"Knowing Skull","floor":20,"potions_obtained":[],"gold_loss":0,"cards_obtained":[]},{"damage_healed":0,"gold_gain":0,"player_choice":"Upgraded","damage_taken":0,"max_hp_gain":0,"max_hp_loss":0,"event_name":"Upgrade Shrine","floor":22,"gold_loss":0,"cards_upgraded":["Meditate"]},{"damage_healed":0,"gold_gain":0,"player_choice":"Fight","damage_taken":0,"max_hp_gain":0,"max_hp_loss":0,"event_name":"MindBloom","floor":36,"gold_loss":0},{"damage_healed":0,"gold_gain":0,"player_choice":"Max HP","damage_taken":0,"max_hp_gain":0,"max_hp_loss":4,"event_name":"Winding Halls","floor":37,"gold_loss":0},{"damage_healed":0,"gold_gain":0,"player_choice":"Fight","damage_taken":0,"max_hp_gain":0,"max_hp_loss":0,"event_name":"Mysterious Sphere","floor":41,"gold_loss":0}],"is_beta":false,"boss_relics":[{"not_picked":["Empty Cage","Tiny House"],"picked":"Calling Bell"},{"not_picked":["Velvet Choker","SacredBark"],"picked":"Philosopher\u0027s Stone"}],"items_purged_floors":[],"is_endless":false,"potions_floor_spawned":[7,8,10,14,16,18,19,21,24,27,28,30,31,33,35,36,38,39,40],"killed_by":"2 Orb Walkers","ascension_level":8}}