{"host":"0kwl2uefibxd2nsv","time":1612829334,"event":{"mods":["Act Like it!","Aspiration","BaseMod","Better Note","BetterRewards","DeckTracker","Googly Eyes","Minty Spire (QoL Compilation)","Reliquary","StS++","StSLib"],"gold_per_floor":[110,122,133,152,152,152,55,55,127,127,127,202,33,67,67,169,169,138,162,174,186,198,210,222,264,276,288,313,343,106,124,124,227,227,246,4,4,4,4,4,35,35,35,35,51,71,71,71],"floor_reached":47,"language":"ENG","playtime":1442,"items_purged":["Strike_G"],"score":751,"play_id":"08c4bea7-bb09-4882-8f9d-dd6161818b9c","local_time":"20210209010854","is_ascension_mode":true,"campfire_choices":[{"data":"Cloak And Dagger","floor":6,"key":"SMITH"},{"data":"Neutralize","floor":8,"key":"SMITH"},{"data":"Deadly Poison","floor":10,"key":"SMITH"},{"floor":15,"key":"REST"},{"floor":23,"key":"REST"},{"data":"Cloak And Dagger","floor":27,"key":"SMITH"},{"floor":32,"key":"REST"},{"data":"Panache","floor":40,"key":"SMITH"},{"data":"Cloak And Dagger","floor":44,"key":"SMITH"}],"circlet_count":0,"master_deck":["AscendersBane","Strike_G","Strike_G","Defend_G","Defend_G","Defend_G","Defend_G","Defend_G","Survivor","Neutralize+1","Sucker Punch","Slice","Cloak And Dagger+1","PiercingWail","Deadly Poison+1","Backflip","Cloak And Dagger+1","Poisoned Stab","Cloak And Dagger+1","Backflip","Armaments+1","Sucker Punch+1","Escape Plan","Deflect+1","Backflip","Panache+1","Cloak And Dagger","Madness","Madness","Terror+1","Deadly Poison+1","Dodge and Roll"],"relics":["Ring of the Snake","NeowsBlessing","Tiny Chest","aspiration:SeaSaltIceCream","Matryoshka","aspiration:VileToxins","Dream Catcher","SlaversCollar","reliquary:SilkGlove","MawBank","aspiration:RitualStick","Eternal Feather","StSpp:GiftCard","StSpp:SailorCap","Pear","Empty Cage","Ninja Scroll","reliquary:OuijaBoard","reliquary:BoilingFlask","StSpp:TwinEgg"],"acts_visited":["Exordium","TheCity","TheBeyond"],"potions_floor_usage":[16,16,18,29,29,29,31,33,33,33,47],"damage_taken":[{"damage":0,"enemies":"Cultist","floor":1,"turns":1},{"damage":0,"enemies":"2 Louse","floor":2,"turns":1},{"damage":0,"enemies":"Jaw Worm","floor":3,"turns":1},{"damage":9,"enemies":"Looter","floor":4,"turns":4},{"damage":10,"enemies":"3 Sentries","floor":14,"turns":9},{"damage":24,"enemies":"Slime Boss","floor":16,"turns":11},{"damage":17,"enemies":"2 Thieves","floor":18,"turns":5},{"damage":21,"enemies":"Book of Stabbing","floor":25,"turns":7},{"damage":7,"enemies":"Shell Parasite","floor":28,"turns":5},{"damage":20,"enemies":"3 Cultists","floor":29,"turns":6},{"damage":2,"enemies":"Cultist and Chosen","floor":31,"turns":6},{"damage":29,"enemies":"Collector","floor":33,"turns":9},{"damage":0,"enemies":"Orb Walker","floor":35,"turns":5},{"damage":29,"enemies":"Nemesis","floor":41,"turns":7},{"damage":4,"enemies":"3 Shapes","floor":45,"turns":9},{"damage":57,"enemies":"Jaw Worm Horde","floor":46,"turns":6},{"damage":1,"enemies":"Giant Head","floor":47,"turns":5}],"seed_played":"7120893659605506795","potions_obtained":[{"floor":3,"key":"SteroidPotion"},{"floor":14,"key":"Energy Potion"},{"floor":16,"key":"Swift Potion"},{"floor":25,"key":"StSpp:ScatteredPotion"},{"floor":28,"key":"Regen Potion"},{"floor":31,"key":"Dexterity Potion"},{"floor":45,"key":"SpeedPotion"},{"floor":46,"key":"FearPotion"}],"is_trial":false,"path_per_floor":["M","M","M","M","?","R","$","R","T","R","?","?","$","E","R","B",null,"M","T","?","?","?","R","T","E","T","R","M","M","$","M","R","B",null,"M","$","?","$","?","R","E","T","T","R","M","M","E"],"character_chosen":"THE_SILENT","items_purchased":["Deadly Poison","Backflip","Cloak And Dagger","Block Potion","Backflip","CunningPotion","Panache","Ninja Scroll"],"campfire_rested":3,"item_purchase_floors":[7,7,13,13,30,30,30,36],"current_hp_per_floor":[63,63,63,54,36,36,36,36,36,36,36,25,25,15,36,12,56,39,39,39,25,25,46,46,25,35,47,40,20,20,18,57,33,68,68,68,58,58,58,73,44,44,44,62,58,1,0,0],"gold":71,"neow_bonus":"THREE_ENEMY_KILL","is_daily":false,"chose_seed":false,"campfire_upgraded":6,"win_rate":0.0,"timestamp":1612829334,"path_taken":["M","?","M","M","?","R","?","R","T","R","?","?","$","E","R","BOSS","M","?","?","?","?","R","?","E","T","R","?","M","$","M","R","BOSS","M","$","?","$","?","R","E","?","T","R","M","?","E"],"items_purchased_type":["Card","Card","Card","Potion","Card","Potion","Card","Relic"],"build_version":"2020-12-22","purchased_purges":1,"victory":false,"max_hp_per_floor":[70,70,70,70,70,70,70,70,70,70,70,70,70,70,70,70,70,70,70,70,70,70,70,70,70,80,80,80,80,80,80,80,80,80,80,80,80,80,80,80,80,80,80,80,80,80,80,80],"card_choices":[{"not_picked":["Dodge and Roll","StSpp:PoisonousPunch"],"picked":"Sucker Punch","floor":1},{"not_picked":["Acrobatics","Heel Hook"],"picked":"Slice","floor":2},{"not_picked":["Dodge and Roll","Bane"],"picked":"Cloak And Dagger","floor":3},{"not_picked":["Well Laid Plans","Predator"],"picked":"PiercingWail","floor":4},{"not_picked":["Slice","Acrobatics"],"picked":"Poisoned Stab","floor":14},{"not_picked":["Crippling Poison","Backflip"],"picked":"Cloak And Dagger","floor":15},{"not_picked":["Setup","Sucker Punch"],"picked":"Backflip","floor":18},{"not_picked":["StSpp:StrikeFirst","Skewer"],"picked":"Sucker Punch+1","floor":25},{"not_picked":["Deadly Poison","Masterful Stab"],"picked":"Escape Plan","floor":28},{"not_picked":["Dagger Spray","Caltrops"],"picked":"Deflect+1","floor":29},{"not_picked":["Bane+1","Dagger Spray"],"picked":"Cloak And Dagger","floor":31},{"not_picked":["Prepared+1","StSpp:PoisonousPunch","Outmaneuver+1"],"picked":"SKIP","floor":35},{"not_picked":["Caltrops","Unload"],"picked":"Terror+1","floor":41},{"not_picked":["Escape Plan","Caltrops+1"],"picked":"Deadly Poison+1","floor":45},{"not_picked":["StSpp:TimeParadox","Dagger Spray"],"picked":"Dodge and Roll","floor":46}],"player_experience":2017014,"relics_obtained":[{"floor":9,"key":"aspiration:SeaSaltIceCream"},{"floor":14,"key":"Dream Catcher"},{"floor":19,"key":"reliquary:SilkGlove"},{"floor":19,"key":"MawBank"},{"floor":24,"key":"reliquary:FerryPass"},{"floor":24,"key":"Eternal Feather"},{"floor":25,"key":"StSpp:GiftCard"},{"floor":25,"key":"StSpp:SailorCap"},{"floor":26,"key":"Pear"},{"floor":41,"key":"reliquary:OuijaBoard"},{"floor":42,"key":"reliquary:BoilingFlask"},{"floor":43,"key":"StSpp:TwinEgg"}],"event_choices":[{"damage_healed":0,"gold_gain":0,"player_choice":"Success","damage_taken":18,"relics_obtained":["Tiny Chest"],"max_hp_gain":0,"max_hp_loss":0,"event_name":"Scrap Ooze","floor":5,"gold_loss":0},{"damage_healed":0,"gold_gain":0,"player_choice":"Searched \u00272\u0027 times","damage_taken":0,"relics_obtained":["aspiration:VileToxins"],"max_hp_gain":0,"max_hp_loss":0,"event_name":"Dead Adventurer","floor":11,"gold_loss":0},{"damage_healed":0,"gold_gain":75,"player_choice":"Gather Gold","damage_taken":11,"max_hp_gain":0,"max_hp_loss":0,"event_name":"World of Goop","floor":12,"gold_loss":0},{"cards_removed":["Cloak And Dagger"],"damage_healed":0,"gold_gain":0,"player_choice":"Take \u0026 Give","damage_taken":0,"max_hp_gain":0,"max_hp_loss":0,"event_name":"betterNote:BetterNote","floor":20,"gold_loss":0,"cards_obtained":["Armaments"]},{"damage_healed":0,"gold_gain":0,"player_choice":"Ignored","damage_taken":0,"max_hp_gain":0,"max_hp_loss":0,"event_name":"Vampires","floor":22,"gold_loss":0},{"damage_healed":0,"gold_gain":0,"player_choice":"Embrace Madness","damage_taken":10,"max_hp_gain":0,"max_hp_loss":0,"event_name":"Winding Halls","floor":37,"gold_loss":0,"cards_obtained":["Madness","Madness"]},{"damage_healed":0,"gold_gain":0,"player_choice":"Memory 1","damage_taken":0,"max_hp_gain":0,"max_hp_loss":0,"event_name":"SensoryStone","floor":39,"gold_loss":0}],"is_beta":false,"boss_relics":[{"not_picked":["Snecko Eye","Fusion Hammer"],"picked":"SlaversCollar"},{"not_picked":["Runic Dome","aspiration:SecretTechniqueScroll"],"picked":"Empty Cage"}],"items_purged_floors":[13],"is_endless":false,"potions_floor_spawned":[3,14,16,25,28,31,45,46],"killed_by":"Giant Head","ascension_level":10}}