{"host":"y6zg4wwu39otf01a","time":1612842395,"event":{"mods":["Act Like it!","Aspiration","BaseMod","Better Altar","Better Match","Better Note","Better Sensory Stone","Better Skull","Better Third Choice","Challenge The Spire","Colored Map","Colored Powertips","Conspire","GifTheSpireLib","Glutton Mod","Halation","Hermit","Highlight Path","Hubris","Infinite Spire","Mimic Mod","Minty Spire (QoL Compilation)","Quick Restart","Random Character Button","Rare Cards Sparkle","Replay The Spire","Retaliation","Spicy Shops","Spire Arcade","StSLib","Stuff the Spire","The Blue Laboratory","The Jungle"],"gold_per_floor":[110,123,123,136,48,80,80,98,131,44,44,95,59,71,71,171,171,183,194,4,4,4,4,34,46,46,58,71,71,82,82,82,178,178,204,204,554,554,554,554,554,632,679,679,757,342,407,499,499,529],"floor_reached":51,"language":"ENG","playtime":4578,"items_purged":[],"score":1315,"play_id":"e911ca35-461f-41fb-8625-34a2146a8e55","local_time":"20210208214635","is_ascension_mode":true,"campfire_choices":[{"data":"Life Link","floor":7,"key":"SMITH"},{"data":"Combust","floor":11,"key":"SMITH"},{"data":"StuffTheSpire:CelestialWarden","floor":15,"key":"SMITH"},{"floor":23,"key":"REST"},{"floor":32,"key":"REST"},{"floor":40,"key":"RECALL"},{"data":"Barricade","floor":44,"key":"SMITH"},{"data":"hubris:Disease","floor":49,"key":"SMITH"}],"circlet_count":0,"master_deck":["StuffTheSpire:CelestialWarden+1","Strike_R","Strike_R","Strike_R","Strike_R","Strike_R","Defend_R+1","Defend_R","Defend_R","Defend_R","Bash","Sever Soul","Life Link+1","Intimidate","Limit Break","Combust+1","DDmod:BurningFumesPowerCard","Berserk","Parasite","hermit:Covet","Barricade+1","Forethought","ReplayTheSpireMod:Echo Chamber","Languid","Dramatic Entrance","CurseOfTheBell","Ghostly Armor","DDmod:EasePowerCard","Feed","infinitespire:Gouge","Doubt","Sickly","AscendersBane","Flex","Battle Trance","ReplayTheSpireMod:Splinters","Purity","infinitespire:Pacifist","Inflame","StuffTheSpire:Incineration"],"relics":["Burning Blood","aspiration:Nostalgia","Glutton:EternalHunger","FossilizedHelix","Replay:Bottled Flurry","halation:PromiseList","Charon\u0027s Ashes","ReplayFunnel","ReplayTheSpireMod:SealedPack","ReplayTheSpireMod:CursedCoin","infinitespire:CheckeredPen","Calling Bell","aspiration:TomeofQuesting","Calipers","conspire:BottledYoYo","Bag of Preparation","Regal Pillow","halation:PinkSoulGem","MutagenicStrength","infinitespire:EvilPickle","hubris:GrandSneckoEye","Replay:Towering Pillar of Hats","Ring of Chaos","Ring of Greed","Old Coin","Replay:Bandana","halation:EternalFortune","halation:PapillonHeart","infinitespire:Midas Blood","Red Skull","halation:Diary","PreservedInsect","halation:PrussianBluePaint"],"acts_visited":["Exordium","TheCity","TheBeyond"],"potions_floor_usage":[9,14,24],"damage_taken":[{"damage":2,"enemies":"Jaw Worm","floor":1,"turns":2},{"damage":3,"enemies":"Cultist","floor":2,"turns":3},{"damage":2,"enemies":"2 Louse","floor":4,"turns":2},{"damage":15,"enemies":"3 Sentries","floor":6,"turns":6},{"damage":8,"enemies":"Lots of Slimes","floor":8,"turns":6},{"damage":10,"enemies":"Large Slime","floor":9,"turns":5},{"damage":5,"enemies":"Large Slime","floor":14,"turns":4},{"damage":61,"enemies":"The Guardian","floor":16,"turns":10},{"damage":33,"enemies":"Shell Parasite","floor":18,"turns":5},{"damage":25,"enemies":"Chosen","floor":19,"turns":4},{"damage":4,"enemies":"Replay:Snechameleon","floor":24,"turns":5},{"damage":25,"enemies":"Centurion and Healer","floor":25,"turns":4},{"damage":16,"enemies":"Snecko","floor":27,"turns":4},{"damage":3,"enemies":"3 Cultists","floor":28,"turns":4},{"damage":7,"enemies":"Chosen and Byrds","floor":30,"turns":4},{"damage":45,"enemies":"Pondfish","floor":33,"turns":7},{"damage":14,"enemies":"3 Darklings","floor":35,"turns":3},{"damage":2,"enemies":"Nemesis","floor":42,"turns":3},{"damage":10,"enemies":"Orb Walker","floor":45,"turns":2},{"damage":22,"enemies":"4 Shapes","floor":47,"turns":2},{"damage":18,"enemies":"R_Hoarder","floor":48,"turns":3},{"damage":27,"enemies":"Donu and Deca","floor":50,"turns":5}],"seed_played":"824353356094142350","potions_obtained":[{"floor":4,"key":"Energy Potion"},{"floor":6,"key":"Fire Potion"},{"floor":19,"key":"HeartOfIron"},{"floor":24,"key":"FairyPotion"}],"is_trial":false,"path_per_floor":["M","M","?","M","$","E","R","M","MIM","$","R","T","$","M","R","B",null,"M","M","$","?","AVR","R","E","M","T","M","M","?","M","?","R","B",null,"M","AVR","?","?","?","R","?","E","T","R","M","$","M","E","R","B",null],"character_chosen":"IRONCLAD","items_purchased":["FossilizedHelix","Charon\u0027s Ashes","DDmod:BurningFumesPowerCard","ReplayTheSpireMod:CursedCoin","infinitespire:CheckeredPen","Dramatic Entrance","Red Skull","halation:Diary","PreservedInsect","Purity"],"campfire_rested":2,"item_purchase_floors":[5,10,13,20,20,20,46,46,46,46],"current_hp_per_floor":[80,80,80,80,80,71,71,69,65,65,65,65,65,66,66,11,80,53,34,34,34,34,58,60,41,41,31,34,34,33,33,72,49,80,79,79,79,82,79,79,79,82,82,82,78,78,65,53,53,35],"gold":529,"neow_bonus":"NOSTALGIA","is_daily":false,"chose_seed":false,"campfire_upgraded":5,"win_rate":0.0,"timestamp":1612842395,"path_taken":["M","M","?","?","$","E","R","M","MIM","?","R","?","?","M","R","BOSS","M","M","$","?","AVR","R","E","M","T","?","?","?","M","?","R","BOSS","M","AVR","?","?","?","R","?","E","T","R","M","$","M","E","R","BOSS"],"items_purchased_type":["Relic","Relic","Card","Relic","Relic","Card","Relic","Relic","Relic","Card"],"build_version":"2020-12-22","purchased_purges":0,"victory":true,"max_hp_per_floor":[80,80,80,80,80,80,80,80,80,80,80,80,80,80,80,80,80,80,80,80,80,80,80,80,80,80,80,80,80,80,80,80,80,80,80,80,80,83,79,79,79,82,82,82,82,82,85,85,85,88],"card_choices":[{"not_picked":["Clothesline","True Grit"],"picked":"Sever Soul","floor":1},{"not_picked":["DDmod:EasePowerCard","Cleave"],"picked":"Life Link","floor":2},{"not_picked":["Twin Strike","Replay:Undeath\u0027s Touch"],"picked":"Intimidate","floor":4},{"not_picked":["Inflame","Iron Wave"],"picked":"Limit Break","floor":6},{"not_picked":["StuffTheSpire:Resist","DDmod:CallousedSkill"],"picked":"Combust","floor":8},{"not_picked":["Clash","hubris:CleavingFinish","Evolve"],"picked":"SKIP","floor":14},{"not_picked":["Bludgeon","Brutality"],"picked":"Berserk","floor":16},{"not_picked":["Glutton:Flail","Survivor"],"picked":"hermit:Covet","floor":17},{"not_picked":["Immolate","DDmod:RechargeSkill"],"picked":"Barricade","floor":17},{"not_picked":["Discovery","ReplayTheSpireMod:Uncanny Aura"],"picked":"Forethought","floor":17},{"not_picked":["infinitespire:FinalStrike","infinitespire:Fortify"],"picked":"ReplayTheSpireMod:Echo Chamber","floor":17},{"not_picked":["DDmod:GrandUltimatumAttack","Cleave","DDmod:CallousedSkill"],"picked":"SKIP","floor":18},{"not_picked":["Dark Embrace","True Grit","DDmod:PokeAttack"],"picked":"SKIP","floor":19},{"not_picked":["Clash+1","Whirlwind+1","DDmod:ScaleUpSkill"],"picked":"SKIP","floor":24},{"not_picked":["Sword Boomerang","Searing Blow","Hemokinesis"],"picked":"SKIP","floor":25},{"not_picked":["Run Through","Thunderclap+1","Headbutt"],"picked":"SKIP","floor":27},{"not_picked":["Body Slam","Flame Barrier"],"picked":"Ghostly Armor","floor":28},{"not_picked":["Cleave","Flex"],"picked":"DDmod:EasePowerCard","floor":30},{"not_picked":["Replay:Many Hands","conspire:Purge"],"picked":"Feed","floor":33},{"not_picked":["StuffTheSpire:Resist","Iron Wave","DDmod:SpikeMailSkill+1"],"picked":"SKIP","floor":35},{"not_picked":["True Grit+1","Wild Strike+1"],"picked":"Battle Trance","floor":42},{"not_picked":["StuffTheSpire:RockThrow+1","Barricade","Clothesline+1"],"picked":"SKIP","floor":45},{"not_picked":["DDmod:PokeAttack+1","Iron Wave+1"],"picked":"Inflame","floor":47},{"not_picked":["Reaper","Flame Barrier"],"picked":"StuffTheSpire:Incineration","floor":48}],"player_experience":743131,"relics_obtained":[{"floor":6,"key":"Replay:Bottled Flurry"},{"floor":9,"key":"halation:PromiseList"},{"floor":12,"key":"ReplayFunnel"},{"floor":22,"key":"aspiration:TomeofQuesting"},{"floor":22,"key":"Calipers"},{"floor":22,"key":"conspire:BottledYoYo"},{"floor":24,"key":"Bag of Preparation"},{"floor":26,"key":"Regal Pillow"},{"floor":37,"key":"Ring of Chaos"},{"floor":37,"key":"Ring of Greed"},{"floor":37,"key":"Old Coin"},{"floor":37,"key":"Replay:Bandana"},{"floor":42,"key":"infinitespire:Midas Blood"},{"floor":48,"key":"halation:PrussianBluePaint"}],"event_choices":[{"damage_healed":0,"gold_gain":0,"player_choice":"Got Potions","damage_taken":0,"max_hp_gain":0,"max_hp_loss":0,"event_name":"Lab","floor":21,"gold_loss":0},{"damage_healed":0,"gold_gain":0,"player_choice":"Inject Mutagens","damage_taken":0,"relics_obtained":["MutagenicStrength"],"max_hp_gain":0,"max_hp_loss":0,"event_name":"Drug Dealer","floor":31,"gold_loss":0},{"damage_healed":0,"gold_gain":3,"player_choice":"3","damage_taken":0,"max_hp_gain":0,"max_hp_loss":0,"event_name":"betterStone:BetterStone","floor":41,"gold_loss":0,"cards_obtained":["Flex"]}],"is_beta":false,"boss_relics":[{"not_picked":["StuffTheSpire:ModemDavis","SacredBark"],"picked":"ReplayTheSpireMod:SealedPack"},{"not_picked":["Snecko Eye","hubris:VirtuousBlindfold"],"picked":"hubris:GrandSneckoEye"}],"items_purged_floors":[],"is_endless":false,"potions_floor_spawned":[4,6,8,19,24,28,33,35,47],"ascension_level":2}}