{"host":"hf83sijwe64ts2lm","time":1612831662,"event":{"mods":["2.2 Compatiblity","BaseMod","Better Altar","Better Match","Better Note","Better Sensory Stone","Better Skull","Better Third Choice","Colored Map","Colored Powertips","Highlight Path","Hubris","Infinite Spire","Minty Spire (QoL Compilation)","Quick Restart","Rare Cards Sparkle","Relic Stats","Reliquary","Replay The Spire","Shop Mod","Spicy Shops","Spire Arcade","StSLib","Thieving Mod"],"gold_per_floor":[114,114,128,148,166,166,200,200,223,243,263,263,288,300,300,300,300],"floor_reached":16,"language":"ENG","playtime":558,"items_purged":[],"score":131,"play_id":"df784c34-51c6-44b1-aa93-6c8536013425","local_time":"20210208194742","is_ascension_mode":true,"campfire_choices":[{"floor":6,"key":"REST"},{"floor":8,"key":"REST"},{"floor":12,"key":"REST"},{"floor":15,"key":"REST"}],"circlet_count":0,"master_deck":["Strike_G","Strike_G","Strike_G","Strike_G","Strike_G","Defend_G","Defend_G","Defend_G","Defend_G","Defend_G","Survivor","Neutralize","Replay:Bag of Tricks","Bane","Accuracy","Sucker Punch","Toxin Wave","Catalyst","Dagger Spray","Flying Knee","Dagger Spray"],"relics":["Ring of the Snake","infinitespire:PuzzleCube","Question Card"],"acts_visited":[],"potions_floor_usage":[4,5,7,10,11,14],"damage_taken":[{"damage":6,"enemies":"Jaw Worm","floor":1,"turns":6},{"damage":4,"enemies":"Cultist","floor":3,"turns":4},{"damage":0,"enemies":"2 Louse","floor":4,"turns":1},{"damage":45,"enemies":"Gremlin Gang","floor":5,"turns":9},{"damage":38,"enemies":"3 Sentries","floor":7,"turns":12},{"damage":10,"enemies":"Lots of Slimes","floor":10,"turns":2},{"damage":21,"enemies":"Large Slime","floor":11,"turns":9},{"damage":23,"enemies":"Gremlin Nob","floor":13,"turns":4},{"damage":1,"enemies":"Looter","floor":14,"turns":2},{"damage":41,"enemies":"Fading Forest","floor":16,"turns":7}],"seed_played":"-8843711303739404789","potions_obtained":[{"floor":0,"key":"Weak Potion"},{"floor":0,"key":"Explosive Potion"},{"floor":0,"key":"FairyPotion"},{"floor":5,"key":"PowerPotion"},{"floor":7,"key":"AttackPotion"},{"floor":10,"key":"Dexterity Potion"},{"floor":13,"key":"Fire Potion"}],"is_trial":false,"path_per_floor":["M","?","M","M","M","R","E","R","T","M","M","R","E","M","R","B"],"character_chosen":"THE_SILENT","items_purchased":[],"campfire_rested":4,"item_purchase_floors":[],"current_hp_per_floor":[64,64,60,60,15,36,21,42,42,32,11,32,9,8,29,0,0],"gold":300,"neow_bonus":"THREE_SMALL_POTIONS","is_daily":false,"chose_seed":false,"campfire_upgraded":0,"win_rate":0.0,"timestamp":1612831662,"path_taken":["M","?","?","M","M","R","E","R","T","M","M","R","E","M","R","BOSS"],"items_purchased_type":[],"build_version":"2020-12-22","purchased_purges":0,"victory":false,"max_hp_per_floor":[70,70,70,70,70,70,70,70,70,70,70,70,70,70,70,70,70],"relic_stats":{"counters":[10,56],"Question Card":1,"obtain_stats":[{"Question Card":13,"infinitespire:PuzzleCube":7,"Ring of the Snake":0},{"Question Card":8,"infinitespire:PuzzleCube":5,"Ring of the Snake":0},{"Question Card":47,"infinitespire:PuzzleCube":32,"Ring of the Snake":0}],"Ring of the Snake":[20]},"card_choices":[{"not_picked":["Calculated Gamble","Deflect"],"picked":"Replay:Bag of Tricks","floor":1},{"not_picked":["Dodge and Roll","PiercingWail"],"picked":"Bane","floor":3},{"not_picked":["All Out Attack","Sucker Punch"],"picked":"Accuracy","floor":4},{"not_picked":["Underhanded Strike","hubris:SlightOfHand"],"picked":"Sucker Punch","floor":5},{"not_picked":["Tactician","Catalyst"],"picked":"Toxin Wave","floor":7},{"not_picked":["ReplayTheSpireMod:Tripwire","Heel Hook"],"picked":"Catalyst","floor":10},{"not_picked":["Underhanded Strike","Distraction"],"picked":"Dagger Spray","floor":11},{"not_picked":["Dagger Throw","Underhanded Strike"],"picked":"Flying Knee","floor":13},{"not_picked":["Dodge and Roll","PiercingWail","Quick Slash"],"picked":"Dagger Spray","floor":14}],"player_experience":163718,"relics_obtained":[{"floor":7,"key":"infinitespire:PuzzleCube"},{"floor":13,"key":"Question Card"}],"event_choices":[{"damage_healed":0,"gold_gain":0,"player_choice":"Bought 0 Potions","damage_taken":0,"max_hp_gain":0,"max_hp_loss":0,"event_name":"The Woman in Blue","floor":2,"gold_loss":0}],"is_beta":false,"boss_relics":[],"items_purged_floors":[],"is_endless":false,"potions_floor_spawned":[3,5,7,10,13],"killed_by":"Fading Forest","ascension_level":3}}