{"host":"fevvm7bbzuh4s1jc","time":1612901849,"event":{"mods":["BaseMod","Highlight Path","Minty Spire (QoL Compilation)","Relic Stats"],"gold_per_floor":[111,261,336,18,18,18,46,46,92,127,127,140,209,224,224,301,301,315,365,375,340,340,340,359,359,385,63,130,196,224,236,236,236,236],"floor_reached":33,"language":"ENG","playtime":1710,"items_purged":["Strike_R"],"score":846,"play_id":"f3d58575-ae2f-4bbc-b084-8e69ddff525a","local_time":"20210209151729","is_ascension_mode":true,"campfire_choices":[{"data":"Doubt","floor":6.0,"key":"PURGE"},{"floor":8.0,"key":"REST"},{"data":"Blood for Blood","floor":11.0,"key":"SMITH"},{"data":"Bash","floor":15.0,"key":"SMITH"},{"floor":23.0,"key":"REST"},{"floor":25,"key":"REST"},{"data":"Strike_R","floor":32,"key":"PURGE"}],"circlet_count":0,"master_deck":["AscendersBane","Strike_R","Strike_R","Strike_R","Defend_R","Defend_R","Defend_R","Defend_R+1","Bash+1","Blood for Blood+1","Metallicize","Rampage","Headbutt","Corruption","Offering+1","Burning Pact","Cleave","Rupture","Reaper+1","Spot Weakness","Warcry+1"],"relics":["Burning Blood","Peace Pipe","White Beast Statue","SsserpentHead","Pear","PreservedInsect","Torii","Black Star","Nilry\u0027s Codex","Molten Egg 2","Red Skull","Membership Card","War Paint","Self Forming Clay","TungstenRod"],"acts_visited":["TheCity"],"potions_floor_usage":[28,28,30,31,33],"damage_taken":[{"damage":1.0,"enemies":"2 Louse","floor":1.0,"turns":4.0},{"damage":50.0,"enemies":"Lagavulin","floor":7.0,"turns":9.0},{"damage":37.0,"enemies":"3 Sentries","floor":10.0,"turns":11.0},{"damage":0.0,"enemies":"Jaw Worm","floor":12.0,"turns":4.0},{"damage":1.0,"enemies":"Small Slimes","floor":13.0,"turns":3.0},{"damage":38.0,"enemies":"Slime Boss","floor":16.0,"turns":10.0},{"damage":18.0,"enemies":"Chosen","floor":18.0,"turns":3.0},{"damage":15.0,"enemies":"3 Byrds","floor":20.0,"turns":6.0},{"damage":34,"enemies":"3 Cultists","floor":24,"turns":4},{"damage":47,"enemies":"Snake Plant","floor":28,"turns":5},{"damage":29,"enemies":"Centurion and Healer","floor":29,"turns":25},{"damage":6,"enemies":"Gremlin Leader","floor":30,"turns":6},{"damage":55,"enemies":"Shelled Parasite and Fungi","floor":31,"turns":7},{"damage":54,"enemies":"Collector","floor":33,"turns":5}],"seed_played":"-2884685463143233598","potions_obtained":[{"floor":7.0,"key":"Weak Potion"},{"floor":10.0,"key":"Block Potion"},{"floor":12.0,"key":"Ancient Potion"},{"floor":13.0,"key":"BlessingOfTheForge"},{"floor":16.0,"key":"Swift Potion"},{"floor":18.0,"key":"AttackPotion"},{"floor":20.0,"key":"CultistPotion"},{"floor":24,"key":"EntropicBrew"},{"floor":28,"key":"ElixirPotion"},{"floor":29,"key":"ColorlessPotion"},{"floor":30,"key":"Explosive Potion"},{"floor":31,"key":"Explosive Potion"}],"is_trial":false,"path_per_floor":["M","?","?","$","?","R","E","R","T","E","R","M","M","?","R","B",null,"M","?","M","?","?","R","M","R","T","$","M","M","E","M","R","B"],"character_chosen":"IRONCLAD","items_purchased":["White Beast Statue","PowerPotion","Membership Card","Reaper+1","War Paint"],"campfire_rested":3,"item_purchase_floors":[4,4,27,27,27],"current_hp_per_floor":[68,68,57,57,57,57,23,46,46,15,15,21,26,45,45,13,62,50,29,20,20,20,43,15,38,38,38,21,78,78,52,52,0,0],"gold":236,"neow_bonus":"ONE_RARE_RELIC","is_daily":false,"chose_seed":false,"campfire_upgraded":2,"win_rate":0.0,"timestamp":1612901849,"path_taken":["M","?","?","?","?","R","E","R","T","E","R","M","?","?","R","BOSS","M","?","M","?","?","R","M","R","T","$","?","?","E","M","R","BOSS"],"items_purchased_type":["Relic","Potion","Relic","Card","Relic"],"build_version":"2020-12-22","purchased_purges":1,"victory":false,"max_hp_per_floor":[68,68,68,68,68,68,78,78,78,78,78,78,78,78,78,78,78,78,78,78,78,78,78,78,78,78,78,78,78,78,78,78,78,78],"relic_stats":{"Peace Pipe":3,"SsserpentHead":350,"Torii":23,"counters":[14,102],"Self Forming Clay":[27],"PreservedInsect":81,"Black Star":1,"War Paint":["Offering","Defend_R"],"obtain_stats":[{"Pear":7,"Torii":10,"Nilry\u0027s Codex":19,"Self Forming Clay":30,"PreservedInsect":9,"War Paint":27,"Burning Blood":0,"White Beast Statue":4,"Peace Pipe":0,"SsserpentHead":5,"Molten Egg 2":21,"Black Star":17,"Membership Card":27,"Red Skull":26,"TungstenRod":30},{"Pear":2,"Torii":3,"Nilry\u0027s Codex":7,"Self Forming Clay":12,"PreservedInsect":2,"War Paint":9,"Burning Blood":0,"White Beast Statue":1,"Peace Pipe":0,"SsserpentHead":1,"Molten Egg 2":8,"Black Star":6,"Membership Card":9,"Red Skull":9,"TungstenRod":12},{"Pear":13,"Torii":24,"Nilry\u0027s Codex":44,"Self Forming Clay":90,"PreservedInsect":13,"War Paint":54,"Burning Blood":0,"White Beast Statue":4,"Peace Pipe":0,"SsserpentHead":4,"Molten Egg 2":50,"Black Star":41,"Membership Card":54,"Red Skull":54,"TungstenRod":90}],"Burning Blood":61,"TungstenRod":16},"card_choices":[{"not_picked":["Thunderclap","Clothesline"],"picked":"Blood for Blood","floor":1.0},{"not_picked":["Clash","Wild Strike"],"picked":"Metallicize","floor":7.0},{"not_picked":["Headbutt","Flex"],"picked":"Rampage","floor":10.0},{"not_picked":["Havoc","Warcry"],"picked":"Headbutt","floor":12.0},{"not_picked":["Havoc","Warcry"],"picked":"Corruption","floor":13.0},{"not_picked":["Berserk","Juggernaut"],"picked":"Offering","floor":16.0},{"not_picked":["Blood for Blood","Clothesline"],"picked":"Burning Pact","floor":18.0},{"not_picked":["Iron Wave","Thunderclap"],"picked":"Cleave","floor":20.0},{"not_picked":["Body Slam+1","Cleave+1"],"picked":"Rupture","floor":24},{"not_picked":["Wild Strike+1","Armaments","Body Slam+1"],"picked":"SKIP","floor":28},{"not_picked":["Sever Soul+1","Rage+1"],"picked":"Spot Weakness","floor":29},{"not_picked":["Wild Strike+1","Whirlwind+1"],"picked":"Warcry+1","floor":30},{"not_picked":["Twin Strike+1","Perfected Strike+1","Headbutt+1"],"picked":"SKIP","floor":31}],"player_experience":2810256,"relics_obtained":[{"floor":7.0,"key":"Pear"},{"floor":9.0,"key":"PreservedInsect"},{"floor":10.0,"key":"Torii"},{"floor":19.0,"key":"Nilry\u0027s Codex"},{"floor":26,"key":"Red Skull"},{"floor":30,"key":"Self Forming Clay"},{"floor":30,"key":"TungstenRod"}],"event_choices":[{"damage_healed":0.0,"max_hp_gain":0.0,"max_hp_loss":0.0,"gold_gain":150.0,"event_name":"Liars Game","player_choice":"AGREE","floor":2.0,"gold_loss":0.0,"damage_taken":0.0,"cards_obtained":["Doubt"]},{"damage_healed":0.0,"max_hp_gain":0.0,"max_hp_loss":0.0,"gold_gain":75.0,"event_name":"World of Goop","player_choice":"Gather Gold","floor":3.0,"gold_loss":0.0,"damage_taken":11.0},{"damage_healed":0.0,"max_hp_gain":0.0,"max_hp_loss":0.0,"gold_gain":0.0,"event_name":"FaceTrader","player_choice":"Trade","floor":5.0,"gold_loss":0.0,"damage_taken":0.0,"relics_obtained":["SsserpentHead"]},{"damage_healed":19.0,"max_hp_gain":0.0,"max_hp_loss":0.0,"gold_gain":0.0,"event_name":"The Cleric","player_choice":"Healed","floor":14.0,"gold_loss":35.0,"damage_taken":0.0},{"damage_healed":0.0,"max_hp_gain":0.0,"max_hp_loss":0.0,"gold_gain":0.0,"event_name":"Cursed Tome","player_choice":"Obtained Book","floor":19.0,"gold_loss":0.0,"damage_taken":21.0},{"damage_healed":0.0,"max_hp_gain":0.0,"max_hp_loss":0.0,"gold_gain":0.0,"event_name":"Addict","player_choice":"Obtained Relic","floor":21.0,"gold_loss":85.0,"damage_taken":0.0,"relics_obtained":["Molten Egg 2"]},{"damage_healed":0.0,"max_hp_gain":0.0,"max_hp_loss":0.0,"gold_gain":0.0,"event_name":"The Joust","player_choice":"Bet on Murderer","floor":22.0,"gold_loss":50.0,"damage_taken":0.0}],"is_beta":false,"boss_relics":[{"not_picked":["Calling Bell","Velvet Choker"],"picked":"Black Star"}],"items_purged_floors":[27],"is_endless":false,"potions_floor_spawned":[7,10,12,13,16,18,20,24,28,29,30,31],"killed_by":"Collector","ascension_level":20}}