{"host":"0cm5wy4nhuju7tij","time":1612895582,"event":{"mods":["100% Spire Juice","2.2 Compatiblity","AchievementEnabler","Aspiration","BaseMod","Better Third Choice","BetterRewards","CCEM2","CapriCore","Colored Powertips","Curses Come First","Displayed Cursed Tome","Downfall","Energized Spire","Evolution","Filter the Spire","Highlight Path","Jess\u0027s Bottle","Minty Spire (QoL Compilation)","Permanent Neow","Poor People Problems","Relic Filter Mod","Relic Stats","Shop Mod","Spicy Shops","StSLib","The Cursed","TheSurvivalist","TheVacant","Weighted Paths"],"gold_per_floor":[114,129,147,164,164,164,181,194,221,221,246,262,262,262],"floor_reached":13,"language":"ENG","playtime":924,"items_purged":[],"score":89,"play_id":"68e4f494-b8e7-4092-aa61-aeb68888c554","local_time":"20210209133302","is_ascension_mode":false,"campfire_choices":[{"data":"theVacant:VoidEmbrace","floor":6,"key":"SMITH"},{"floor":10,"key":"REST"}],"circlet_count":0,"master_deck":["theVacant:VacantStarterStrike","theVacant:VacantStarterStrike","theVacant:VacantStarterStrike","theVacant:VacantStarterStrike","theVacant:VacantStarterDefend","theVacant:VacantStarterDefend","theVacant:VacantStarterDefend","theVacant:VacantStarterDefend","theVacant:Release","theVacant:Crunch","theVacant:VoidEmbrace+1","theVacant:OnSecondThought","theVacant:ShutAway","theVacant:ShutAway","Injury","theVacant:LashOut+1","theVacant:Fling+1","theVacant:LashOut+1","theVacant:Gloom"],"relics":["theVacant:BrassGoblet","EVO:Axolotl","aspiration:Nostalgia","sneckomod:SneckoSoul","Molten Egg 2","Anchor","Eternal Feather"],"acts_visited":["Exordium"],"potions_floor_usage":[],"damage_taken":[{"damage":10,"enemies":"Small Slimes","floor":1,"turns":5},{"damage":6,"enemies":"Jaw Worm","floor":2,"turns":5},{"damage":2,"enemies":"Cultist","floor":3,"turns":6},{"damage":12,"enemies":"Looter","floor":4,"turns":4},{"damage":29,"enemies":"Lots of Slimes","floor":7,"turns":7},{"damage":14,"enemies":"Exordium Thugs","floor":8,"turns":3},{"damage":13,"enemies":"3 Sentries","floor":11,"turns":7},{"damage":0,"enemies":"2 Fungi Beasts","floor":12,"turns":1},{"damage":18,"enemies":"Lagavulin","floor":13,"turns":2}],"seed_played":"5029396894174279083","potions_obtained":[{"floor":3,"key":"Swift Potion"},{"floor":4,"key":"SpeedPotion"}],"is_trial":false,"path_per_floor":["M","M","M","M","?","R","M","M","T","R","E","M","E"],"character_chosen":"THE_VACANT","items_purchased":[],"campfire_rested":1,"item_purchase_floors":[],"current_hp_per_floor":[70,64,62,50,50,50,21,7,7,31,18,18,0,0],"gold":262,"neow_bonus":"NOSTALGIA","is_daily":false,"chose_seed":false,"campfire_upgraded":1,"win_rate":0.0,"timestamp":1612895582,"path_taken":["M","M","M","M","?","R","M","M","T","R","E","M","E"],"items_purchased_type":[],"build_version":"2020-12-22","purchased_purges":0,"victory":false,"max_hp_per_floor":[80,80,80,80,80,80,80,80,80,80,80,80,80,80],"relic_stats":{"counters":[9,40],"Eternal Feather":0,"obtain_stats":[{"Anchor":9,"theVacant:BrassGoblet":0,"aspiration:Nostalgia":0,"Molten Egg 2":5,"Eternal Feather":11,"EVO:Axolotl":0,"sneckomod:SneckoSoul":0},{"Anchor":6,"theVacant:BrassGoblet":0,"aspiration:Nostalgia":0,"Molten Egg 2":4,"Eternal Feather":7,"EVO:Axolotl":0,"sneckomod:SneckoSoul":0},{"Anchor":30,"theVacant:BrassGoblet":0,"aspiration:Nostalgia":0,"Molten Egg 2":20,"Eternal Feather":37,"EVO:Axolotl":0,"sneckomod:SneckoSoul":0}]},"card_choices":[{"not_picked":["theVacant:CursedBlast","theVacant:Barrage"],"picked":"theVacant:VoidEmbrace","floor":1},{"not_picked":["theVacant:Whip","theVacant:TwistFate"],"picked":"theVacant:OnSecondThought","floor":2},{"not_picked":["theVacant:OnSecondThought","theVacant:Return"],"picked":"theVacant:ShutAway","floor":3},{"not_picked":["theVacant:BattleScars","theVacant:Soothe"],"picked":"theVacant:ShutAway","floor":4},{"not_picked":["theVacant:SpiritOrb","theVacant:FromNothing"],"picked":"theVacant:LashOut+1","floor":7},{"not_picked":["theVacant:EyePoke+1","theVacant:ShriekingBlast+1"],"picked":"theVacant:Fling+1","floor":8},{"not_picked":["theVacant:Recover","theVacant:Fortify"],"picked":"theVacant:LashOut+1","floor":11},{"not_picked":["theVacant:EyePoke+1","theVacant:GraveWave+1"],"picked":"theVacant:Gloom","floor":12}],"player_experience":292497,"relics_obtained":[{"floor":9,"key":"Anchor"},{"floor":11,"key":"Eternal Feather"}],"event_choices":[],"is_beta":false,"boss_relics":[],"items_purged_floors":[],"is_endless":false,"potions_floor_spawned":[3,4,8],"killed_by":"Lagavulin","ascension_level":0}}