{"host":"syozzdlzcqop4jia","time":1612828799,"event":{"mods":["BaseMod","Colored Map","Colored Powertips","Minty Spire (QoL Compilation)","Quick Restart"],"gold_per_floor":[110,130,145,145,34,65,65,98,180,198,198,25,54,64,64,165,165,181,200,53,68,81,81,81,81,81,6,21,41,74,74,74],"floor_reached":31,"language":"ENG","playtime":1768,"items_purged":[],"score":371,"play_id":"65c5c2a6-4e85-45ca-b873-3364c86cd3df","local_time":"20210209005959","is_ascension_mode":true,"campfire_choices":[{"floor":11,"key":"RECALL"},{"floor":15,"key":"REST"},{"floor":23,"key":"REST"},{"floor":25,"key":"REST"}],"circlet_count":0,"master_deck":["Strike_R","Strike_R","Strike_R","Strike_R","Strike_R","Defend_R","Defend_R","Defend_R","Defend_R","Bash","Pummel+1","Shrug It Off","Pommel Strike","Wild Strike","Swift Strike","Spot Weakness","Cleave","Twin Strike","Ghostly Armor","Swift Strike","Berserk","Carnage","Flex","Bludgeon","Inflame","Inflame","Flame Barrier","Flex","Ghostly Armor+1","Impatience","Headbutt+1","Demon Form","Twin Strike","Flex","Heavy Blade"],"relics":["Burning Blood","TungstenRod","Dream Catcher","PreservedInsect","Velvet Choker","Pantograph","Matryoshka"],"acts_visited":["Exordium","TheCity"],"potions_floor_usage":[13,18,21,21,29,30],"damage_taken":[{"damage":7,"enemies":"Small Slimes","floor":1,"turns":4},{"damage":9,"enemies":"Jaw Worm","floor":2,"turns":4},{"damage":10,"enemies":"Cultist","floor":3,"turns":5},{"damage":16,"enemies":"Gremlin Nob","floor":6,"turns":4},{"damage":28,"enemies":"Lagavulin","floor":8,"turns":7},{"damage":13,"enemies":"Exordium Thugs","floor":10,"turns":3},{"damage":22,"enemies":"3 Sentries","floor":13,"turns":7},{"damage":0,"enemies":"Red Slaver","floor":14,"turns":3},{"damage":14,"enemies":"Slime Boss","floor":16,"turns":7},{"damage":20,"enemies":"3 Byrds","floor":18,"turns":5},{"damage":5,"enemies":"Chosen","floor":19,"turns":3},{"damage":22,"enemies":"Sentry and Sphere","floor":21,"turns":4},{"damage":42,"enemies":"Shelled Parasite and Fungi","floor":22,"turns":4},{"damage":32,"enemies":"Snake Plant","floor":28,"turns":4},{"damage":0,"enemies":"Cultist and Chosen","floor":29,"turns":4},{"damage":21,"enemies":"Slavers","floor":30,"turns":5},{"damage":34,"enemies":"Centurion and Healer","floor":31,"turns":4}],"seed_played":"3332391192587683659","potions_obtained":[{"floor":1,"key":"Strength Potion"},{"floor":3,"key":"Strength Potion"},{"floor":6,"key":"EssenceOfSteel"},{"floor":10,"key":"BlessingOfTheForge"},{"floor":13,"key":"SkillPotion"},{"floor":19,"key":"ColorlessPotion"},{"floor":30,"key":"Fruit Juice"}],"is_trial":false,"path_per_floor":["M","M","M","?","$","E","?","E","T","M","R","$","E","M","R","B",null,"M","M","$","M","M","R","?","R","T","$","M","M","E","M"],"character_chosen":"IRONCLAD","items_purchased":["Wild Strike","Swift Strike","Ghostly Armor","Swift Strike","Inflame","Flame Barrier","Demon Form"],"campfire_rested":3,"item_purchase_floors":[5,5,12,12,20,20,27],"current_hp_per_floor":[87,84,80,80,80,70,70,48,48,41,41,41,25,31,57,49,78,64,65,65,49,13,39,29,55,55,55,29,35,25,0,0],"gold":74,"neow_bonus":"TEN_PERCENT_HP_BONUS","is_daily":false,"chose_seed":false,"campfire_upgraded":0,"win_rate":0.0,"timestamp":1612828799,"path_taken":["M","M","M","?","$","E","?","E","T","M","R","?","E","?","R","BOSS","M","M","$","M","M","R","?","R","T","?","M","M","E","M"],"items_purchased_type":["Card","Card","Card","Card","Card","Card","Card"],"build_version":"2020-12-22","purchased_purges":0,"victory":false,"max_hp_per_floor":[88,88,88,88,88,88,88,88,88,88,88,88,88,88,88,88,88,88,88,88,88,88,88,88,88,88,88,88,88,93,93,93],"card_choices":[{"not_picked":["Wild Strike","Pommel Strike"],"picked":"Pummel","floor":1},{"not_picked":["Clash","Metallicize"],"picked":"Shrug It Off","floor":2},{"not_picked":["Dark Embrace","Burning Pact"],"picked":"Pommel Strike","floor":3},{"not_picked":["Perfected Strike","Clothesline"],"picked":"Spot Weakness","floor":6},{"not_picked":["Metallicize","Evolve"],"picked":"Cleave","floor":8},{"not_picked":["Bloodletting","Pommel Strike"],"picked":"Twin Strike","floor":10},{"not_picked":["Clash","Burning Pact"],"picked":"Berserk","floor":13},{"not_picked":["Dark Embrace","Havoc"],"picked":"Carnage","floor":14},{"not_picked":["Rampage","Intimidate"],"picked":"Flex","floor":15},{"not_picked":["Fiend Fire","Exhume"],"picked":"Bludgeon","floor":16},{"not_picked":["Cleave+1","Clash+1"],"picked":"Inflame","floor":18},{"not_picked":["Thunderclap","Shockwave","Havoc"],"picked":"SKIP","floor":19},{"not_picked":["Rampage","Dual Wield"],"picked":"Flex","floor":21},{"not_picked":["Sever Soul","Combust"],"picked":"Ghostly Armor+1","floor":22},{"not_picked":["Thunderclap","True Grit"],"picked":"Headbutt+1","floor":25},{"not_picked":["Rupture+1","Dark Embrace"],"picked":"Twin Strike","floor":28},{"not_picked":["Havoc","Clash"],"picked":"Flex","floor":29},{"not_picked":["Headbutt","Uppercut+1"],"picked":"Heavy Blade","floor":30}],"player_experience":645060,"relics_obtained":[{"floor":6,"key":"TungstenRod"},{"floor":8,"key":"Dream Catcher"},{"floor":13,"key":"PreservedInsect"},{"floor":26,"key":"Pantograph"},{"floor":30,"key":"Matryoshka"}],"event_choices":[{"damage_healed":0,"gold_gain":0,"player_choice":"Grow","damage_taken":0,"max_hp_gain":0,"max_hp_loss":0,"event_name":"Living Wall","floor":4,"gold_loss":0,"cards_upgraded":["Pummel"]},{"damage_healed":0,"gold_gain":0,"player_choice":"Ignored","damage_taken":0,"max_hp_gain":0,"max_hp_loss":0,"event_name":"Liars Game","floor":7,"gold_loss":0},{"damage_healed":0,"gold_gain":0,"player_choice":"CARD ","damage_taken":12,"max_hp_gain":0,"max_hp_loss":0,"event_name":"Knowing Skull","floor":24,"potions_obtained":[],"gold_loss":0,"cards_obtained":["Impatience"]}],"is_beta":false,"boss_relics":[{"not_picked":["SacredBark","Astrolabe"],"picked":"Velvet Choker"}],"items_purged_floors":[],"is_endless":false,"potions_floor_spawned":[1,3,6,10,13,19,30],"killed_by":"Centurion and Healer","ascension_level":5}}