{"host":"ihsge0lre3slh6sc","time":1612858257,"event":{"mods":["Act Like it!","Arknights","BaseMod","CapriCore","Highlight Path","Lobotomy","LobotomyExtend","Marisa£®ÏF”Í°°ƒß¿Ì…≥£©","Minty Spire (QoL Compilation)","MostiFishMod","Quick Restart","Remilia£®¿Ÿ√◊¿Ú—«£©","Shop Mod","StSLib","TestMod","The Immortal","Waifu the Spire","WarShipGirlsR/’ΩΩ¢…Ÿ≈ÆR mod","Yakumo Yukari mod","Youmu£®ªÍ∆«—˝√Œ£©","[IsaacMod]“‘»ˆº‚À˛","°æ“≈ŒÔø®≈∆°øREMEMod","ÛÙª÷∏ƒœ"],"gold_per_floor":[116,116,126,143,143,175,175,194,194,194,194],"floor_reached":10,"language":"ZHS","playtime":625,"items_purged":[],"score":78,"play_id":"80692170-a850-4ff9-9262-2511eb54c4f8","local_time":"20210209161057","is_ascension_mode":true,"campfire_choices":[{"data":"ats:Emotion Absorption","floor":7.0,"key":"SMITH"}],"circlet_count":0,"master_deck":["ats:Strike C","ats:Strike S","ats:Strike V","ats:Armor Crushing Shot","ats:Defend","ats:Defend","ats:Defend","ats:Emotion Absorption+1","ats:Soul Rend","ats:Defend","ats:Guard Mode","ats:Mental Burst","ats:Apocalypse","ats:Absolute Focus","ats:Shadow Assault"],"relics":["ats:Sanity","HushsDoor","testmod-TestBox","DaveBox","REME_ComplimentaryCards","MetatronsCube","testmod-OneHitWonder","GuppysTail","SynthV:TestCard","ats:Originium","Ornamental Fan"],"acts_visited":["Exordium"],"potions_floor_usage":[10],"damage_taken":[{"damage":1.0,"enemies":"2 Louse","floor":1.0,"turns":3.0},{"damage":1.0,"enemies":"Small Slimes","floor":3.0,"turns":4.0},{"damage":3.0,"enemies":"ats:Genji","floor":4.0,"turns":2.0},{"damage":30.0,"enemies":"Gremlin Nob","floor":6.0,"turns":4.0},{"damage":3,"enemies":"Blue Slaver","floor":8,"turns":3},{"damage":41,"enemies":"Lagavulin","floor":10,"turns":4}],"seed_played":"-6494523535513270124","potions_obtained":[{"floor":4.0,"key":"ats:Emergency Sanity Potion"},{"floor":8,"key":"DistilledChaos"}],"is_trial":false,"path_per_floor":["M","?","M","M","?","E","R","M","T","E"],"character_chosen":"DOCTOR_CLASS","items_purchased":[],"campfire_rested":0,"item_purchase_floors":[],"current_hp_per_floor":[54,47,50,47,47,25,25,22,22,0,0],"gold":194,"neow_bonus":"THREE_RARE_CARDS","is_daily":false,"chose_seed":false,"campfire_upgraded":1,"win_rate":0.0,"timestamp":1612858257,"path_taken":["M","?","M","M","?","E","R","M","T","E"],"items_purchased_type":[],"build_version":"2020-12-22","purchased_purges":0,"victory":false,"max_hp_per_floor":[72,72,72,72,72,72,72,72,72,72,72],"card_choices":[{"not_picked":["ats:Volcano","ats:Shadow Assault"],"picked":"ats:Soul Rend","floor":0.0},{"not_picked":["ats:Cat Scratch","ats:Powerful Strike"],"picked":"ats:Guard Mode","floor":1.0},{"not_picked":["ats:Powerful Strike","ats:Defend Order","ats:Flexible Camouflage","ats:Counter Healing Mode"],"picked":"ats:Mental Burst","floor":3.0},{"not_picked":["ats:Beaten Up","ats:Consecutive Shot Auto","ats:Assault Order","ats:Phantom"],"picked":"ats:Apocalypse","floor":4.0},{"not_picked":["ats:Hammer On","ats:Sunburst","ats:Leaping Hammer","ats:Overload"],"picked":"ats:Shadow Assault","floor":6.0},{"not_picked":["ats:Mental Burst","ats:Curse Doll","ats:Consecutive Shot Auto","ats:Explosion Area Strengthen","ats:Poison Spread"],"picked":"SKIP","floor":8}],"player_experience":830987,"relics_obtained":[{"floor":1.0,"key":"SynthV:TestCard"},{"floor":6.0,"key":"ats:Originium"},{"floor":6.0,"key":"Ornamental Fan"}],"event_choices":[{"cards_removed":["ats:Defend"],"damage_healed":0.0,"max_hp_gain":0.0,"max_hp_loss":0.0,"gold_gain":0.0,"event_name":"Golden Wing","player_choice":"Card Removal","floor":2.0,"gold_loss":0.0,"damage_taken":7.0},{"damage_healed":0.0,"max_hp_gain":0.0,"max_hp_loss":0.0,"gold_gain":0.0,"cards_transformed":["ats:Strike G"],"event_name":"Living Wall","player_choice":"Change","floor":5.0,"gold_loss":0.0,"damage_taken":0.0,"cards_obtained":["ats:Absolute Focus"]}],"is_beta":false,"boss_relics":[],"items_purged_floors":[],"is_endless":false,"potions_floor_spawned":[4,8],"killed_by":"Lagavulin","ascension_level":3}}