{"host":"0068lo8nqxkxlxxx","time":1612838869,"event":{"mods":["2.2 Compatiblity","AchievementEnabler","Act Like it!","Aspiration","BaseMod","Bestiary","Better Altar","Better Match","Better Note","Better Sensory Stone","Better Skull","Better Third Choice","BetterRewards","Colored Map","Elementarium","Energized Spire","Fox Events","Friendly Minions","GifTheSpireLib","Halation","Hubris","Infinite Spire","Jedi Mod","Minty Spire (QoL Compilation)","Pale of the Ancients","Potionbrewer","Rare Cards Sparkle","Reliquary","Replay The Spire","Shop Mod","Somnambulant","Spicy Shops","Spikes Relics","Spire Arcade","StSLib","Stuff the Spire","The Disciple","The Gatherer","The Jungle","The Marked","The Sage","Trackpad"],"gold_per_floor":[117,137,137,137,155,178,27,27,27,41,79,79,111,133,133,256,256,256,256,278,317,338,338,338,338,386,401,420,452,452,8,8,122,122,152,152,173,173,191,191],"floor_reached":39,"language":"ENG","playtime":2452,"items_purged":["Strike_R"],"score":395,"play_id":"b5ba43d2-aab5-4649-9e16-68a752389909","local_time":"20210208214749","is_ascension_mode":false,"campfire_choices":[{"floor":8,"key":"REST"},{"data":"Mayhem","floor":12,"key":"SMITH"},{"floor":15,"key":"REST"},{"floor":23,"key":"REST"},{"floor":25,"key":"REST"},{"floor":32,"key":"REST"}],"circlet_count":0,"master_deck":["Strike_R","Strike_R","Strike_R","Defend_R","Defend_R","Defend_R","Defend_R","Bash","Mayhem+1","Thunderclap","StuffTheSpire:Incineration","Heavy Blade","Sword Boomerang","Rampage","Defy Death","Feel No Pain","Sword Boomerang","jedi:unlimitedpower","Headbutt","Iron Wave+1","Pommel Strike","Shrug It Off","Searing Blow","Reaper","Seeing Red+1","Sickly"],"relics":["Burning Blood","trackpad:IceCube","potionbrewer:MortarAndPestle","infinitespire:Midas Blood","reliquary:TuningFork","halation:PinkSoulGem","Regal Pillow","hubris:IronBody","MealTicket","StuffTheSpire:SapphireSignet","sagemod:Falmels_Amulet","Ooze Armor","Ring of Chaos","trackpad:AdjectivePendant","hubris:Towel","MerchantsRug","aspiration:HummingbirdHeart","Strawberry","aspiration:RunicSpoon","Ring of Panic"],"acts_visited":["Exordium","TheCity","TheBeyond"],"potions_floor_usage":[5,14,18,22,28,33,37],"damage_taken":[{"damage":11,"enemies":"Jaw Worm","floor":1,"turns":5},{"damage":0,"enemies":"Cultist","floor":2,"turns":3},{"damage":15,"enemies":"Small Slimes","floor":5,"turns":3},{"damage":5,"enemies":"Looter","floor":6,"turns":3},{"damage":6,"enemies":"3 Louse","floor":10,"turns":3},{"damage":16,"enemies":"Gremlin Nob","floor":11,"turns":4},{"damage":21,"enemies":"Lagavulin","floor":13,"turns":7},{"damage":5,"enemies":"Blue Slaver","floor":14,"turns":4},{"damage":84,"enemies":"Fading Forest","floor":16,"turns":11},{"damage":0,"enemies":"Shell Parasite","floor":18,"turns":1},{"damage":18,"enemies":"Spheric Guardian","floor":20,"turns":4},{"damage":72,"enemies":"Centurion and Healer","floor":21,"turns":8},{"damage":18,"enemies":"Cultist and Chosen","floor":22,"turns":7},{"damage":10,"enemies":"Sentry and Sphere","floor":27,"turns":5},{"damage":15,"enemies":"Shelled Parasite and Fungi","floor":28,"turns":5},{"damage":50,"enemies":"Centurion and Healer","floor":29,"turns":5},{"damage":80,"enemies":"Automaton","floor":33,"turns":10},{"damage":19,"enemies":"3 Darklings","floor":35,"turns":5},{"damage":24,"enemies":"Orb Walker","floor":37,"turns":2},{"damage":68,"enemies":"Sphere and 2 Shapes","floor":39,"turns":4}],"seed_played":"5396184726624759282","potions_obtained":[{"floor":2,"key":"jedi:StrikingPotion"},{"floor":5,"key":"SmokeBomb"},{"floor":13,"key":"Adrenaline Potion"},{"floor":21,"key":"Regen Potion"},{"floor":27,"key":"BloodPotion"},{"floor":28,"key":"Elixir"},{"floor":29,"key":"potionbrewer:HastePotion"},{"floor":33,"key":"Fire Potion"},{"floor":37,"key":"Energy Potion"}],"is_trial":false,"path_per_floor":["M","M","?","?","M","M","$","R","T","M","E","R","E","M","R","B",null,"M","?","M","M","M","R","?","R","T","M","M","M","?","$","R","B",null,"M","?","M","?","M"],"character_chosen":"IRONCLAD","items_purchased":["trackpad:IceCube","potionbrewer:MortarAndPestle","Mayhem","Thunderclap","Regal Pillow","MerchantsRug","aspiration:HummingbirdHeart","Strawberry"],"campfire_rested":5,"item_purchase_floors":[0,0,0,0,7,31,31,31],"current_hp_per_floor":[51,57,57,57,48,49,49,80,80,80,70,70,55,56,80,14,80,80,80,70,8,29,68,68,80,80,76,80,36,36,58,87,13,87,74,74,58,58,0,0],"gold":191,"neow_bonus":"","is_daily":false,"chose_seed":false,"campfire_upgraded":1,"win_rate":0.0,"timestamp":1612838869,"path_taken":["M","M","?","?","?","M","$","R","T","M","E","R","E","M","R","BOSS","M","?","M","?","M","R","?","R","T","M","M","M","?","$","R","BOSS","M","?","M","?","M"],"items_purchased_type":["Relic","Relic","Card","Card","Relic","Relic","Relic","Relic"],"build_version":"2020-12-22","purchased_purges":1,"victory":false,"max_hp_per_floor":[80,80,80,80,80,80,80,80,80,80,80,80,80,80,80,80,80,80,80,80,80,80,80,80,80,80,80,80,80,80,87,87,87,87,87,87,87,87,87,87],"card_choices":[{"not_picked":["StuffTheSpire:Slingshot","Rupture"],"picked":"StuffTheSpire:Incineration","floor":1},{"not_picked":["Clash","jedi:fear"],"picked":"Heavy Blade","floor":2},{"not_picked":["StuffTheSpire:Slingshot","Massacre"],"picked":"Sword Boomerang","floor":5},{"not_picked":["Sever Soul","Entrench"],"picked":"Rampage","floor":6},{"not_picked":["Thunderclap","ReplayTheSpireMod:Strike From Hell"],"picked":"Defy Death","floor":10},{"not_picked":["Clash","Combust"],"picked":"Feel No Pain","floor":11},{"not_picked":["jedi:controlledanger","Clothesline"],"picked":"Sword Boomerang","floor":13},{"not_picked":["Blood for Blood","Immolate","ReplayTheSpireMod:Corrosion Curse"],"picked":"SKIP","floor":14},{"not_picked":["Eclipse","Offering"],"picked":"jedi:unlimitedpower","floor":16},{"not_picked":["Run Through","Clothesline"],"picked":"Headbutt","floor":20},{"not_picked":["Battle Trance","StuffTheSpire:BloodClot"],"picked":"Iron Wave+1","floor":21},{"not_picked":["Hemogenesis","Clothesline+1"],"picked":"Pommel Strike","floor":22},{"not_picked":["Anger","Absolvement+1"],"picked":"Shrug It Off","floor":27},{"not_picked":["Headbutt","Pummel","Perfected Strike+1"],"picked":"SKIP","floor":28},{"not_picked":["Warcry","Clothesline+1"],"picked":"Searing Blow","floor":29},{"not_picked":["Replay:Many Hands","Eclipse"],"picked":"Reaper","floor":33},{"not_picked":["Body Slam+1","Heavy Blade"],"picked":"Seeing Red+1","floor":35},{"not_picked":["Replay:Undeath\u0027s Touch","StuffTheSpire:RockThrow","jedi:fear"],"picked":"SKIP","floor":37}],"player_experience":106238,"relics_obtained":[{"floor":9,"key":"hubris:IronBody"},{"floor":11,"key":"MealTicket"},{"floor":13,"key":"StuffTheSpire:SapphireSignet"},{"floor":26,"key":"trackpad:AdjectivePendant"},{"floor":36,"key":"Ring of Panic"}],"event_choices":[{"cards_removed":["Strike_R"],"damage_healed":0,"gold_gain":0,"player_choice":"Forget","damage_taken":0,"max_hp_gain":0,"max_hp_loss":0,"event_name":"Living Wall","floor":4,"gold_loss":0},{"cards_removed":["Strike_R"],"damage_healed":0,"gold_gain":0,"player_choice":"Give","damage_taken":0,"max_hp_gain":0,"max_hp_loss":0,"event_name":"betterNote:BetterNote","floor":19,"gold_loss":0,"cards_obtained":["Defend_G"]}],"is_beta":false,"boss_relics":[{"not_picked":["energizedSpire:HugeHouse","jedi:hotpepper"],"picked":"Replay:Grab Bag"},{"not_picked":["jedi:paperlyon","energizedSpire:CursedPentagram"],"picked":"sagemod:Falmels_Amulet"},{"not_picked":["ChewingGum","Fusion Hammer"],"picked":"Ooze Armor"},{"not_picked":["Runic Pyramid","hubris:BlackHole"],"picked":"Ring of Chaos"},{"not_picked":["halation:Prosthetics","StuffTheSpire:RunicHypercube"],"picked":"aspiration:RunicSpoon"}],"items_purged_floors":[0],"is_endless":false,"potions_floor_spawned":[2,5,13,21,27,28,29,33,37],"killed_by":"Sphere and 2 Shapes","ascension_level":0}}