{"host":"zsnmfqgcm92hlreo","time":1612857016,"event":{"mods":["AchievementEnabler","BaseMod","Bestiary","Block Reminder","Colored Map","Colored Powertips","Minty Spire (QoL Compilation)","Permanent Neow","Quick Restart","Relic Stats","StSLib","Weighted Paths"],"gold_per_floor":[115,126,126,136,101,128,128,167,250,276,288,330,342,370,382,469,481,510,536,559,244,244,244,262,262,262],"floor_reached":25,"language":"ENG","playtime":772,"items_purged":["Strike_R"],"score":446,"play_id":"e3cf7077-ed6c-47ee-add1-d14fa89609b4","local_time":"20210209015016","is_ascension_mode":true,"campfire_choices":[{"floor":11.0,"key":"REST"},{"floor":13.0,"key":"REST"},{"data":"Demon Form","floor":15.0,"key":"SMITH"},{"floor":23.0,"key":"REST"}],"circlet_count":0,"master_deck":["AscendersBane","Strike_R","Strike_R","Strike_R+1","Strike_R","Defend_R","Defend_R","Defend_R","Defend_R","Bash","Fire Breathing","Shockwave","Clothesline+1","Shrug It Off","Pommel Strike","Heavy Blade","Battle Trance","Demon Form+1","Immolate","Sword Boomerang","Uppercut+1","Disarm"],"relics":["Philosopher\u0027s Stone","Champion Belt","MawBank","Art of War","Letter Opener","Whetstone","Velvet Choker","Bag of Preparation"],"acts_visited":["Exordium","TheCity"],"potions_floor_usage":[25],"damage_taken":[{"damage":5.0,"enemies":"2 Louse","floor":1.0,"turns":3.0},{"damage":16.0,"enemies":"Small Slimes","floor":2.0,"turns":3.0},{"damage":4.0,"enemies":"Cultist","floor":4.0,"turns":4.0},{"damage":28.0,"enemies":"Gremlin Nob","floor":6.0,"turns":4.0},{"damage":10.0,"enemies":"3 Sentries","floor":8.0,"turns":4.0},{"damage":5.0,"enemies":"3 Louse","floor":10.0,"turns":3.0},{"damage":28.0,"enemies":"Gremlin Nob","floor":12.0,"turns":4.0},{"damage":0.0,"enemies":"Gremlin Gang","floor":14.0,"turns":3.0},{"damage":34.0,"enemies":"The Guardian","floor":16.0,"turns":7.0},{"damage":36.0,"enemies":"3 Byrds","floor":18.0,"turns":4.0},{"damage":14.0,"enemies":"Chosen","floor":19.0,"turns":4.0},{"damage":23.0,"enemies":"Snake Plant","floor":20.0,"turns":4.0},{"damage":16.0,"enemies":"Centurion and Healer","floor":24.0,"turns":4.0},{"damage":49,"enemies":"Slavers","floor":25,"turns":4}],"seed_played":"-6758161121003676569","potions_obtained":[{"floor":1.0,"key":"LiquidMemories"},{"floor":2.0,"key":"Regen Potion"},{"floor":12.0,"key":"Explosive Potion"},{"floor":16.0,"key":"BloodPotion"},{"floor":20.0,"key":"BlessingOfTheForge"},{"floor":24.0,"key":"FairyPotion"}],"is_trial":false,"path_per_floor":["M","M","?","M","?","E","?","E","T","M","R","E","R","M","R","B",null,"M","M","M","$","?","R","M","E"],"character_chosen":"IRONCLAD","items_purchased":["Bag of Preparation","Uppercut"],"campfire_rested":3,"item_purchase_floors":[21,21],"current_hp_per_floor":[63,47,52,48,68,40,40,42,42,37,61,33,57,57,57,23,66,46,32,9,9,9,33,17,0,0],"gold":262,"neow_bonus":"BOSS_RELIC","is_daily":false,"chose_seed":false,"campfire_upgraded":1,"win_rate":0.0,"timestamp":1612857016,"path_taken":["M","M","?","M","?","E","?","E","T","?","R","E","R","M","R","BOSS","M","M","M","$","?","R","?","E"],"items_purchased_type":["Relic","Card"],"build_version":"2020-12-22","purchased_purges":1,"victory":false,"max_hp_per_floor":[75,75,80,80,80,80,80,80,80,80,80,80,80,80,80,80,80,80,80,80,80,80,80,80,80,80],"relic_stats":{"counters":[14,55],"Art of War":[1],"Bag of Preparation":[4],"Champion Belt":[22],"Letter Opener":[20],"Whetstone":["Clothesline","Strike_R"],"MawBank":168,"obtain_stats":[{"Velvet Choker":17,"Philosopher\u0027s Stone":0,"Art of War":8,"Bag of Preparation":21,"Champion Belt":6,"Letter Opener":9,"Whetstone":12,"MawBank":7,"Burning Blood":0},{"Velvet Choker":9,"Philosopher\u0027s Stone":0,"Art of War":5,"Bag of Preparation":12,"Champion Belt":4,"Letter Opener":5,"Whetstone":7,"MawBank":4,"Burning Blood":0},{"Velvet Choker":35,"Philosopher\u0027s Stone":0,"Art of War":18,"Bag of Preparation":47,"Champion Belt":14,"Letter Opener":18,"Whetstone":25,"MawBank":14,"Burning Blood":0}]},"card_choices":[{"not_picked":["Blood for Blood","Bloodletting"],"picked":"Fire Breathing","floor":1.0},{"not_picked":["Sword Boomerang","Iron Wave"],"picked":"Shockwave","floor":2.0},{"not_picked":["Shrug It Off","Sever Soul"],"picked":"Clothesline","floor":4.0},{"not_picked":["Cleave","Sever Soul"],"picked":"Shrug It Off","floor":6.0},{"not_picked":["Warcry","Clash"],"picked":"Pommel Strike","floor":8.0},{"not_picked":["Rage","Power Through"],"picked":"Heavy Blade","floor":10.0},{"not_picked":["Dark Embrace","Blood for Blood"],"picked":"Battle Trance","floor":12.0},{"not_picked":["True Grit","Hemokinesis"],"picked":"Demon Form","floor":14.0},{"not_picked":["Berserk","Exhume"],"picked":"Immolate","floor":16.0},{"not_picked":["Rage","Clash"],"picked":"Sword Boomerang","floor":18.0},{"not_picked":["Hemokinesis+1","Flex+1","Dark Embrace"],"picked":"SKIP","floor":19.0},{"not_picked":["Fire Breathing","Perfected Strike","Sentinel"],"picked":"SKIP","floor":20.0},{"not_picked":["Rampage","Iron Wave"],"picked":"Disarm","floor":24.0}],"player_experience":1059694,"relics_obtained":[{"floor":6.0,"key":"Champion Belt"},{"floor":7.0,"key":"MawBank"},{"floor":8.0,"key":"Art of War"},{"floor":9.0,"key":"Letter Opener"},{"floor":12.0,"key":"Whetstone"}],"event_choices":[{"damage_healed":0.0,"max_hp_gain":5.0,"max_hp_loss":0.0,"gold_gain":0.0,"event_name":"Big Fish","player_choice":"Donut","floor":3.0,"gold_loss":0.0,"damage_taken":0.0},{"damage_healed":20.0,"max_hp_gain":0.0,"max_hp_loss":0.0,"gold_gain":0.0,"event_name":"The Cleric","player_choice":"Healed","floor":5.0,"gold_loss":35.0,"damage_taken":0.0},{"damage_healed":0.0,"max_hp_gain":0.0,"max_hp_loss":0.0,"gold_gain":0.0,"event_name":"Wheel of Change","player_choice":"Relic","floor":7.0,"gold_loss":0.0,"damage_taken":0.0},{"damage_healed":0.0,"max_hp_gain":0.0,"max_hp_loss":0.0,"gold_gain":0.0,"event_name":"Upgrade Shrine","player_choice":"Upgraded","floor":22.0,"gold_loss":0.0,"damage_taken":0.0,"cards_upgraded":["Uppercut"]}],"is_beta":false,"boss_relics":[{"not_picked":["Empty Cage","SacredBark"],"picked":"Velvet Choker"}],"items_purged_floors":[21],"is_endless":false,"potions_floor_spawned":[1,2,12,16,20,24],"killed_by":"Slavers","ascension_level":20}}