{"host":"df48i9djcn92c5sx","time":1612873657,"event":{"mods":["Act Like it!","Arknights","BaseMod","Decade(王小明)","Downfall","Gensokyo","Marisa（F雨　魔理沙）","Minty Spire (QoL Compilation)","READ ME - Guardian Mod","READ ME - Snecko Mod","Reimu（博丽灵梦）","Remilia（蕾米莉亚）","Shop Mod","StSLib","The Jungle","The Servant 0.9.4"],"gold_per_floor":[99,99,99,99,99,99,99,99,129,129,161,161,261,278,296,392,392,392,410,425,425,425,425,425,425,283,293,307,148,148,175,191,286,286,286,305,305,160,160,160,160,188,88,99,116,16,33,59,59,59],"floor_reached":48,"language":"ZHS","playtime":5197,"items_purged":["bronze:Strike"],"score":563,"play_id":"a8931c39-fee9-4d34-abc6-3922788227ce","local_time":"20210209202737","is_ascension_mode":true,"campfire_choices":[{"data":"bronze:Replicate","floor":1.0,"key":"SMITH"},{"data":"bronze:Separator","floor":6.0,"key":"SMITH"},{"data":"bronze:WhirlingStrike","floor":8.0,"key":"SMITH"},{"data":"bronze:Branch","floor":12.0,"key":"SMITH"},{"data":"bronze:RecursiveStrike","floor":18.0,"key":"SMITH"},{"data":"bronze:FollowUp","floor":23.0,"key":"SMITH"},{"data":"bronze:Virus","floor":25.0,"key":"SMITH"},{"data":"bronze:InfiniteBeams","floor":30.0,"key":"SMITH"},{"floor":35.0,"key":"RECALL"},{"data":"bronze:Mutator","floor":43.0,"key":"SMITH"},{"data":"bronze:Hardcode","floor":46,"key":"SMITH"}],"circlet_count":0,"master_deck":["bronze:Strike","bronze:Defend","bronze:Defend","bronze:Defend","bronze:Defend","bronze:Replicate+1","bronze:Goto","bronze:Separator+1","bronze:WhirlingStrike+1","bronze:Repair+1","bronze:Branch+1","bronze:Frontload+1","bronze:Virus+1","bronze:RecursiveStrike+1","bronze:FollowUp+1","bronze:Constructor+1","bronze:InfiniteBeams+1","bronze:BitShift+1","bronze:Format+1","bronze:FindAndReplace+1","bronze:Overload+1","bronze:Hardcode+1","bronze:Optimize","bronze:Mutator+1","Parasite","bronze:FineTuning+1","bronze:Boost+1","bronze:TinkerersToolbox+1"],"relics":["bronze:BronzeCore","downfall:HeartsMalice","Toxic Egg 2","Dream Catcher","Darkstone Periapt","Runic Dome","Blue Candle","Pear","bronze:CableSpool","Sozu","HandDrill","InkBottle","PureWhite:ReiMu","downfall:HeartBlessingRed","downfall:HeartBlessingGreen","StoneCalendar"],"acts_visited":["Exordium","TheCity","TheBeyond"],"potions_floor_usage":[],"damage_taken":[{"damage":0.0,"enemies":"Cultist","floor":2.0,"turns":1.0},{"damage":0.0,"enemies":"downfall:FleeingMerchant","floor":3.0,"turns":1.0},{"damage":0.0,"enemies":"downfall:FleeingMerchant","floor":4.0,"turns":1.0},{"damage":19.0,"enemies":"3 Sentries","floor":9.0,"turns":6.0},{"damage":12.0,"enemies":"Lagavulin","floor":11.0,"turns":7.0},{"damage":0.0,"enemies":"Small Slimes","floor":14.0,"turns":2.0},{"damage":0.0,"enemies":"2 Louse","floor":15.0,"turns":2.0},{"damage":42.0,"enemies":"WA_ARCHETYPE_RETAIN","floor":16.0,"turns":7.0},{"damage":0.0,"enemies":"Chosen","floor":19.0,"turns":3.0},{"damage":0.0,"enemies":"3 Byrds","floor":20.0,"turns":3.0},{"damage":0.0,"enemies":"downfall:FleeingMerchant","floor":26.0,"turns":4.0},{"damage":8.0,"enemies":"3 Cultists","floor":27.0,"turns":4.0},{"damage":17.0,"enemies":"Centurion and Healer","floor":28.0,"turns":6.0},{"damage":0.0,"enemies":"downfall:FleeingMerchant","floor":29.0,"turns":4.0},{"damage":25.0,"enemies":"Book of Stabbing","floor":31.0,"turns":6.0},{"damage":11.0,"enemies":"Sentry and Sphere","floor":32.0,"turns":5.0},{"damage":36.0,"enemies":"SI_MIRROR_ARCHETYPE","floor":33.0,"turns":6.0},{"damage":10.0,"enemies":"3 Darklings","floor":36.0,"turns":5.0},{"damage":24.0,"enemies":"Reptomancer","floor":42.0,"turns":6.0},{"damage":25.0,"enemies":"3 Shapes","floor":44.0,"turns":5.0},{"damage":15,"enemies":"Writhing Mass","floor":45,"turns":3},{"damage":36,"enemies":"4 Shapes","floor":47,"turns":6},{"damage":13,"enemies":"Nemesis","floor":48,"turns":5}],"seed_played":"-1785496785105496114","potions_obtained":[{"floor":9.0,"key":"Dexterity Potion"},{"floor":14.0,"key":"bronze:FreeFunctionsPotion"},{"floor":19.0,"key":"FearPotion"},{"floor":31.0,"key":"Fire Potion"},{"floor":32.0,"key":"Fire Potion"},{"floor":33.0,"key":"bronze:FreeFunctionsPotion"}],"is_trial":false,"path_per_floor":["R","M","$","$","?","R","T","R","E","?","E","R","?","M","M","B",null,"R","M","M","?","T","R","T","R","$","M","M","$","R","E","M","B",null,"R","M","?","$","$","?","T","E","R","M","M","R","M","E"],"character_chosen":"THE_AUTOMATON","items_purchased":["bronze:Constructor+1","bronze:InfiniteBeams","bronze:Format+1","Pear","HandDrill"],"campfire_rested":0,"item_purchase_floors":[26,26,29,29,38],"current_hp_per_floor":[70,70,70,70,70,70,70,70,51,51,49,49,49,49,49,17,70,70,70,70,70,70,70,70,70,70,70,63,80,80,65,64,38,80,80,80,80,80,80,80,80,56,56,51,52,52,26,23,23,23],"gold":59,"neow_bonus":"THREE_ENEMY_KILL","is_daily":false,"chose_seed":false,"campfire_upgraded":10,"win_rate":0.0,"timestamp":1612873657,"path_taken":["R","M","?","$","?","R","T","R","E","?","E","R","?","?","M","BOSS","R","M","M","?","?","R","T","R","$","M","M","$","R","E","M","BOSS","R","M","?","?","$","?","T","E","R","M","M","R","M","E"],"items_purchased_type":["Card","Card","Card","Relic","Relic"],"build_version":"2020-12-22","purchased_purges":1,"victory":false,"max_hp_per_floor":[70,70,70,70,70,70,70,70,70,70,70,70,70,70,70,70,70,70,70,70,70,70,70,70,70,70,70,70,80,80,80,80,80,80,80,80,80,80,80,80,80,80,80,80,86,86,86,86,86,86],"card_choices":[{"not_picked":["bronze:CutThrough","bronze:WildBeam"],"picked":"bronze:Separator","floor":2.0},{"not_picked":["bronze:CutThrough","bronze:Iterate"],"picked":"bronze:WhirlingStrike","floor":3.0},{"not_picked":["bronze:DarkDash","bronze:Separator","bronze:Return"],"picked":"SKIP","floor":4.0},{"not_picked":["bronze:CutThrough","bronze:ForLoop+1"],"picked":"bronze:Repair+1","floor":9.0},{"not_picked":["bronze:Allocate+1","bronze:MaxOutput"],"picked":"bronze:Branch","floor":11.0},{"not_picked":["bronze:BugBarrage","bronze:Invalidate+1"],"picked":"bronze:Frontload+1","floor":14.0},{"not_picked":["bronze:GetLatest+1","bronze:Separator"],"picked":"bronze:Virus","floor":15.0},{"not_picked":["bronze:FindAndReplace+1","bronze:Hardcode"],"picked":"bronze:RecursiveStrike","floor":16.0},{"not_picked":["bronze:CutThrough","bronze:BugBarrage"],"picked":"bronze:FollowUp","floor":19.0},{"not_picked":["bronze:BugBarrage","bronze:CloningBeam","bronze:MaxOutput"],"picked":"SKIP","floor":20.0},{"not_picked":["bronze:Overheat","bronze:Separator+1","bronze:Backtrace"],"picked":"SKIP","floor":26.0},{"not_picked":["bronze:Shield+1","bronze:Allocate+1","bronze:Branch+1"],"picked":"SKIP","floor":27.0},{"not_picked":["bronze:Frontload+1","bronze:Separator","bronze:DelayedSlice"],"picked":"SKIP","floor":28.0},{"not_picked":["bronze:Iterate+1","bronze:Optimize"],"picked":"bronze:BitShift+1","floor":29.0},{"not_picked":["bronze:CutThrough","bronze:BugBarrage"],"picked":"bronze:FindAndReplace+1","floor":31.0},{"not_picked":["bronze:Overheat","bronze:BugBarrage"],"picked":"bronze:Overload+1","floor":32.0},{"not_picked":["bronze:ShipIt","bronze:ThunderWave"],"picked":"bronze:Hardcode","floor":33.0},{"not_picked":["bronze:BronzeArmor+1","bronze:Constructor+1","bronze:ItsAFeature"],"picked":"SKIP","floor":36.0},{"not_picked":["bronze:DelayedSlice","bronze:FollowUp+1"],"picked":"bronze:Mutator","floor":42.0},{"not_picked":["bronze:DelayedSlice+1","bronze:Turbo+1","bronze:Frontload+1"],"picked":"SKIP","floor":44},{"not_picked":["bronze:OilSpill+1","bronze:BuggyMess+1"],"picked":"bronze:FineTuning+1","floor":45},{"not_picked":["bronze:Repair+1","bronze:WildBeam+1"],"picked":"bronze:Boost+1","floor":47},{"not_picked":["bronze:Refactor+1","bronze:Repair+1"],"picked":"bronze:TinkerersToolbox+1","floor":48}],"player_experience":1524999,"relics_obtained":[{"floor":7.0,"key":"Toxic Egg 2"},{"floor":9.0,"key":"Dream Catcher"},{"floor":11.0,"key":"Darkstone Periapt"},{"floor":24.0,"key":"Blue Candle"},{"floor":31.0,"key":"bronze:CableSpool"},{"floor":41.0,"key":"InkBottle"},{"floor":42.0,"key":"PureWhite:ReiMu"},{"floor":48,"key":"StoneCalendar"}],"event_choices":[{"cards_removed":["bronze:Strike"],"damage_healed":0.0,"max_hp_gain":0.0,"max_hp_loss":0.0,"gold_gain":0.0,"event_name":"The Cleric","player_choice":"Card Removal","floor":10.0,"gold_loss":0.0,"damage_taken":0.0}],"is_beta":false,"boss_relics":[{"not_picked":["Snecko Eye","SacredBark"],"picked":"Runic Dome"},{"not_picked":["bronze:MakeshiftBattery","Runic Pyramid"],"picked":"Sozu"}],"items_purged_floors":[29],"is_endless":false,"potions_floor_spawned":[9,14,19,31,32,33,45,48],"killed_by":"Nemesis","ascension_level":1}}