{"host":"nlbr7nnijupf3yfg","time":1612909927,"event":{"mods":["AchievementEnabler","BaseMod","Colored Powertips","DeckTracker","Hubris","Minty Spire (QoL Compilation)","Replay The Spire","StSLib","SuperFastMode"],"gold_per_floor":[115,128,128,190,190,225,225,225,275,301,311,311,311,331,331,427,427,442,442,442,36,36,36,36,64,88,107,138,155,230,230,230,326,326,338,338,338,338,355,383,399,427,480,480,37,49,49,49,49,49],"floor_reached":51,"language":"ENG","playtime":1189,"items_purged":["hubris:Gluttony"],"score":1066,"play_id":"df110d60-6d17-4798-9d08-b883e0cdca48","local_time":"20210209173207","is_ascension_mode":true,"campfire_choices":[{"floor":7,"key":"REST"},{"floor":13,"key":"REST"},{"floor":15,"key":"REST"},{"data":"Hemokinesis","floor":23,"key":"SMITH"},{"floor":32,"key":"REST"},{"floor":44,"key":"REST"}],"circlet_count":0,"master_deck":["Bash","Uppercut","Hemokinesis+1","Bludgeon+1","Ghostly Armor","Offering","Power Through","Flex","Spot Weakness","Inflame","Rupture","Pommel Strike","Demon Form","Berserk+1","Limit Break+1","Reaper+1","Shrug It Off+1","Seeing Red","Thunderclap","Berserk","Twin Strike","Reaper","Impatience","Metallicize+1","ReplayTheSpireMod:LeadingStrike+1","Shockwave+1","Pot Of Greed","Pot Of Greed","Pot Of Greed","Perfected Strike+1","Barricade","Sword Boomerang+1"],"relics":["Pandora\u0027s Box","Juzu Bracelet","hubris:ChampionShield","Vajra","Oddly Smooth Stone","Astrolabe","Eternal Feather","Pet Ghost","Gremlin Horn","Omamori","Replay:Ringing Soul","Red Skull","King of Hearts","hubris:Towel","Cursed Key","Ring of Chaos","Ring of Fury","Regal Pillow","Grinning Jar","Pen Nib","ReplayTheSpireMod:CursedCoin","StoneCalendar","Bronze Scales","hubris:Icosahedron"],"acts_visited":["Exordium","TheCity","TheBeyond"],"potions_floor_usage":[28,35,35,40],"damage_taken":[{"damage":7,"enemies":"Cultist","floor":1,"turns":2},{"damage":8,"enemies":"Jaw Worm","floor":2,"turns":1},{"damage":32,"enemies":"Lagavulin","floor":6,"turns":3},{"damage":24,"enemies":"3 Sentries","floor":10,"turns":5},{"damage":10,"enemies":"2 Louse","floor":11,"turns":3},{"damage":7,"enemies":"Looter","floor":14,"turns":2},{"damage":40,"enemies":"Hexaghost","floor":16,"turns":6},{"damage":25,"enemies":"Shell Parasite","floor":18,"turns":3},{"damage":19,"enemies":"Replay:Snechameleon","floor":25,"turns":5},{"damage":18,"enemies":"Chosen","floor":27,"turns":3},{"damage":28,"enemies":"Gremlin Leader","floor":28,"turns":5},{"damage":27,"enemies":"Centurion and Healer","floor":29,"turns":3},{"damage":67,"enemies":"Champ","floor":33,"turns":8},{"damage":42,"enemies":"3 Darklings","floor":35,"turns":4},{"damage":57,"enemies":"3 Shapes","floor":39,"turns":4},{"damage":70,"enemies":"Nemesis","floor":40,"turns":7},{"damage":5,"enemies":"Maw","floor":41,"turns":4},{"damage":37,"enemies":"R_Hoarder","floor":42,"turns":6},{"damage":36,"enemies":"Transient","floor":46,"turns":5},{"damage":122,"enemies":"Donu and Deca","floor":50,"turns":6}],"seed_played":"-5347899597553402593","potions_obtained":[{"floor":2,"key":"FairyPotion"},{"floor":6,"key":"Adrenaline Potion"},{"floor":10,"key":"Weak Potion"},{"floor":28,"key":"Explosive Potion"},{"floor":33,"key":"Fire Potion"},{"floor":39,"key":"LifebloodPotion"}],"is_trial":false,"path_per_floor":["M","M","$","?","?","E","R","T","T","E","M","$","R","M","R","B",null,"M","?","?","$","?","R","$","E","T","M","E","M","?","?","R","B",null,"M","?","?","?","M","E","M","E","T","R","$","M","?","?","R","B",null],"character_chosen":"IRONCLAD","items_purchased":["Gremlin Horn","Omamori","ReplayTheSpireMod:CursedCoin","Barricade","StoneCalendar","Bronze Scales"],"campfire_rested":5,"item_purchase_floors":[21,21,45,45,45,45],"current_hp_per_floor":[65,57,57,57,57,25,49,49,49,25,15,15,39,32,56,16,64,43,43,43,43,90,90,90,89,89,96,97,73,63,63,102,68,96,101,104,107,107,61,7,38,19,19,88,91,75,75,75,123,1],"gold":49,"neow_bonus":"BOSS_RELIC","is_daily":false,"chose_seed":false,"campfire_upgraded":1,"win_rate":0.0,"timestamp":1612909927,"path_taken":["M","?","$","?","?","E","R","?","T","E","M","?","R","M","R","BOSS","M","?","?","$","?","R","$","E","T","M","E","M","?","?","R","BOSS","M","?","?","?","M","E","M","E","T","R","$","M","?","?","R","BOSS"],"items_purchased_type":["Relic","Relic","Relic","Card","Relic","Relic"],"build_version":"2020-12-22","purchased_purges":1,"victory":true,"max_hp_per_floor":[80,80,80,80,80,80,80,80,80,80,80,80,80,80,80,80,80,80,80,80,80,90,90,90,93,93,96,99,102,102,102,102,105,105,105,108,111,111,114,117,120,123,123,123,126,129,129,123,123,123],"card_choices":[{"not_picked":["Clothesline","Pommel Strike"],"picked":"Flex","floor":1},{"not_picked":["ReplayTheSpireMod:Strike From Hell","Headbutt"],"picked":"Spot Weakness","floor":2},{"not_picked":["hubris:SharpeningStone","Massacre"],"picked":"Inflame","floor":6},{"not_picked":["Second Wind","Evolve"],"picked":"Rupture","floor":10},{"not_picked":["ReplayTheSpireMod:Strike From Hell","Replay:Undeath\u0027s Touch"],"picked":"Pommel Strike","floor":11},{"not_picked":["Thunderclap","Headbutt"],"picked":"Anger","floor":14},{"not_picked":["Demonic Infusion","hubris:StunningStrike"],"picked":"Demon Form","floor":16},{"not_picked":["Warcry","Replay:Undeath\u0027s Touch"],"picked":"Shrug It Off","floor":18},{"not_picked":["Replay:Undeath\u0027s Touch","Impervious"],"picked":"Seeing Red","floor":25},{"not_picked":["Body Slam","ReplayTheSpireMod:Strike From Hell"],"picked":"Thunderclap","floor":27},{"not_picked":["Rupture","Body Slam+1"],"picked":"Berserk","floor":28},{"not_picked":["True Grit","ReplayReversal"],"picked":"Twin Strike","floor":29},{"not_picked":["Hemogenesis","Double Tap"],"picked":"Reaper","floor":33},{"not_picked":["Clash","Power Through","Fire Breathing+1"],"picked":"SKIP","floor":35},{"not_picked":["Purity","Impatience"],"picked":"Jack Of All Trades","floor":36},{"not_picked":["Rampage","Inflame"],"picked":"Metallicize+1","floor":39},{"not_picked":["Combust","Disarm"],"picked":"ReplayTheSpireMod:LeadingStrike+1","floor":40},{"not_picked":["Cleave","Life Link"],"picked":"Shockwave+1","floor":41},{"not_picked":["hubris:SharpeningStone+1","Feel No Pain"],"picked":"Perfected Strike+1","floor":42},{"not_picked":["Reckless Charge","Sever Soul"],"picked":"Sword Boomerang+1","floor":46}],"player_experience":43259,"relics_obtained":[{"floor":6,"key":"Juzu Bracelet"},{"floor":8,"key":"hubris:ChampionShield"},{"floor":9,"key":"Vajra"},{"floor":10,"key":"Oddly Smooth Stone"},{"floor":25,"key":"Replay:Ringing Soul"},{"floor":26,"key":"Red Skull"},{"floor":28,"key":"King of Hearts"},{"floor":38,"key":"Ring of Chaos"},{"floor":38,"key":"Ring of Fury"},{"floor":40,"key":"Regal Pillow"},{"floor":42,"key":"Grinning Jar"},{"floor":43,"key":"Pen Nib"}],"event_choices":[{"damage_healed":0,"gold_gain":62,"player_choice":"Gained Gold","damage_taken":0,"max_hp_gain":0,"max_hp_loss":0,"event_name":"Golden Wing","floor":4,"gold_loss":0},{"damage_healed":0,"gold_gain":0,"player_choice":"Opened","damage_taken":0,"relics_obtained":["Eternal Feather"],"max_hp_gain":0,"max_hp_loss":0,"event_name":"The Mausoleum","floor":19,"gold_loss":0},{"damage_healed":0,"gold_gain":0,"player_choice":"Gave Potion","damage_taken":0,"relics_obtained":["Pet Ghost"],"max_hp_gain":0,"max_hp_loss":0,"event_name":"WeMeetAgain","floor":20,"gold_loss":0},{"cards_removed":["Brutality"],"damage_healed":37,"gold_gain":0,"player_choice":"Offered Rare","damage_taken":0,"max_hp_gain":10,"max_hp_loss":0,"event_name":"Bonfire Elementals","floor":22,"gold_loss":0},{"damage_healed":0,"gold_gain":75,"player_choice":"Touch","damage_taken":10,"max_hp_gain":0,"max_hp_loss":0,"event_name":"FaceTrader","floor":30,"gold_loss":0},{"damage_healed":0,"gold_gain":0,"player_choice":"Memory 1","damage_taken":0,"max_hp_gain":0,"max_hp_loss":0,"event_name":"SensoryStone","floor":36,"gold_loss":0},{"damage_healed":0,"gold_gain":0,"cards_transformed":["Jack Of All Trades"],"player_choice":"Transformed","damage_taken":0,"max_hp_gain":0,"max_hp_loss":0,"event_name":"Transmorgrifier","floor":37,"gold_loss":0,"cards_obtained":["Impatience"]},{"damage_healed":0,"gold_gain":0,"player_choice":"Max HP","damage_taken":0,"max_hp_gain":0,"max_hp_loss":6,"event_name":"Winding Halls","floor":48,"gold_loss":0}],"is_beta":false,"boss_relics":[{"not_picked":["Electric Blood","Replay:Ancient Bell"],"picked":"Astrolabe"},{"not_picked":["Philosopher\u0027s Stone","Sozu"],"picked":"Cursed Key"}],"items_purged_floors":[45],"is_endless":false,"potions_floor_spawned":[2,6,10,18,28,33,39],"ascension_level":7}}