{"host":"126yiuos2nq86se7","time":1612843022,"event":{"mods":["AchievementEnabler","Act Like it!","BaseMod","BetterRewards","Colored Map","Colored Powertips","Friendly Minions","Highlight Path","Hubris","Minty Spire (QoL Compilation)","Reimu??????","Remilia??????","StSLib","SuperFastMode","Td1madao Mod","The Animator"],"gold_per_floor":[110,110,8,8,8,8,35,35,84,46,46,46,46,63,63,161,161,171,142,162,162,162,162,262,262],"floor_reached":24,"language":"ENG","playtime":889,"items_purged":["Strike_Lin:ReiMu"],"score":305,"play_id":"968b00ef-2088-4bff-922d-f9de008afc6d","local_time":"20210209145702","is_ascension_mode":true,"campfire_choices":[{"data":"FineLineFantasy:ReiMu","floor":6,"key":"SMITH"},{"floor":12,"key":"REST"},{"data":"LovePray:ReiMu","floor":15,"key":"SMITH"},{"data":"Revelation:ReiMu","floor":23,"key":"SMITH"}],"circlet_count":0,"master_deck":["Strike_Lin:ReiMu","Strike_Lin:ReiMu","Defend_Lin:ReiMu","Defend_Lin:ReiMu","Defend_Lin:ReiMu","Defend_Lin:ReiMu","NB:ReiMu","Stagnation:ReiMu","DoubleButterfly:ReiMu","FineLineFantasy:ReiMu+1","LovePray:ReiMu+1","Revelation:ReiMu+1","Amulet:ReiMu","FoulBorder2:ReiMu","SafetyPray:ReiMu","Dreaming2:ReiMu","NB:ReiMu","Parasite","UniversalSpiritual:ReiMu","Authority:ReiMu","AlertArray:ReiMu","FoulBorder2:ReiMu+1","YinYangSange:ReiMu"],"relics":["FlyPower:ReiMu","Mercury Hourglass","hubris:Towel","hubris:Icosahedron","Juzu Bracelet","Strawberry","hubris:Backtick","hubris:OldNail","hubris:BottledHeart"],"acts_visited":["Exordium","TheCity"],"potions_floor_usage":[7,7],"damage_taken":[{"damage":0,"enemies":"2 Louse","floor":1,"turns":3},{"damage":14,"enemies":"3 Sentries","floor":7,"turns":9},{"damage":0,"enemies":"Small Slimes","floor":14,"turns":3},{"damage":45,"enemies":"The Guardian","floor":16,"turns":15},{"damage":4,"enemies":"3 Byrds","floor":18,"turns":7},{"damage":31,"enemies":"2 Thieves","floor":19,"turns":5},{"damage":21,"enemies":"Snake Plant","floor":20,"turns":8},{"damage":8,"enemies":"Centurion and Healer","floor":24,"turns":5}],"seed_played":"-8958285992761487744","potions_obtained":[{"floor":1,"key":"Swift Potion"},{"floor":16,"key":"Explosive Potion"},{"floor":19,"key":"PowerPotion"}],"is_trial":false,"path_per_floor":["M","?","$","?","?","R","E","?","T","$","?","R","?","M","R","B",null,"M","M","M","?","?","R","M"],"character_chosen":"REIMU","items_purchased":["DoubleButterfly:ReiMu","FineLineFantasy:ReiMu","LovePray:ReiMu","Mercury Hourglass","Strength Potion","Amulet:ReiMu","FoulBorder2:ReiMu","Dreaming2:ReiMu"],"campfire_rested":1,"item_purchase_floors":[0,0,0,0,0,3,3,10],"current_hp_per_floor":[46,51,51,51,51,51,37,30,37,37,37,60,77,77,77,32,77,73,42,21,1,1,1,0,0],"gold":262,"neow_bonus":"","is_daily":false,"chose_seed":false,"campfire_upgraded":3,"win_rate":0.0,"timestamp":1612843022,"path_taken":["M","?","$","?","?","R","E","?","T","$","?","R","?","M","R","BOSS","M","M","M","?","?","R","M"],"items_purchased_type":["Card","Card","Card","Relic","Potion","Card","Card","Card"],"build_version":"2020-12-22","purchased_purges":1,"victory":false,"max_hp_per_floor":[65,70,70,70,70,70,70,70,77,77,77,77,77,77,77,77,77,77,77,77,1,1,1,1,1],"card_choices":[{"not_picked":["TightArray:ReiMu","SpringWay:ReiMu"],"picked":"Revelation:ReiMu","floor":1},{"not_picked":["RainPray2:ReiMu","ShadowOfCrow2:ReiMu"],"picked":"SafetyPray:ReiMu","floor":7},{"not_picked":["ForcedLanding:ReiMu","InherentArray:ReiMu"],"picked":"UniversalSpiritual:ReiMu","floor":14},{"not_picked":["OctopathSalyBorderN:ReiMu","PrayRite:ReiMu"],"picked":"Authority:ReiMu","floor":16},{"not_picked":["OrbThrow:ReiMu","TightArray:ReiMu"],"picked":"AlertArray:ReiMu","floor":18},{"not_picked":["KamiRite:ReiMu","OrbThrow:ReiMu"],"picked":"FoulBorder2:ReiMu+1","floor":19},{"not_picked":["Intuition:ReiMu","ForcedLanding:ReiMu","Meditation:ReiMu"],"picked":"SKIP","floor":20}],"player_experience":1688406,"relics_obtained":[{"floor":7,"key":"Juzu Bracelet"},{"floor":9,"key":"Strawberry"}],"event_choices":[{"damage_healed":0,"gold_gain":0,"player_choice":"Donut","damage_taken":0,"max_hp_gain":5,"max_hp_loss":0,"event_name":"Big Fish","floor":2,"gold_loss":0},{"cards_removed":["Strike_Lin:ReiMu"],"damage_healed":0,"gold_gain":0,"player_choice":"Card Removal","damage_taken":7,"max_hp_gain":0,"max_hp_loss":0,"event_name":"Golden Wing","floor":8,"gold_loss":0},{"damage_healed":0,"gold_gain":0,"player_choice":"1 cards matched","damage_taken":0,"max_hp_gain":0,"max_hp_loss":0,"event_name":"Match and Keep!","floor":11,"gold_loss":0,"cards_obtained":["NB:ReiMu"]},{"damage_healed":19,"gold_gain":0,"player_choice":"Healed and dodged fight","damage_taken":0,"max_hp_gain":0,"max_hp_loss":0,"event_name":"Mushrooms","floor":13,"gold_loss":0,"cards_obtained":["Parasite"]},{"damage_healed":0,"gold_gain":0,"player_choice":"Read","damage_taken":0,"max_hp_gain":0,"max_hp_loss":0,"event_name":"The Library","floor":22,"gold_loss":0,"cards_obtained":["YinYangSange:ReiMu"]}],"is_beta":false,"boss_relics":[{"not_picked":["Black Star","hubris:GrandSneckoEye"],"picked":"hubris:Backtick"}],"items_purged_floors":[0],"is_endless":false,"potions_floor_spawned":[1,16,19],"killed_by":"Centurion and Healer","ascension_level":1}}