{"host":"08z5bj28eube4vug","time":1612851549,"event":{"mods":["100% Spire Juice","2.2 Compatiblity","Abigail Mod","Act Like it!","BaseMod","Beaked The Cultist","Bestiary","Friendly Minions","Gensokyo","GungeonMod","Hallownest","Kiyohime????","Koishi","Lobotomy","Marisa????????","Minty Spire (QoL Compilation)","Prisma Mod","Remilia??????","Replay The Spire","Spire Arcade","StSLib","Td1madao Mod","The Alterego","The Bug Knight","The Jungle","The Sage","The Senshi","The Servant 0.9.4","Waifu the Spire","WarShipGirlsR/????R mod","Yuri Mod"],"gold_per_floor":[360,312,325,340,32,58,58,88,142,49,67,67,94,94,94,191,191,208,208,59,59,59,59,74,89,89,116,116,116,135,6,6,103,103,119,172,172,29,43,72,72,23,23,23,23,40,90,90,90,90],"floor_reached":51,"language":"ENG","playtime":2304,"items_purged":["Sickly"],"score":835,"play_id":"bdd5f0aa-2d31-4f60-ba0f-2af80a0e3806","local_time":"20210209091909","is_ascension_mode":true,"campfire_choices":[{"data":"Moonworks:IndiscriminateFireSupport","floor":7,"key":"SMITH"},{"data":"Moonworks:Ambush","floor":12,"key":"SMITH"},{"data":"Moonworks:AnotherUltimateWeapon","floor":15,"key":"SMITH"},{"data":"Moonworks:RagingMadness","floor":23,"key":"SMITH"},{"data":"Moonworks:ReflectiveShell","floor":28,"key":"SMITH"},{"data":"Moonworks:ExtendedPhotonRifle","floor":32,"key":"SMITH"},{"data":"Moonworks:CrystalBarrier","floor":41,"key":"SMITH"},{"data":"Moonworks:AngelHand","floor":44,"key":"SMITH"},{"data":"Replay:Bootleg Shield Generator","floor":49,"key":"SMITH"}],"circlet_count":0,"master_deck":["Moonworks:Strike","Moonworks:Strike","Moonworks:Strike","Moonworks:Strike","Moonworks:Defend","Moonworks:Defend","Moonworks:Defend","Moonworks:Defend","Moonworks:Ambush+1","Moonworks:LongDistanceShot","Moonworks:IndiscriminateFireSupport+1","Moonworks:SakisCookie","Moonworks:RagingMadness+1","Moonworks:NicePresent","Moonworks:AngelHand+1","Moonworks:LulusLuckyEgg","Moonworks:AnotherUltimateWeapon+1","Moonworks:ReflectiveShell+1","Moonworks:ExtendedPhotonRifle+1","Moonworks:ImOnFire+1","Moonworks:SakisCookie","Pot Of Greed","Pot Of Greed","Moonworks:SakisCookie+1","Ghostly","Ghostly","Ghostly","Ghostly","Ghostly","Pot Of Greed","Moonworks:LulusLuckyEgg","Moonworks:CrystalBarrier+1","Moonworks:NicePresent","Moonworks:NicePresent+1","Moonworks:CastOff","Replay:Bootleg Shield Generator+1"],"relics":["Moonworks:BrokenBomb","Moonworks:Homemark","Toy Ornithopter","Mango","Nunchaku","DemoMod:GundromedaStrain","DemoMod:MeltedRock","ChewingGum","Enchiridion","Anchor","alterego_mod:SomeoneToFightFor","Grinning Jar","sagemod:Blowpipe","ReplayTheSpireMod:CursedCoin","Bag of Marbles","Busted Crown","Dead Branch","HollowMod:PaleOreRelic","Iron Hammer","Smiling Mask","Calipers"],"acts_visited":["Exordium","TheCity","TheBeyond"],"potions_floor_usage":[6,8,13,33,36,36,50,50,50],"damage_taken":[{"damage":1,"enemies":"Cultist","floor":1,"turns":3},{"damage":0,"enemies":"Small Slimes","floor":3,"turns":2},{"damage":6,"enemies":"Jaw Worm","floor":4,"turns":2},{"damage":0,"enemies":"Gremlin Nob","floor":6,"turns":2},{"damage":16,"enemies":"HollowMod:MossKnight","floor":8,"turns":6},{"damage":9,"enemies":"3 Sentries","floor":10,"turns":3},{"damage":0,"enemies":"Looter","floor":11,"turns":1},{"damage":4,"enemies":"HollowMod:MossKnight","floor":13,"turns":2},{"damage":2,"enemies":"The Guardian","floor":16,"turns":7},{"damage":0,"enemies":"Chosen","floor":18,"turns":2},{"damage":0,"enemies":"3 Byrds","floor":24,"turns":1},{"damage":0,"enemies":"Snake Plant","floor":25,"turns":3},{"damage":9,"enemies":"Slavers","floor":27,"turns":4},{"damage":0,"enemies":"Sentry and Sphere","floor":30,"turns":3},{"damage":0,"enemies":"Champ","floor":33,"turns":8},{"damage":0,"enemies":"3 Darklings","floor":35,"turns":3},{"damage":1,"enemies":"2 Orb Walkers","floor":36,"turns":3},{"damage":0,"enemies":"Orb Walker","floor":39,"turns":3},{"damage":1,"enemies":"R_Hoarder","floor":40,"turns":4},{"damage":5,"enemies":"Maw","floor":46,"turns":2},{"damage":0,"enemies":"Mind Bloom Boss Battle","floor":47,"turns":4},{"damage":2,"enemies":"Replay:Hell Engine","floor":50,"turns":8}],"seed_played":"4881272396904597612","potions_obtained":[{"floor":3,"key":"Energy Potion"},{"floor":4,"key":"SteroidPotion"},{"floor":6,"key":"Swift Potion"},{"floor":11,"key":"Energy Potion"},{"floor":16,"key":"SteroidPotion"},{"floor":24,"key":"Swift Potion"},{"floor":25,"key":"SkillPotion"},{"floor":33,"key":"AttackPotion"},{"floor":35,"key":"Moonworks:OneHundredPercentOrangeJuicePotion"},{"floor":37,"key":"BlessingOfTheForge"},{"floor":37,"key":"SkillPotion"},{"floor":40,"key":"Strength Potion"}],"is_trial":false,"path_per_floor":["M","$","M","M","$","E","R","E","T","E","M","R","E","?","R","B",null,"M","?","$","?","?","R","M","M","T","E","R","?","M","$","R","B",null,"M","?","?","$","M","E","R","$","T","R","?","M","?","?","R","B",null],"character_chosen":"THE_STARBREAKER","items_purchased":["DemoMod:LeadSkinPotion","Moonworks:RagingMadness","Anchor","ReplayTheSpireMod:CursedCoin","Bag of Marbles","Moonworks:LulusLuckyEgg","HollowMod:PaleOreRelic","DemoMod:LeadSkinPotion"],"campfire_rested":0,"item_purchase_floors":[2,5,20,31,31,31,38,42],"current_hp_per_floor":[59,59,59,53,53,53,53,56,56,47,47,47,48,48,48,46,74,74,58,58,58,58,58,58,58,58,49,49,37,37,37,37,37,37,37,36,36,36,37,37,37,37,37,37,37,32,37,37,37,37],"gold":90,"neow_bonus":"TWO_FIFTY_GOLD","is_daily":false,"chose_seed":false,"campfire_upgraded":9,"win_rate":0.0,"timestamp":1612851549,"path_taken":["M","$","M","M","$","E","R","E","T","E","M","R","E","?","R","BOSS","M","?","$","?","?","R","M","?","T","E","R","?","M","$","R","BOSS","M","?","?","$","?","E","R","$","T","R","?","?","?","?","R","BOSS"],"items_purchased_type":["Undefined","Card","Relic","Relic","Relic","Card","Relic","Undefined"],"build_version":"2020-12-22","purchased_purges":1,"victory":true,"max_hp_per_floor":[60,60,60,60,60,60,60,74,74,74,74,74,74,74,74,74,74,74,74,74,74,74,74,74,74,74,74,74,37,37,37,37,37,37,37,37,37,37,37,37,37,37,37,37,37,37,37,37,37,37],"card_choices":[{"not_picked":["Moonworks:MiracleWalker","Moonworks:SweetBattle"],"picked":"Moonworks:IndiscriminateFireSupport","floor":1},{"not_picked":["Moonworks:CloudOfSeagulls","Moonworks:DeployBits"],"picked":"Moonworks:SakisCookie","floor":3},{"not_picked":["Moonworks:WindyEnchantment","Moonworks:JonathanRush","Moonworks:AwakeningOfTalent"],"picked":"SKIP","floor":4},{"not_picked":["Moonworks:CookingTime","Moonworks:CastOff","Moonworks:BeyondHell"],"picked":"SKIP","floor":6},{"not_picked":["Moonworks:StiffCrystal","Moonworks:BackdoorTrade"],"picked":"Moonworks:NicePresent","floor":8},{"not_picked":["Moonworks:StarBlastingFuse","Moonworks:WindyEnchantment"],"picked":"Moonworks:AngelHand","floor":10},{"not_picked":["Moonworks:RedAndBlue","Moonworks:TacticalRetreat"],"picked":"Moonworks:LulusLuckyEgg","floor":11},{"not_picked":["Moonworks:JonathanRush","Moonworks:RagingMadness"],"picked":"Moonworks:AnotherUltimateWeapon","floor":13},{"not_picked":["Moonworks:Blazing","Moonworks:Wanted"],"picked":"Moonworks:ReflectiveShell","floor":16},{"not_picked":["Moonworks:JonathanRush","Moonworks:ImOnFire"],"picked":"Moonworks:ExtendedPhotonRifle","floor":18},{"not_picked":["Moonworks:SelfDestruct","Moonworks:EvilSpyWorkPreparation"],"picked":"Moonworks:ImOnFire+1","floor":24},{"not_picked":["Moonworks:Assault","Moonworks:LulusLuckyEgg"],"picked":"Moonworks:SakisCookie","floor":25},{"not_picked":["Moonworks:MiracleRedBeanIceCream","Moonworks:AwakeningOfTalent+1"],"picked":"Moonworks:SakisCookie+1","floor":27},{"not_picked":["Moonworks:LuckyCharm","Moonworks:EvilSpyWorkPreparation","Moonworks:x16BigRocket"],"picked":"SKIP","floor":30},{"not_picked":["Moonworks:Gamble","Moonworks:Wanted"],"picked":"Moonworks:CrystalBarrier","floor":33},{"not_picked":["Moonworks:ScrambledEve+1"],"picked":"SKIP","floor":35},{"not_picked":[],"picked":"Moonworks:NicePresent","floor":39},{"not_picked":["Moonworks:ImmovableObject"],"picked":"SKIP","floor":40},{"not_picked":["Moonworks:BeyondHell+1"],"picked":"SKIP","floor":46},{"not_picked":[],"picked":"Moonworks:NicePresent+1","floor":47}],"player_experience":902327,"relics_obtained":[{"floor":6,"key":"Toy Ornithopter"},{"floor":8,"key":"Mango"},{"floor":9,"key":"Nunchaku"},{"floor":10,"key":"DemoMod:GundromedaStrain"},{"floor":13,"key":"DemoMod:MeltedRock"},{"floor":19,"key":"Enchiridion"},{"floor":26,"key":"Grinning Jar"},{"floor":27,"key":"sagemod:Blowpipe"},{"floor":36,"key":"Dead Branch"},{"floor":40,"key":"Iron Hammer"},{"floor":43,"key":"Smiling Mask"},{"floor":47,"key":"Calipers"}],"event_choices":[{"damage_healed":0,"gold_gain":0,"player_choice":"Ignored","damage_taken":0,"max_hp_gain":0,"max_hp_loss":0,"event_name":"Liars Game","floor":14,"gold_loss":0},{"damage_healed":0,"gold_gain":0,"player_choice":"Obtained Book","damage_taken":16,"max_hp_gain":0,"max_hp_loss":0,"event_name":"Cursed Tome","floor":19,"gold_loss":0},{"damage_healed":0,"gold_gain":0,"player_choice":"Choice 2","damage_taken":0,"relics_obtained":["alterego_mod:SomeoneToFightFor"],"max_hp_gain":0,"max_hp_loss":0,"event_name":"Secret Garden","floor":22,"gold_loss":0},{"damage_healed":0,"gold_gain":0,"player_choice":"Became a Ghost","damage_taken":0,"max_hp_gain":0,"max_hp_loss":37,"event_name":"Ghosts","floor":29,"gold_loss":0,"cards_obtained":["Ghostly","Ghostly","Ghostly","Ghostly","Ghostly"]},{"damage_healed":0,"gold_gain":0,"player_choice":"Fight","damage_taken":0,"max_hp_gain":0,"max_hp_loss":0,"event_name":"Mysterious Sphere","floor":36,"gold_loss":0},{"damage_healed":0,"gold_gain":0,"player_choice":"Got Potions","damage_taken":0,"max_hp_gain":0,"max_hp_loss":0,"event_name":"Lab","floor":37,"gold_loss":0},{"damage_healed":0,"gold_gain":0,"player_choice":"Forge","damage_taken":0,"max_hp_gain":0,"max_hp_loss":0,"event_name":"Accursed Blacksmith","floor":45,"gold_loss":0,"cards_upgraded":["ReplayTheSpireMod:Faulty Equipment"]},{"damage_healed":0,"gold_gain":0,"player_choice":"Fight","damage_taken":0,"max_hp_gain":0,"max_hp_loss":0,"event_name":"MindBloom","floor":47,"gold_loss":0},{"damage_healed":0,"gold_gain":0,"player_choice":"2 cards matched","damage_taken":0,"max_hp_gain":0,"max_hp_loss":0,"event_name":"Match and Keep!","floor":48,"gold_loss":0,"cards_obtained":["Moonworks:CastOff","Replay:Bootleg Shield Generator"]}],"is_beta":false,"boss_relics":[{"not_picked":["Painkiller Herb","Moonworks:SBBomb"],"picked":"ChewingGum"},{"not_picked":["theSenshi:MoonKaleidoScopeRelic","Snecko Heart"],"picked":"Busted Crown"}],"items_purged_floors":[31],"is_endless":false,"potions_floor_spawned":[3,4,6,11,16,24,25,30,33,35,40],"ascension_level":4}}