{"host":"5dhwd44u3dydylwe","time":1612851023,"event":{"mods":["AchievementEnabler","BaseMod","BetterRewards","Dota2Spire","Downfall","Hubris","Minty Spire (QoL Compilation)","Shop Mod","StSLib","Wandering Minibosses"],"gold_per_floor":[199,216,228,242,259,259,259,259,294,311,341,241,256,256,272,282,387,387,387,400,410,410,423,433,509,509,541,558,458,458,468,468,496,496,406,419,522,522,522,536,553,553,653,664,688,751,801,830,850,875,875,669,689,789],"floor_reached":55,"language":"ENG","playtime":3976,"items_purged":["hexamod:Strike","downfall:Malfunctioning","hubris:Wrath"],"score":928,"play_id":"da6fff01-b8cd-4cad-9481-ab6d05e187d0","local_time":"20210209141023","is_ascension_mode":true,"campfire_choices":[{"data":"hexamod:Float","floor":1,"key":"SMITH"},{"data":"hexamod:GhostOfSpirePast","floor":12,"key":"SMITH"},{"data":"hexamod:InspiringFlames","floor":14,"key":"SMITH"},{"data":"hexamod:VolcanoVisage","floor":19,"key":"SMITH"},{"floor":26,"key":"RECALL"},{"data":"wanderingMiniBosses:FinaleOfPromise","floor":29,"key":"SMITH"},{"floor":32,"key":"REST"},{"data":"hexamod:HeatCrush","floor":34,"key":"SMITH"},{"data":"hexamod:GhostOfSpirePresent","floor":39,"key":"SMITH"},{"floor":51,"key":"REST"}],"circlet_count":0,"master_deck":["hexamod:Strike","hexamod:Strike","hexamod:Strike","hexamod:Defend","hexamod:Defend","hexamod:Defend","hexamod:Defend","hexamod:Sear","hexamod:Float+1","hexamod:GhostOfSpirePast+1","hexamod:Firestarter","hexamod:InspiringFlames+1","hexamod:SpectersWail","hexamod:ExtraCrispy","hexamod:GhostShield","hexamod:VolcanoVisage+1","hexamod:GhostflameBarrier","hexamod:GhostOfSpirePast+1","hexamod:AdvancingGuard","hexamod:HeatCrush+1","wanderingMiniBosses:FinaleOfPromise+1","hexamod:TimeWarp","hexamod:GhostOfSpireFuture+1","hexamod:GhostOfSpirePresent+1","Doubt","hexamod:RainOfEmbers"],"relics":["hexamod:SpiritBrand","GremlinMask","hubris:CuriousFeather","hubris:Spice","downfall:HeartBlessingBlue","Velvet Choker","Dota2Spire:MagicBottle","wanderingMiniBosses:Blackblade","downfall:HeartBlessingRed","hubris:Towel","Letter Opener","hubris:Icosahedron","downfall:ExtraCursedKey","hubris:EmptyBottle","Ornamental Fan","hubris:64BitClover"],"acts_visited":["Exordium","TheCity","TheBeyond"],"potions_floor_usage":[54,54,54,54,54,54],"damage_taken":[{"damage":0,"enemies":"Small Slimes","floor":2,"turns":3},{"damage":1,"enemies":"Cultist","floor":3,"turns":4},{"damage":0,"enemies":"Jaw Worm","floor":4,"turns":3},{"damage":2,"enemies":"Large Slime","floor":5,"turns":4},{"damage":22,"enemies":"Gremlin Nob","floor":9,"turns":4},{"damage":5,"enemies":"2 Fungi Beasts","floor":10,"turns":6},{"damage":7,"enemies":"3 Sentries","floor":11,"turns":8},{"damage":0,"enemies":"Blue Slaver","floor":13,"turns":3},{"damage":1,"enemies":"3 Louse","floor":15,"turns":4},{"damage":0,"enemies":"Large Slime","floor":16,"turns":3},{"damage":0,"enemies":"SI_SHIV_ARCHETYPE","floor":17,"turns":7},{"damage":0,"enemies":"Shell Parasite","floor":20,"turns":6},{"damage":16,"enemies":"Shelled Parasite and Fungi","floor":21,"turns":4},{"damage":0,"enemies":"Centurion and Healer","floor":23,"turns":7},{"damage":9,"enemies":"Sentry and Sphere","floor":24,"turns":7},{"damage":13,"enemies":"Slavers","floor":27,"turns":7},{"damage":8,"enemies":"Snake Plant","floor":28,"turns":6},{"damage":0,"enemies":"Chosen and Byrds","floor":31,"turns":4},{"damage":22,"enemies":"Gremlin Leader","floor":33,"turns":4},{"damage":0,"enemies":"downfall:FleeingMerchant","floor":35,"turns":4},{"damage":0,"enemies":"Centurion and Healer","floor":36,"turns":5},{"damage":0,"enemies":"WA_ARCHETYPE_CALM","floor":37,"turns":7},{"damage":12,"enemies":"3 Darklings","floor":40,"turns":5},{"damage":0,"enemies":"Orb Walker","floor":41,"turns":4},{"damage":0,"enemies":"Writhing Mass","floor":44,"turns":7},{"damage":0,"enemies":"downfall:FleeingMerchant","floor":46,"turns":4},{"damage":10,"enemies":"downfall:FleeingMerchant","floor":47,"turns":4},{"damage":11,"enemies":"Giant Head","floor":48,"turns":6},{"damage":0,"enemies":"Maw","floor":49,"turns":6},{"damage":30,"enemies":"Nemesis","floor":50,"turns":5},{"damage":18,"enemies":"4 Shapes","floor":53,"turns":5},{"damage":8,"enemies":"IC_BLOCK_ARCHETYPE","floor":54,"turns":9}],"seed_played":"-32797734478305559","potions_obtained":[{"floor":4,"key":"champ:CounterPotion"},{"floor":11,"key":"SteroidPotion"},{"floor":13,"key":"hexamod:InfernoChargePotion"},{"floor":31,"key":"hexamod:DoubleChargePotion"}],"is_trial":false,"path_per_floor":["R","M","M","M","M","?","T","T","E","M","E","R","M","R","M","M","B",null,"R","M","M","?","M","M","T","R","E","M","R","?","M","R","E","R","$","M","B",null,"R","M","M","?","?","M","T","$","?","E","M","E","R","$","M","B",null],"character_chosen":"THE_SPIRIT","items_purchased":["hubris:EmptyBottle","hexamod:RainOfEmbers"],"campfire_rested":2,"item_purchase_floors":[46,52],"current_hp_per_floor":[70,70,69,69,67,67,67,67,53,48,49,59,59,59,58,58,58,88,88,88,72,72,72,63,63,63,50,42,42,42,42,66,53,53,53,53,53,72,72,60,60,60,60,69,64,64,54,43,43,13,29,29,20,21],"gold":789,"neow_bonus":"HUNDRED_GOLD","is_daily":false,"chose_seed":false,"campfire_upgraded":7,"win_rate":0.0,"timestamp":1612851023,"path_taken":["R","M","M","M","M","?","T","T","E","M","E","R","M","R","M","M","BOSS","R","M","M","?","?","M","T","R","E","M","R","?","M","R","E","R","$","M","BOSS","R","M","M","?","?","M","T","?","?","E","?","E","R","$","M","BOSS"],"items_purchased_type":["Relic","Card"],"build_version":"2020-12-22","purchased_purges":3,"victory":true,"max_hp_per_floor":[70,70,70,70,70,70,70,70,78,78,86,96,96,96,96,88,88,88,88,88,88,88,88,88,80,80,80,80,80,80,80,80,80,80,80,80,80,72,72,72,72,72,72,72,64,64,56,56,56,56,56,56,56,56],"card_choices":[{"not_picked":["hexamod:GhostLash","hexamod:GhostflameBarrier"],"picked":"hexamod:GhostOfSpirePast","floor":2},{"not_picked":["hexamod:SkipABeat","hexamod:AdvancingGuard"],"picked":"hexamod:Firestarter","floor":3},{"not_picked":["hexamod:SwordOfDarkness","hexamod:GhostShield","hexamod:FourthSeal"],"picked":"SKIP","floor":4},{"not_picked":["hexamod:ChargedBarrage","hexamod:RadiantFlame"],"picked":"hexamod:InspiringFlames","floor":5},{"not_picked":["hexamod:RecurringNightmare","hexamod:SpectralSpark"],"picked":"hexamod:SpectersWail","floor":9},{"not_picked":["hexamod:FastForward","hexamod:HeatMetal"],"picked":"hexamod:ExtraCrispy","floor":10},{"not_picked":["hexamod:Firestarter","hexamod:SoulSteal","hexamod:NecessarySacrifice"],"picked":"SKIP","floor":11},{"not_picked":["hexamod:Hexaguard","hexamod:PhantomFireball","hexamod:GhostOfSpirePast"],"picked":"SKIP","floor":13},{"not_picked":["hexamod:ThirdSeal","hexamod:SuperheatedStrike"],"picked":"hexamod:GhostShield","floor":15},{"not_picked":["hexamod:NightmareGuise","hexamod:EmpoweredFlame"],"picked":"hubris:SpiceAddiction","floor":16},{"not_picked":["hexamod:SearingWound","hexamod:Toasty"],"picked":"hexamod:VolcanoVisage","floor":17},{"not_picked":["hexamod:PhantomCloak","hexamod:GhostShield","hexamod:HeatMetal"],"picked":"SKIP","floor":20},{"not_picked":["hexamod:PhantomCloak+1","hexamod:CatchUp+1"],"picked":"hexamod:GhostflameBarrier","floor":21},{"not_picked":["hexamod:GhostShield","hexamod:StepThrough"],"picked":"hexamod:AdvancingGuard","floor":23},{"not_picked":["hexamod:ExtraCrispy+1","hexamod:SpectersWail","hexamod:NightmareStrike"],"picked":"SKIP","floor":24},{"not_picked":["hexamod:SpectersWail","hexamod:EtherealExpedition"],"picked":"hexamod:HeatCrush","floor":27},{"not_picked":[],"picked":"wanderingMiniBosses:FinaleOfPromise","floor":28},{"not_picked":["hexamod:InspiringFlames","hexamod:GhostOfSpireFuture","hexamod:GhostOfSpirePast"],"picked":"SKIP","floor":28},{"not_picked":["hubris:SpiceAddiction","hexamod:ThermalTransfer","hubris:SpiceAddiction"],"picked":"SKIP","floor":31},{"not_picked":["hexamod:PhantomFireball+1","hexamod:ExtraCrispy"],"picked":"hexamod:TimeWarp","floor":33},{"not_picked":["hexamod:NecessarySacrifice","hexamod:NightmareStrike+1","hexamod:Hexaguard"],"picked":"SKIP","floor":35},{"not_picked":["hexamod:PhantomCloak","hubris:SpiceAddiction"],"picked":"hexamod:GhostOfSpireFuture+1","floor":36},{"not_picked":["hubris:SpiceAddiction","hexamod:ParanormalForm"],"picked":"hexamod:GhostOfSpirePresent","floor":37},{"not_picked":["hexamod:GhostOfSpireFuture+1","hexamod:GhostLash+1","hexamod:DynamicBlow"],"picked":"SKIP","floor":40},{"not_picked":["hexamod:BurningTouch+1","hexamod:RetreatToShadows","hexamod:ThirdSeal"],"picked":"SKIP","floor":41},{"not_picked":["hexamod:BurningTouch","hexamod:Again+1","hexamod:ThirdSeal"],"picked":"SKIP","floor":44},{"not_picked":["hexamod:Hexaguard+1","hexamod:GhostShield+1","hexamod:AdvancingGuard"],"picked":"SKIP","floor":46},{"not_picked":["hexamod:SecondSeal","hubris:SpiceAddiction","hexamod:InspiringFlames"],"picked":"SKIP","floor":48},{"not_picked":["hexamod:Haunt+1","hexamod:Rewind","hexamod:BurningTouch"],"picked":"SKIP","floor":49},{"not_picked":["hexamod:NightmareGuise","hexamod:StepThrough","hexamod:Hexaguard"],"picked":"SKIP","floor":50},{"not_picked":["hexamod:HauntingEcho+1","hexamod:InspiringFlames+1","hexamod:BurningTouch+1"],"picked":"SKIP","floor":53}],"player_experience":225476,"relics_obtained":[{"floor":8,"key":"hubris:CuriousFeather"},{"floor":9,"key":"hubris:Spice"},{"floor":11,"key":"hubris:Spice"},{"floor":25,"key":"hubris:Spice"},{"floor":27,"key":"Dota2Spire:MagicBottle"},{"floor":28,"key":"wanderingMiniBosses:Blackblade"},{"floor":33,"key":"Letter Opener"},{"floor":45,"key":"hubris:Spice"},{"floor":47,"key":"hubris:Spice"},{"floor":48,"key":"Ornamental Fan"},{"floor":50,"key":"hubris:64BitClover"}],"event_choices":[{"damage_healed":0,"gold_gain":0,"player_choice":"Trade","damage_taken":0,"relics_obtained":["GremlinMask"],"max_hp_gain":0,"max_hp_loss":0,"event_name":"FaceTrader","floor":6,"gold_loss":0}],"is_beta":false,"boss_relics":[{"not_picked":["hubris:Spice","hubris:Spice"],"picked":"Velvet Choker"},{"not_picked":["hubris:Spice","hubris:Spice"],"picked":"hubris:Spice"}],"items_purged_floors":[35,46,52],"is_endless":false,"potions_floor_spawned":[4,11,13,16,20,24,28,31,40,44,49],"ascension_level":1}}