{"host":"epc8efk9vrywpcsw","time":1612875084,"event":{"mods":["BaseMod","Minty Spire (QoL Compilation)","Relic Stats","StSLib"],"gold_per_floor":[116,116,29,29,44,77,77,97,97,97,247,247,282,292,292,366,366,379,7,7,21,21,21,53,64,64,64,64,84,114,133,133,133,133],"floor_reached":33,"language":"ENG","playtime":829,"items_purged":[],"score":636,"play_id":"a65764bb-529a-43ea-a0e0-13b10c547759","local_time":"20210209135124","is_ascension_mode":true,"campfire_choices":[{"data":"Perfected Strike","floor":7.0,"key":"SMITH"},{"data":"Bash","floor":10.0,"key":"SMITH"},{"data":"Pommel Strike","floor":12.0,"key":"SMITH"},{"data":"Feed","floor":15.0,"key":"SMITH"},{"floor":23.0,"key":"REST"},{"floor":28,"key":"REST"},{"floor":32,"key":"REST"}],"circlet_count":0,"master_deck":["AscendersBane","Strike_R+1","Strike_R+1","Strike_R+1","Strike_R+1","Strike_R+1","Defend_R+1","Defend_R+1","Defend_R+1","Defend_R+1","Bash+1","Searing Blow","Perfected Strike+1","Pommel Strike+1","Twin Strike","Battle Trance","Thunderclap+1","Doubt","Shrug It Off","Feed+1","Perfected Strike+1","Metallicize","Whirlwind+1","Warcry"],"relics":["Burning Blood","NeowsBlessing","Akabeko","Bag of Preparation","Meat on the Bone","Whetstone","SlaversCollar","Pocketwatch","Gambling Chip","Letter Opener","Bird Faced Urn"],"acts_visited":["Exordium","TheCity"],"potions_floor_usage":[24,30,33],"damage_taken":[{"damage":0.0,"enemies":"Small Slimes","floor":1.0,"turns":1.0},{"damage":0.0,"enemies":"Cultist","floor":5.0,"turns":1.0},{"damage":0.0,"enemies":"3 Sentries","floor":6.0,"turns":2.0},{"damage":0.0,"enemies":"Jaw Worm","floor":8.0,"turns":1.0},{"damage":8.0,"enemies":"Gremlin Nob","floor":13.0,"turns":3.0},{"damage":4.0,"enemies":"Exordium Thugs","floor":14.0,"turns":3.0},{"damage":60.0,"enemies":"Hexaghost","floor":16.0,"turns":6.0},{"damage":19.0,"enemies":"Spheric Guardian","floor":18.0,"turns":4.0},{"damage":41.0,"enemies":"3 Byrds","floor":21.0,"turns":6.0},{"damage":33,"enemies":"Gremlin Leader","floor":24,"turns":4},{"damage":25,"enemies":"Cultist and Chosen","floor":25,"turns":5},{"damage":13,"enemies":"Centurion and Healer","floor":29,"turns":4},{"damage":22,"enemies":"Slavers","floor":30,"turns":2},{"damage":3,"enemies":"Sentry and Sphere","floor":31,"turns":3},{"damage":125,"enemies":"Collector","floor":33,"turns":8}],"seed_played":"8697532075168958009","potions_obtained":[{"floor":1.0,"key":"SneckoOil"},{"floor":5.0,"key":"BloodPotion"},{"floor":8.0,"key":"FearPotion"},{"floor":14.0,"key":"FearPotion"},{"floor":16.0,"key":"Regen Potion"},{"floor":29,"key":"Fire Potion"},{"floor":30,"key":"SpeedPotion"}],"is_trial":false,"path_per_floor":["M","?","$","?","M","E","R","M","T","R","?","R","E","M","R","B",null,"M","$","?","M","?","R","E","M","T","?","R","M","E","M","R","B"],"character_chosen":"IRONCLAD","items_purchased":["Perfected Strike","Pommel Strike","Pocketwatch","Metallicize"],"campfire_rested":3,"item_purchase_floors":[3,3,19,19],"current_hp_per_floor":[74,51,51,51,57,63,63,69,69,69,69,69,67,75,75,33,65,52,52,52,33,33,56,50,43,43,43,66,63,59,62,83,0,0],"gold":133,"neow_bonus":"THREE_ENEMY_KILL","is_daily":false,"chose_seed":false,"campfire_upgraded":4,"win_rate":0.0,"timestamp":1612875084,"path_taken":["M","?","$","?","?","E","R","M","T","R","?","R","E","M","R","BOSS","M","$","?","M","?","R","E","M","T","?","R","M","E","M","R","BOSS"],"items_purchased_type":["Card","Card","Relic","Card"],"build_version":"2020-12-22","purchased_purges":0,"victory":false,"max_hp_per_floor":[75,75,75,75,75,75,75,75,75,75,75,75,75,75,75,75,75,75,75,75,79,79,79,79,79,79,79,79,83,83,83,83,83,83],"relic_stats":{"counters":[15,53],"Gambling Chip":[19],"Bird Faced Urn":[2],"Bag of Preparation":[24],"Whetstone":["Strike_R","Thunderclap"],"Letter Opener":[15],"obtain_stats":[{"SlaversCollar":17,"NeowsBlessing":0,"Gambling Chip":24,"Bird Faced Urn":30,"Bag of Preparation":6,"Whetstone":13,"Letter Opener":26,"Burning Blood":0,"Akabeko":4,"Meat on the Bone":9,"Pocketwatch":19},{"SlaversCollar":7,"NeowsBlessing":0,"Gambling Chip":10,"Bird Faced Urn":13,"Bag of Preparation":3,"Whetstone":5,"Letter Opener":11,"Burning Blood":0,"Akabeko":1,"Meat on the Bone":4,"Pocketwatch":8},{"SlaversCollar":17,"NeowsBlessing":0,"Gambling Chip":31,"Bird Faced Urn":42,"Bag of Preparation":4,"Whetstone":8,"Letter Opener":36,"Burning Blood":0,"Akabeko":1,"Meat on the Bone":5,"Pocketwatch":21}],"Burning Blood":84,"Meat on the Bone":60,"Pocketwatch":[45]},"card_choices":[{"not_picked":["Rage","True Grit"],"picked":"Searing Blow","floor":1.0},{"not_picked":["Spot Weakness","Havoc"],"picked":"Twin Strike","floor":5.0},{"not_picked":["Combust","Warcry"],"picked":"Battle Trance","floor":6.0},{"not_picked":["Reckless Charge","Ghostly Armor"],"picked":"Thunderclap","floor":8.0},{"not_picked":["Flex","Rupture"],"picked":"Shrug It Off","floor":13.0},{"not_picked":["Anger","Metallicize"],"picked":"Feed","floor":14.0},{"not_picked":["Clothesline+1","Iron Wave"],"picked":"Perfected Strike+1","floor":18.0},{"not_picked":["True Grit","Disarm","Flex"],"picked":"SKIP","floor":21.0},{"not_picked":["Pummel","Fiend Fire"],"picked":"Whirlwind+1","floor":24},{"not_picked":["Clash+1","Cleave","Carnage"],"picked":"SKIP","floor":25},{"not_picked":["Body Slam+1","Headbutt","Blood for Blood"],"picked":"SKIP","floor":29},{"not_picked":["True Grit","Carnage"],"picked":"Warcry","floor":30},{"not_picked":["Clash+1","Reckless Charge","Flex"],"picked":"SKIP","floor":31}],"player_experience":500209,"relics_obtained":[{"floor":6.0,"key":"Bag of Preparation"},{"floor":9.0,"key":"Meat on the Bone"},{"floor":13.0,"key":"Whetstone"},{"floor":24,"key":"Gambling Chip"},{"floor":26,"key":"Letter Opener"},{"floor":30,"key":"Bird Faced Urn"}],"event_choices":[{"damage_healed":0.0,"max_hp_gain":0.0,"max_hp_loss":0.0,"gold_gain":0.0,"event_name":"Shining Light","player_choice":"Entered Light","floor":2.0,"gold_loss":0.0,"damage_taken":23.0,"cards_upgraded":["Strike_R","Strike_R"]},{"damage_healed":0.0,"max_hp_gain":0.0,"max_hp_loss":0.0,"gold_gain":0.0,"event_name":"WeMeetAgain","player_choice":"Gave Potion","floor":4.0,"gold_loss":0.0,"damage_taken":0.0,"relics_obtained":["Akabeko"]},{"damage_healed":0.0,"max_hp_gain":0.0,"max_hp_loss":0.0,"gold_gain":150.0,"event_name":"Liars Game","player_choice":"AGREE","floor":11.0,"gold_loss":0.0,"damage_taken":0.0,"cards_obtained":["Doubt"]},{"damage_healed":0.0,"max_hp_gain":0.0,"max_hp_loss":0.0,"gold_gain":0.0,"event_name":"Vampires","player_choice":"Ignored","floor":20.0,"gold_loss":0.0,"damage_taken":0.0},{"damage_healed":0.0,"max_hp_gain":0.0,"max_hp_loss":0.0,"gold_gain":0.0,"event_name":"Back to Basics","player_choice":"Simplicity","floor":22.0,"gold_loss":0.0,"damage_taken":0.0,"cards_upgraded":["Strike_R","Strike_R","Defend_R","Defend_R","Defend_R","Defend_R"]},{"damage_healed":0,"gold_gain":0,"player_choice":"Ignored","damage_taken":0,"max_hp_gain":0,"max_hp_loss":0,"event_name":"Ghosts","floor":27,"gold_loss":0}],"is_beta":false,"boss_relics":[{"not_picked":["Runic Pyramid","Cursed Key"],"picked":"SlaversCollar"}],"items_purged_floors":[],"is_endless":false,"potions_floor_spawned":[1,5,8,14,16,29,30],"killed_by":"Collector","ascension_level":20}}