{"host":"fdip6nj211smoxvi","time":1612875078,"event":{"mods":["BaseMod","BetterRewards","Colored Map","Downfall","Hermit","Minty Spire (QoL Compilation)","Shop Mod","StSLib","The Hierophant","The Servant 0.9.4"],"gold_per_floor":[116,131,156,156,156,181,181,181,181],"floor_reached":8,"language":"DEU","playtime":526,"items_purged":[],"score":62,"play_id":"82d14db9-2824-4ea1-80c2-cb12896dab16","local_time":"20210209135118","is_ascension_mode":true,"campfire_choices":[{"floor":7,"key":"REST"}],"circlet_count":0,"master_deck":["Strike_G","Strike_G","Strike_G","Strike_G","Strike_G","Defend_G","Defend_G","Defend_G","Defend_G","Defend_G","Survivor","Neutralize+1","Backflip","Footwork"],"relics":["Ring of the Snake","Anchor","Centennial Puzzle","Tough Bandages"],"acts_visited":["Exordium"],"potions_floor_usage":[6],"damage_taken":[{"damage":11,"enemies":"Cultist","floor":1,"turns":4},{"damage":0,"enemies":"2 Louse","floor":2,"turns":3},{"damage":17,"enemies":"3 Sentries","floor":6,"turns":9},{"damage":60,"enemies":"Lagavulin","floor":8,"turns":12}],"seed_played":"-414256543904954422","potions_obtained":[{"floor":1,"key":"Swift Potion"},{"floor":2,"key":"BlessingOfTheForge"}],"is_trial":false,"path_per_floor":["M","M","T","?","?","E","R","E"],"character_chosen":"THE_SILENT","items_purchased":[],"campfire_rested":1,"item_purchase_floors":[],"current_hp_per_floor":[66,66,66,54,54,37,60,0,0],"gold":181,"neow_bonus":"TEN_PERCENT_HP_BONUS","is_daily":false,"chose_seed":false,"campfire_upgraded":0,"win_rate":0.0,"timestamp":1612875078,"path_taken":["M","M","?","?","?","E","R","E"],"items_purchased_type":[],"build_version":"2020-12-22","purchased_purges":0,"victory":false,"max_hp_per_floor":[77,77,77,77,77,77,77,77,77],"card_choices":[{"not_picked":["Reflex","Choke","Cloak And Dagger"],"picked":"SKIP","floor":1},{"not_picked":["Cloak And Dagger","Well Laid Plans"],"picked":"Backflip","floor":2},{"not_picked":["Blur","Acrobatics"],"picked":"Footwork","floor":6}],"player_experience":265154,"relics_obtained":[{"floor":3,"key":"Anchor"},{"floor":6,"key":"Tough Bandages"}],"event_choices":[{"damage_healed":0,"gold_gain":0,"player_choice":"Success","damage_taken":12,"relics_obtained":["Centennial Puzzle"],"max_hp_gain":0,"max_hp_loss":0,"event_name":"Scrap Ooze","floor":4,"gold_loss":0},{"damage_healed":0,"gold_gain":0,"player_choice":"Forge","damage_taken":0,"max_hp_gain":0,"max_hp_loss":0,"event_name":"Accursed Blacksmith","floor":5,"gold_loss":0,"cards_upgraded":["Neutralize"]}],"is_beta":false,"boss_relics":[],"items_purged_floors":[],"is_endless":false,"potions_floor_spawned":[1,2],"killed_by":"Lagavulin","ascension_level":3}}