{"host":"uv5ws9rdk87e8i5k","time":1612848544,"event":{"mods":["AchievementEnabler","BaseMod","Colored Map","Minty Spire (QoL Compilation)","Permanent Neow","Quick Restart","StSLib","SuperFastMode","The Necromancer"],"gold_per_floor":[20,36,61,81,92,119,119,147,173,183,200,219,233,233,233],"floor_reached":14,"language":"ENG","playtime":380,"items_purged":[],"score":148,"play_id":"dbafb566-c1e1-48f9-8f5d-4de87418e7d6","local_time":"20210208232904","is_ascension_mode":true,"campfire_choices":[{"data":"Evolve","floor":7.0,"key":"SMITH"}],"circlet_count":0,"master_deck":["Strike_R","Strike_R","Strike_R","Strike_R","Strike_R","Defend_R","Defend_R","Defend_R","Defend_R","Bash","Evolve+1","Wild Strike","Battle Trance","Sentinel","Disarm","Shrug It Off","Warcry"],"relics":["Burning Blood","Charon\u0027s Ashes","Ancient Tea Set","Lantern","Turnip","Oddly Smooth Stone"],"acts_visited":["Exordium"],"potions_floor_usage":[13,14,14],"damage_taken":[{"damage":5.0,"enemies":"Cultist","floor":1.0,"turns":5.0},{"damage":2.0,"enemies":"2 Louse","floor":2.0,"turns":2.0},{"damage":9.0,"enemies":"Jaw Worm","floor":4.0,"turns":3.0},{"damage":19.0,"enemies":"Blue Slaver","floor":5.0,"turns":5.0},{"damage":15.0,"enemies":"3 Sentries","floor":6.0,"turns":6.0},{"damage":24.0,"enemies":"Gremlin Nob","floor":8.0,"turns":4.0},{"damage":6.0,"enemies":"3 Louse","floor":10.0,"turns":7.0},{"damage":9.0,"enemies":"Exordium Thugs","floor":11.0,"turns":5.0},{"damage":9.0,"enemies":"Looter","floor":12.0,"turns":3.0},{"damage":2,"enemies":"Red Slaver","floor":13,"turns":2},{"damage":44,"enemies":"Lagavulin","floor":14,"turns":8}],"seed_played":"-6320967918344750523","potions_obtained":[{"floor":4.0,"key":"SteroidPotion"},{"floor":5.0,"key":"DuplicationPotion"},{"floor":8.0,"key":"Dexterity Potion"},{"floor":10.0,"key":"SpeedPotion"},{"floor":12.0,"key":"AttackPotion"}],"is_trial":false,"path_per_floor":["M","M","T","M","M","E","R","E","T","M","M","M","M","E"],"character_chosen":"IRONCLAD","items_purchased":[],"campfire_rested":0,"item_purchase_floors":[],"current_hp_per_floor":[73,77,77,74,61,52,52,34,34,34,31,28,32,0,0],"gold":233,"neow_bonus":"ONE_RARE_RELIC","is_daily":false,"chose_seed":false,"campfire_upgraded":1,"win_rate":0.0,"timestamp":1612848544,"path_taken":["M","M","?","?","M","E","R","E","T","M","M","M","M","E"],"items_purchased_type":[],"build_version":"2020-12-22","purchased_purges":0,"victory":false,"max_hp_per_floor":[80,80,80,80,80,80,80,80,80,80,80,80,80,80,80],"card_choices":[{"not_picked":["Flex","Spot Weakness"],"picked":"Evolve","floor":1.0},{"not_picked":["Sever Soul","Ghostly Armor"],"picked":"Wild Strike","floor":2.0},{"not_picked":["Rupture","Shrug It Off"],"picked":"Battle Trance","floor":4.0},{"not_picked":["True Grit","Blood for Blood"],"picked":"Sentinel","floor":5.0},{"not_picked":["Clash","Cleave"],"picked":"Disarm","floor":6.0},{"not_picked":["Body Slam","Uppercut"],"picked":"Shrug It Off","floor":8.0},{"not_picked":["Blood for Blood","Armaments","Dropkick"],"picked":"SKIP","floor":10.0},{"not_picked":["Sword Boomerang","Armaments","Heavy Blade"],"picked":"SKIP","floor":11.0},{"not_picked":["Armaments","Clothesline"],"picked":"Warcry","floor":12.0},{"not_picked":["Inflame","Dual Wield","Flex"],"picked":"SKIP","floor":13}],"player_experience":278571,"relics_obtained":[{"floor":3.0,"key":"Ancient Tea Set"},{"floor":6.0,"key":"Lantern"},{"floor":8.0,"key":"Turnip"},{"floor":9.0,"key":"Oddly Smooth Stone"}],"event_choices":[],"is_beta":false,"boss_relics":[],"items_purged_floors":[],"is_endless":false,"potions_floor_spawned":[4,5,8,10,12],"killed_by":"Lagavulin","ascension_level":8}}