{"host":"j4g6ia6asvpyu2b0","time":1612832271,"event":{"mods":["BaseMod","Colored Map","Infinite Spire","Minty Spire (QoL Compilation)","Permanent Neow","Quick Restart","Relic Stats","StSLib","Unceasing Turn Reminder"],"gold_per_floor":[117,129,143,159,170,170,170],"floor_reached":6,"language":"ENG","playtime":248,"items_purged":[],"score":46,"play_id":"396e94f7-b0a2-45bd-b84b-0ae2c4fcb7cb","local_time":"20210208175751","is_ascension_mode":true,"campfire_choices":[],"circlet_count":0,"master_deck":["Strike_G","Strike_G","Strike_G","Strike_G","Strike_G","Defend_G","Defend_G","Defend_G","Defend_G","Defend_G","Survivor","Neutralize","A Thousand Cuts","Backflip","Deadly Poison","Dagger Throw","Backflip","Dash"],"relics":["Ring of the Snake"],"acts_visited":["Exordium"],"potions_floor_usage":[4],"damage_taken":[{"damage":7,"enemies":"infinitespire:Voidling","floor":1,"turns":5},{"damage":1,"enemies":"Cultist","floor":2,"turns":4},{"damage":4,"enemies":"Jaw Worm","floor":3,"turns":4},{"damage":11,"enemies":"Exordium Thugs","floor":4,"turns":5},{"damage":15,"enemies":"Looter","floor":5,"turns":4},{"damage":26,"enemies":"Gremlin Nob","floor":6,"turns":3}],"seed_played":"717714166652731255","potions_obtained":[{"floor":3,"key":"Explosive Potion"},{"floor":4,"key":"DuplicationPotion"}],"is_trial":false,"path_per_floor":["M","M","M","M","M","E"],"character_chosen":"THE_SILENT","items_purchased":[],"campfire_rested":0,"item_purchase_floors":[],"current_hp_per_floor":[47,46,42,31,16,0,0],"gold":170,"neow_bonus":"THREE_RARE_CARDS","is_daily":false,"chose_seed":false,"campfire_upgraded":0,"win_rate":0.0,"timestamp":1612832271,"path_taken":["M","?","M","M","?","E"],"items_purchased_type":[],"build_version":"2020-12-22","purchased_purges":0,"victory":false,"max_hp_per_floor":[70,70,70,70,70,70,70],"relic_stats":{"counters":[6,25],"obtain_stats":[{"Ring of the Snake":0},{"Ring of the Snake":0},{"Ring of the Snake":0}],"Ring of the Snake":[12]},"card_choices":[{"not_picked":["Venomology","Wraith Form v2"],"picked":"A Thousand Cuts","floor":0},{"not_picked":["Acrobatics","Deflect"],"picked":"Backflip","floor":1},{"not_picked":["Catalyst","Expertise"],"picked":"Deadly Poison","floor":2},{"not_picked":["Dodge and Roll","Acrobatics"],"picked":"Dagger Throw","floor":3},{"not_picked":["Heel Hook","Underhanded Strike"],"picked":"Backflip","floor":4},{"not_picked":["Flying Knee","Blade Dance"],"picked":"Dash","floor":5}],"player_experience":1194298,"relics_obtained":[],"event_choices":[],"is_beta":false,"boss_relics":[],"items_purged_floors":[],"is_endless":false,"potions_floor_spawned":[3,4],"killed_by":"Gremlin Nob","ascension_level":3}}