{"host":"vflj39ie5n27t074","time":1612834991,"event":{"mods":["BaseMod","BetterRewards","Bossed Relics","Colored Map","Colored Powertips","Downfall","Hero for Fun","Hubris","Infinite Spire","Marisa????????","Minty Spire (QoL Compilation)","Replay The Spire","SIMod","StSLib","The Jungle","The Mystic","The Poker Player","The Servant 0.9.4"],"gold_per_floor":[118,128,203,222,142,174,174,202,202,220,230,230,240,270,270,369,369,379,223,223,223,243,278,290,290,290,319,331,366,382,235,235,330,330,342,387,401,401,401],"floor_reached":38,"language":"ENG","playtime":2839,"items_purged":[],"score":436,"play_id":"c7022df0-f654-4377-bf29-7395aee6a3c0","local_time":"20210208194311","is_ascension_mode":false,"campfire_choices":[{"data":"Clothesline","floor":7,"key":"SMITH"},{"floor":12,"key":"REST"},{"data":"Combust","floor":15,"key":"SMITH"},{"data":"Flame Barrier","floor":25,"key":"SMITH"},{"data":"Iron Wave","floor":32,"key":"SMITH"}],"circlet_count":0,"master_deck":["Strike_R","Strike_R","Defend_R","Defend_R","Defend_R","Bash","Pommel Strike","hubris:ReadiedAction","Combust+1","Clothesline+1","Headbutt","Reaper","Flame Barrier+1","Juggernaut","AbeCurse","hubris:ReadiedAction+1","infinitespire:FinalStrike","Iron Wave+1","infinitespire:OneForAll+1","Barricade","Cleave"],"relics":["Burning Blood","King of Hearts","Bottled Tornado","Toy Ornithopter","hubris:GlazedTorus","Replay:Grab Bag","Painkiller Herb","Abe\u0027s Treasure","hubris:Backtick","TungstenRod","ClockworkSouvenir","Onion Ring","Orichalcum","hubris:TenFootPole","PreservedInsect","Red Mask","infinitespire:Satchel","Empty Cage","Girya"],"acts_visited":["Exordium","TheCity","TheBeyond"],"potions_floor_usage":[6,10,13,27,33],"damage_taken":[{"damage":4,"enemies":"Small Slimes","floor":1,"turns":4},{"damage":1,"enemies":"Cultist","floor":2,"turns":3},{"damage":0,"enemies":"2 Louse","floor":4,"turns":2},{"damage":46,"enemies":"3 Sentries","floor":6,"turns":7},{"damage":24,"enemies":"Lagavulin","floor":8,"turns":7},{"damage":8,"enemies":"Lots of Slimes","floor":10,"turns":2},{"damage":8,"enemies":"2 Fungi Beasts","floor":11,"turns":3},{"damage":5,"enemies":"Large Slime","floor":13,"turns":5},{"damage":18,"enemies":"Gremlin Nob","floor":14,"turns":4},{"damage":24,"enemies":"Hexaghost","floor":16,"turns":11},{"damage":17,"enemies":"2 Thieves","floor":18,"turns":4},{"damage":12,"enemies":"3 Byrds","floor":22,"turns":3},{"damage":28,"enemies":"Nightmare","floor":23,"turns":6},{"damage":11,"enemies":"Centurion and Healer","floor":24,"turns":4},{"damage":35,"enemies":"Slavers","floor":27,"turns":5},{"damage":8,"enemies":"3 Cultists","floor":28,"turns":4},{"damage":16,"enemies":"Masked Bandits","floor":29,"turns":3},{"damage":2,"enemies":"Shelled Parasite and Fungi","floor":30,"turns":5},{"damage":48,"enemies":"Champ","floor":33,"turns":11},{"damage":15,"enemies":"3 Shapes","floor":35,"turns":3},{"damage":54,"enemies":"2 Orb Walkers","floor":36,"turns":5},{"damage":5,"enemies":"3 Darklings","floor":37,"turns":4},{"damage":52,"enemies":"Writhing Mass","floor":38,"turns":4}],"seed_played":"-3645627485284841208","potions_obtained":[{"floor":2,"key":"ColorlessPotion"},{"floor":6,"key":"Venom Potion"},{"floor":11,"key":"hexamod:SoulburnPotion"},{"floor":18,"key":"Doom Potion"},{"floor":24,"key":"Dexterity Potion"},{"floor":29,"key":"Venom Potion"},{"floor":30,"key":"Ancient Potion"},{"floor":37,"key":"bronze:BurnAndBuffPotion"}],"is_trial":false,"path_per_floor":["M","M","?","M","$","E","R","E","T","M","M","R","M","E","R","B",null,"?","T","T","?","?","NM","?","T","T","E","?","?","?","T","T","B",null,"?","?","?","?"],"character_chosen":"IRONCLAD","items_purchased":["Combust","ClockworkSouvenir","infinitespire:Satchel"],"campfire_rested":1,"item_purchase_floors":[5,19,31],"current_hp_per_floor":[72,72,65,71,71,31,31,13,13,16,14,35,41,29,29,16,72,70,70,70,65,66,51,54,54,54,54,70,66,72,72,72,36,72,68,20,39,0,0],"gold":401,"neow_bonus":"REMOVE_TWO","is_daily":false,"chose_seed":false,"campfire_upgraded":4,"win_rate":0.0,"timestamp":1612834991,"path_taken":["M","M","?","M","$","E","R","E","T","M","M","R","M","E","R","BOSS","?","T","?","?","?","NM","?","T","T","E","?","?","?","T","T","BOSS","?","?","?","?"],"items_purchased_type":["Card","Relic","Relic"],"build_version":"2020-12-22","purchased_purges":0,"victory":false,"max_hp_per_floor":[72,72,72,72,72,72,72,72,72,72,72,72,72,72,72,72,72,72,72,72,72,72,72,72,72,72,72,72,72,72,72,72,72,72,72,72,72,72,72],"card_choices":[{"not_picked":["Thunderclap","Power Through","Sword Boomerang"],"picked":"SKIP","floor":1},{"not_picked":["Replay:Undeath\u0027s Touch","Clash"],"picked":"Pommel Strike","floor":2},{"not_picked":["Armaments","Run Through"],"picked":"hubris:ReadiedAction","floor":4},{"not_picked":["Infernal Blade","Fiend Fire"],"picked":"Clothesline","floor":6},{"not_picked":["Pommel Strike","Anger"],"picked":"Headbutt","floor":8},{"not_picked":["Clash","Heavy Blade","Warcry"],"picked":"SKIP","floor":10},{"not_picked":["True Grit","Body Slam","Perfected Strike"],"picked":"SKIP","floor":11},{"not_picked":["Massacre","Iron Wave"],"picked":"Reaper","floor":13},{"not_picked":["Shrug It Off","Thunderclap"],"picked":"Flame Barrier","floor":14},{"not_picked":["Eclipse","Demon Form"],"picked":"Juggernaut","floor":16},{"not_picked":["Dark Embrace+1","Twin Strike","Sword Boomerang+1"],"picked":"SKIP","floor":18},{"not_picked":["Warcry+1","ReplayReversal"],"picked":"hubris:ReadiedAction+1","floor":22},{"not_picked":["infinitespire:Oblivion","ReplayTheSpireMod:??????????????????????"],"picked":"infinitespire:FinalStrike","floor":23},{"not_picked":["ReplayTheSpireMod:Strike From Hell+1","Flex","Twin Strike"],"picked":"SKIP","floor":23},{"not_picked":["Run Through","Heavy Blade+1","Twin Strike"],"picked":"SKIP","floor":24},{"not_picked":["Armaments","Rupture"],"picked":"Iron Wave","floor":27},{"not_picked":["Iron Wave","Perfected Strike+1","Twin Strike"],"picked":"SKIP","floor":28},{"not_picked":["Anger","Perfected Strike"],"picked":"infinitespire:OneForAll+1","floor":29},{"not_picked":["hubris:ReadiedAction","Shrug It Off","Replay:Undeath\u0027s Touch"],"picked":"SKIP","floor":30},{"not_picked":["Replay:Many Hands","Demonic Infusion"],"picked":"Barricade","floor":33},{"not_picked":["Intimidate+1","Hemokinesis","ReplayTheSpireMod:Stacked"],"picked":"SKIP","floor":35},{"not_picked":["Pommel Strike","Clothesline"],"picked":"Cleave","floor":37}],"player_experience":109032,"relics_obtained":[{"floor":6,"key":"King of Hearts"},{"floor":8,"key":"Bottled Tornado"},{"floor":9,"key":"Toy Ornithopter"},{"floor":14,"key":"hubris:GlazedTorus"},{"floor":20,"key":"Onion Ring"},{"floor":23,"key":"Orichalcum"},{"floor":26,"key":"hubris:TenFootPole"},{"floor":27,"key":"PreservedInsect"},{"floor":29,"key":"Red Mask"},{"floor":36,"key":"Girya"}],"event_choices":[{"damage_healed":0,"gold_gain":75,"player_choice":"Touch","damage_taken":7,"max_hp_gain":0,"max_hp_loss":0,"event_name":"FaceTrader","floor":3,"gold_loss":0},{"damage_healed":0,"gold_gain":0,"player_choice":"","damage_taken":6,"max_hp_gain":0,"max_hp_loss":0,"event_name":"Knowing Skull","floor":21,"potions_obtained":[],"gold_loss":0,"cards_obtained":[]},{"damage_healed":0,"gold_gain":0,"player_choice":"Fought Bandits","damage_taken":0,"max_hp_gain":0,"max_hp_loss":0,"event_name":"Masked Bandits","floor":29,"gold_loss":0},{"damage_healed":0,"gold_gain":0,"player_choice":"Fight","damage_taken":0,"max_hp_gain":0,"max_hp_loss":0,"event_name":"Mysterious Sphere","floor":36,"gold_loss":0}],"is_beta":false,"boss_relics":[{"not_picked":["Ectoplasm","Astrolabe"],"picked":"Replay:Grab Bag"},{"not_picked":["Replay:Bronze Core","hubris:TerracottaHorce"],"picked":"Painkiller Herb"},{"not_picked":["ReplayTheSpireMod:DimensionalGlitch","hubris:CrackedHourglass"],"picked":"Abe\u0027s Treasure"},{"not_picked":["ReplayTheSpireMod:SealedPack","Runic Pyramid"],"picked":"hubris:Backtick"},{"not_picked":["Kintsugi","hubris:BlackHole"],"picked":"Empty Cage"}],"items_purged_floors":[],"is_endless":false,"potions_floor_spawned":[2,6,11,18,24,29,30,37],"killed_by":"Writhing Mass","ascension_level":0}}