{"host":"8d3fefv2347kqkpz","time":1612897008,"event":{"mods":["AchievementEnabler","Act Like it!","BaseMod","Better Vampires","Colored Map","Colored Powertips","Downfall","GifTheSpireLib","Highlight Path","Minty Spire (QoL Compilation)","Quick Restart","Rare Cards Sparkle","Relic Stats","Replay The Spire","Spicy Shops","StSLib","Waifu the Spire"],"gold_per_floor":[187,61,61,61,74,91,91,106,119,147,147,177,177,177,189,289,289,89,106,16,29,29,29,103,103,116,151,151,76,76,95,106,206,206,206,226,242,269,269,283,283,283,317,362,362,362,362],"floor_reached":45,"language":"ZHS","playtime":2505,"items_purged":["Slimebound:Tackle"],"score":486,"play_id":"00560553-fcff-4622-822d-aa08a67ff825","local_time":"20210210025648","is_ascension_mode":false,"campfire_choices":[{"floor":11.0,"key":"REST"},{"data":"Slimebound:Grow","floor":18.0,"key":"SMITH"},{"data":"Slimebound:Grow","floor":25.0,"key":"SMITH"},{"floor":28.0,"key":"REST"},{"data":"Slimebound:Grow","floor":30.0,"key":"SMITH"},{"data":"Slimebound:DouseInSlime","floor":35.0,"key":"SMITH"}],"circlet_count":0,"master_deck":["Slimebound:Strike_Slimebound","Slimebound:Strike_Slimebound","Slimebound:Strike_Slimebound","Slimebound:Defend_Slimebound+1","Slimebound:Defend_Slimebound+1","Slimebound:Defend_Slimebound+1","Slimebound:Defend_Slimebound+1","Slimebound:Split","Slimebound:CorrosiveSpit","Slimebound:MegaLick","Slimebound:Grow+1","Slimebound:Replication+1","Slimebound:Nibble","Slimebound:HauntingLick","Slimebound:Schlurp","Slimebound:AcidTongue","Slimebound:SpikyOuterGoop","Slimebound:Dissolve","Slimebound:TongueLash","Slimebound:ItLooksTasty","Slimebound:Grow+1","Slimebound:RejuvenatingLick+1","Slimebound:PressTheAttack","Slimebound:RejuvenatingLick","Slimebound:LeechEnergy+1","Slimebound:GrowthPunch+1","Slimebound:Grow+1","Slimebound:Grow","Slimebound:TongueLash","Slimebound:GoopSpray+1","Slimebound:DouseInSlime+1","Slimebound:AcidTongue","Slimebound:ViciousTackle","Slimebound:Schlurp"],"relics":["Slimebound:AbsorbEndCombatUpgraded","downfall:HeartsMalice","Akabeko","Odd Mushroom","downfall:HeartBlessingGreen","downfall:HeartBlessingBlue","Replay:Bottled Eggs","Blood Vial","Boot","Chameleon Ring","Pen Nib"],"acts_visited":["Exordium","TheCity","TheBeyond"],"potions_floor_usage":[43],"damage_taken":[{"damage":0.0,"enemies":"downfall:FleeingMerchant","floor":2.0,"turns":1.0},{"damage":0.0,"enemies":"Jaw Worm","floor":3.0,"turns":1.0},{"damage":0.0,"enemies":"Small Slimes","floor":4.0,"turns":1.0},{"damage":10.0,"enemies":"2 Louse","floor":5.0,"turns":4.0},{"damage":3.0,"enemies":"Blue Slaver","floor":6.0,"turns":4.0},{"damage":11.0,"enemies":"Lots of Slimes","floor":8.0,"turns":4.0},{"damage":6.0,"enemies":"Red Slaver","floor":9.0,"turns":3.0},{"damage":47.0,"enemies":"3 Sentries","floor":10.0,"turns":13.0},{"damage":5.0,"enemies":"The Mushroom Lair","floor":12.0,"turns":5.0},{"damage":0.0,"enemies":"Exordium Wildlife","floor":15.0,"turns":3.0},{"damage":10.0,"enemies":"SI_SHIV_ARCHETYPE","floor":16.0,"turns":6.0},{"damage":26.0,"enemies":"Spheric Guardian","floor":19.0,"turns":6.0},{"damage":0.0,"enemies":"downfall:FleeingMerchant","floor":20.0,"turns":4.0},{"damage":6.0,"enemies":"Centurion and Healer","floor":21.0,"turns":7.0},{"damage":13.0,"enemies":"Shelled Parasite and Fungi","floor":26.0,"turns":6.0},{"damage":28.0,"enemies":"Book of Stabbing","floor":27.0,"turns":5.0},{"damage":4.0,"enemies":"downfall:FleeingMerchant","floor":29.0,"turns":4.0},{"damage":27.0,"enemies":"Snake Plant","floor":31.0,"turns":4.0},{"damage":17.0,"enemies":"Sentry and Sphere","floor":32.0,"turns":6.0},{"damage":54.0,"enemies":"DF_ARCHETYPE_CLAW","floor":33.0,"turns":11.0},{"damage":20.0,"enemies":"3 Darklings","floor":36.0,"turns":9.0},{"damage":15.0,"enemies":"Orb Walker","floor":37.0,"turns":3.0},{"damage":21.0,"enemies":"Jaw Worm Horde","floor":40.0,"turns":7.0},{"damage":12.0,"enemies":"Jaw Worm Horde","floor":42.0,"turns":8.0},{"damage":59,"enemies":"Reptomancer","floor":43,"turns":11},{"damage":24,"enemies":"Spire Growth","floor":45,"turns":3}],"seed_played":"-5949796300579715321","potions_obtained":[{"floor":5.0,"key":"Ancient Potion"},{"floor":6.0,"key":"Fire Potion"},{"floor":10.0,"key":"Regen Potion"},{"floor":15.0,"key":"FearPotion"},{"floor":27.0,"key":"Explosive Potion"},{"floor":33.0,"key":"Fire Potion"},{"floor":36.0,"key":"Block Potion"},{"floor":40.0,"key":"Block Potion"}],"is_trial":false,"path_per_floor":["R_BF","$","M","M","M","M","T","M","M","E","R","?","?","?","M","B",null,"R","M","$","M","?","?","T","R","M","E","R","$","R","M","M","B",null,"R","M","M","T","?","M","T","?","E","T","M"],"character_chosen":"SLIMEBOUND","items_purchased":["Slimebound:Grow","Slimebound:Replication+1","Slimebound:Grow"],"campfire_rested":2,"item_purchase_floors":[2,2,29],"current_hp_per_floor":[65,65,65,65,57,60,60,55,55,16,35,38,38,38,46,44,65,75,55,61,63,63,63,63,63,58,36,58,62,62,45,38,9,75,75,61,54,54,54,47,47,52,10,10,0,0,0],"gold":362,"neow_bonus":"THREE_ENEMY_KILL","is_daily":false,"chose_seed":false,"campfire_upgraded":4,"win_rate":0.0,"timestamp":1612897008,"path_taken":["R_BF","$","M","M","M","M","T","M","M","E","R","?","?","?","M","BOSS","R","M","$","M","?","?","T","R","?","E","R","$","R","M","M","BOSS","R","M","M","?","?","M","T","?","E","?","?"],"items_purchased_type":["Card","Card","Card"],"build_version":"2020-12-22","purchased_purges":1,"victory":false,"max_hp_per_floor":[65,65,65,65,65,65,65,65,65,65,65,65,65,65,65,65,65,75,75,75,75,75,75,75,75,75,75,75,75,75,75,75,75,75,75,75,75,75,75,75,75,75,75,75,75,75,75],"relic_stats":{"Blood Vial":18,"counters":[26,134],"Pen Nib":[0],"Boot":[0],"obtain_stats":[{"Blood Vial":27,"Chameleon Ring":41,"downfall:HeartBlessingBlue":18,"downfall:HeartsMalice":0,"downfall:HeartBlessingGreen":18,"Pen Nib":44,"Slimebound:AbsorbEndCombat":0,"Odd Mushroom":12,"Replay:Bottled Eggs":24,"Slimebound:AbsorbEndCombatUpgraded":34,"Boot":38,"Akabeko":10},{"Blood Vial":16,"Chameleon Ring":23,"downfall:HeartBlessingBlue":11,"downfall:HeartsMalice":0,"downfall:HeartBlessingGreen":11,"Pen Nib":25,"Slimebound:AbsorbEndCombat":0,"Odd Mushroom":9,"Replay:Bottled Eggs":14,"Slimebound:AbsorbEndCombatUpgraded":20,"Boot":22,"Akabeko":8},{"Blood Vial":68,"Chameleon Ring":112,"downfall:HeartBlessingBlue":40,"downfall:HeartsMalice":0,"downfall:HeartBlessingGreen":40,"Pen Nib":131,"Slimebound:AbsorbEndCombat":0,"Odd Mushroom":31,"Replay:Bottled Eggs":57,"Slimebound:AbsorbEndCombatUpgraded":93,"Boot":105,"Akabeko":26}]},"card_choices":[{"not_picked":["Slimebound:SamplingLick","Slimebound:ForwardTackle"],"picked":"Slimebound:MegaLick","floor":2.0},{"not_picked":["Slimebound:ItLooksTasty","Slimebound:LeechEnergy"],"picked":"Slimebound:Nibble","floor":3.0},{"not_picked":["Slimebound:LivingWall","Slimebound:RainOfGoop"],"picked":"Slimebound:HauntingLick","floor":4.0},{"not_picked":["Slimebound:SamplingLick","Slimebound:PressTheAttack"],"picked":"Slimebound:Schlurp","floor":5.0},{"not_picked":["Slimebound:FinishingTackle","Slimebound:SamplingLick"],"picked":"Slimebound:AcidTongue","floor":6.0},{"not_picked":["Slimebound:Teamwork","Slimebound:SplitBruiser"],"picked":"Slimebound:SpikyOuterGoop","floor":8.0},{"not_picked":["Slimebound:GoopSpray","Slimebound:RollThrough"],"picked":"Slimebound:Dissolve","floor":9.0},{"not_picked":["Slimebound:LevelUp","Slimebound:SplitBruiser"],"picked":"Slimebound:TongueLash","floor":10.0},{"not_picked":["Slimebound:ComboTackle","Slimebound:FinishingTackle"],"picked":"Slimebound:ItLooksTasty","floor":12.0},{"not_picked":["Slimebound:SplitLeeching","Slimebound:SlimeSpikes"],"picked":"Slimebound:Prepare","floor":15.0},{"not_picked":["Slimebound:MinionMaster","Slimebound:Overexert"],"picked":"Slimebound:MassRepurpose","floor":16.0},{"not_picked":["Slimebound:ForwardTackle","Slimebound:GoopSpray+1"],"picked":"Slimebound:Grow","floor":19.0},{"not_picked":["Slimebound:SlimeTap","Slimebound:BestDefense","Slimebound:LeechEnergy"],"picked":"SKIP","floor":20.0},{"not_picked":["Slimebound:FlameTackle","Slimebound:SlimeBarrage+1"],"picked":"Slimebound:RejuvenatingLick+1","floor":21.0},{"not_picked":["Slimebound:SlimeBarrage+1","Slimebound:LeadByExample"],"picked":"Slimebound:RejuvenatingLick","floor":26.0},{"not_picked":["Slimebound:SlimeBrawl+1","Slimebound:PressTheAttack+1"],"picked":"Slimebound:LeechEnergy+1","floor":27.0},{"not_picked":["Slimebound:Chomp+1","Slimebound:SplitMire"],"picked":"Slimebound:GrowthPunch+1","floor":29.0},{"not_picked":["Slimebound:RollThrough","Slimebound:Chomp+1"],"picked":"Slimebound:TongueLash","floor":31.0},{"not_picked":["Slimebound:GoopTackle+1","Slimebound:SplitMire"],"picked":"Slimebound:GoopSpray+1","floor":32.0},{"not_picked":["Slimebound:PrepareCrush","Slimebound:RallyTheTroops"],"picked":"Slimebound:DouseInSlime","floor":33.0},{"not_picked":["Slimebound:ItLooksTasty+1","Slimebound:SlimeSpikes"],"picked":"Slimebound:AcidTongue","floor":36.0},{"not_picked":["Slimebound:HauntingLick","Slimebound:ComboTackle"],"picked":"Slimebound:ViciousTackle","floor":37.0},{"not_picked":["Slimebound:GoopTackle","Slimebound:LivingWall+1","Slimebound:Prepare"],"picked":"SKIP","floor":40.0},{"not_picked":["Slimebound:MassRepurpose","Slimebound:ItLooksTasty"],"picked":"Slimebound:Schlurp","floor":43}],"player_experience":323955,"relics_obtained":[{"floor":10.0,"key":"Akabeko"},{"floor":12.0,"key":"Odd Mushroom"},{"floor":24.0,"key":"Replay:Bottled Eggs"},{"floor":27.0,"key":"Blood Vial"},{"floor":38.0,"key":"Boot"},{"floor":41.0,"key":"Chameleon Ring"},{"floor":44,"key":"Pen Nib"}],"event_choices":[{"damage_healed":0.0,"max_hp_gain":0.0,"max_hp_loss":0.0,"gold_gain":0.0,"event_name":"Mushrooms","player_choice":"Fought Mushrooms","floor":12.0,"gold_loss":0.0,"damage_taken":0.0},{"damage_healed":0.0,"max_hp_gain":0.0,"max_hp_loss":0.0,"gold_gain":0.0,"cards_transformed":["Slimebound:MassRepurpose","Slimebound:Prepare"],"event_name":"Drug Dealer","player_choice":"Became Test Subject","floor":22.0,"gold_loss":0.0,"damage_taken":0.0,"cards_obtained":["Slimebound:Repurpose","Slimebound:PressTheAttack"]}],"is_beta":false,"boss_relics":[{"not_picked":["Cursed Key","Philosopher\u0027s Stone","Calling Bell"]},{"not_picked":["Pandora\u0027s Box","Velvet Choker"],"picked":"Slimebound:AbsorbEndCombatUpgraded"}],"items_purged_floors":[20],"is_endless":false,"potions_floor_spawned":[5,6,10,15,19,27,33,36,40],"killed_by":"Spire Growth","ascension_level":0}}