{"host":"sh8ot41fo7a0kahq","time":1612866713,"event":{"mods":["ATMod(°¢èªMod)","BaseMod","Better Third Choice","Colored Powertips","Displayed Cursed Tome","Minty Spire (QoL Compilation)","Quick Restart","Spicy Shops","StSLib","UnlockEverythingMod","¡¾ÒÅÎï¿¨ÅÆ¡¿REMEMod"],"gold_per_floor":[113,188,201,201,201,201,217,217,244,244,261,288,82,92,92,194,194,204,220,236,86,96,96,129,129,129,154,154,187,199,199,199,299,299,312,326,337,348,348,348,363,363,414,27,56,75,87,137,137,137,137,137,25,56,56],"floor_reached":56,"language":"ZHS","playtime":1645,"items_purged":["Strike_G","Strike_G+1"],"score":1735,"play_id":"c54bf097-c34f-4b5b-b1e8-0fc0b88796f0","local_time":"20210209183153","is_ascension_mode":true,"campfire_choices":[{"data":"Blade Dance","floor":6.0,"key":"SMITH"},{"data":"AT_MachinaRedman","floor":8.0,"key":"SMITH"},{"floor":15.0,"key":"RECALL"},{"data":"AT_WindFlip","floor":23.0,"key":"SMITH"},{"data":"LessonLearned","floor":25.0,"key":"SMITH"},{"floor":28.0,"key":"REST"},{"data":"REME_GrazeFinale","floor":32.0,"key":"SMITH"},{"data":"Footwork","floor":40.0,"key":"SMITH"},{"data":"Doppelganger","floor":42.0,"key":"SMITH"},{"floor":49.0,"key":"REST"},{"data":"Backflip","floor":52.0,"key":"SMITH"}],"circlet_count":0,"master_deck":["Strike_G+1","Strike_G+1","Strike_G+1","Defend_G","Defend_G+1","Defend_G+1","Defend_G+1","Defend_G","Survivor+1","Neutralize+1","LessonLearned+1","AT_MachinaRedman+1","Blade Dance+1","REME_GrazeFinale+1","Calculated Gamble+1","Doppelganger+1","Prepared+1","Footwork+1","Acrobatics+1","Backflip+1","Prepared+1","Prepared+1","Footwork","Accuracy+1"],"relics":["Ring of the Snake","AT_ATBox","REME_ComplimentaryCards","NeowsBlessing","FaceOfCleric","MealTicket","Regal Pillow","Paper Crane","Runic Dome","Medical Kit","Thread and Needle","AT_Manta","AT_SunfireAegis","AT_DeathDance","Meat on the Bone","Runic Pyramid","Membership Card","AT_RedTearstoneRing","AT_RedNoBalance","Happy Flower","Mango","Orrery","AT_ForceNature"],"acts_visited":["Exordium","TheCity","TheBeyond","TheEnding"],"potions_floor_usage":[55],"damage_taken":[{"damage":0.0,"enemies":"2 Louse","floor":1.0,"turns":1.0},{"damage":0.0,"enemies":"Small Slimes","floor":3.0,"turns":1.0},{"damage":0.0,"enemies":"Cultist","floor":7.0,"turns":1.0},{"damage":0.0,"enemies":"Gremlin Gang","floor":11.0,"turns":7.0},{"damage":17.0,"enemies":"Gremlin Nob","floor":12.0,"turns":3.0},{"damage":1.0,"enemies":"2 Fungi Beasts","floor":14.0,"turns":2.0},{"damage":23.0,"enemies":"Slime Boss","floor":16.0,"turns":10.0},{"damage":6.0,"enemies":"Shell Parasite","floor":18.0,"turns":3.0},{"damage":6.0,"enemies":"Chosen","floor":19.0,"turns":3.0},{"damage":15.0,"enemies":"Centurion and Healer","floor":20.0,"turns":8.0},{"damage":3.0,"enemies":"Snecko","floor":22.0,"turns":6.0},{"damage":68.0,"enemies":"Gremlin Leader","floor":24.0,"turns":12.0},{"damage":5.0,"enemies":"Slavers","floor":27.0,"turns":2.0},{"damage":0.0,"enemies":"Book of Stabbing","floor":29.0,"turns":3.0},{"damage":2.0,"enemies":"Sentry and Sphere","floor":30.0,"turns":3.0},{"damage":8.0,"enemies":"Collector","floor":33.0,"turns":5.0},{"damage":0.0,"enemies":"3 Shapes","floor":35.0,"turns":3.0},{"damage":0.0,"enemies":"Orb Walker","floor":36.0,"turns":2.0},{"damage":21.0,"enemies":"Jaw Worm Horde","floor":37.0,"turns":5.0},{"damage":5.0,"enemies":"Spire Growth","floor":38.0,"turns":3.0},{"damage":0.0,"enemies":"Sphere and 2 Shapes","floor":41.0,"turns":2.0},{"damage":0.0,"enemies":"Nemesis","floor":45.0,"turns":3.0},{"damage":29.0,"enemies":"4 Shapes","floor":46.0,"turns":2.0},{"damage":0.0,"enemies":"Spire Growth","floor":47.0,"turns":2.0},{"damage":0.0,"enemies":"Mind Bloom Boss Battle","floor":48.0,"turns":1.0},{"damage":9.0,"enemies":"Donu and Deca","floor":50.0,"turns":3.0},{"damage":17,"enemies":"Shield and Spear","floor":54,"turns":2},{"damage":38,"enemies":"The Heart","floor":55,"turns":5}],"seed_played":"2843221385018128246","potions_obtained":[{"floor":1.0,"key":"GamblersBrew"},{"floor":3.0,"key":"Swift Potion"},{"floor":11.0,"key":"DistilledChaos"},{"floor":24.0,"key":"Ancient Potion"}],"is_trial":false,"path_per_floor":["M","?","M","?","?","R","M","R","T","$","M","E","$","M","R","B",null,"M","M","M","$","M","R","E","R","T","E","R","E","M","?","R","B",null,"M","M","M","M","?","R","M","R","T","$","E","M","M","?","R","B",null,"R","$","E","B",null],"character_chosen":"THE_SILENT","items_purchased":["Paper Crane","Medical Kit","Membership Card","AT_RedTearstoneRing","Acrobatics","AT_SilverBalance","Orrery","Accuracy"],"campfire_rested":2,"item_purchase_floors":[13,21,44,44,44,44,53,53],"current_hp_per_floor":[63,52,52,52,52,52,53,53,53,68,69,53,68,68,68,46,68,76,71,57,72,70,70,47,47,47,43,81,82,81,81,81,74,82,83,84,64,60,60,60,61,61,61,76,55,27,56,71,103,95,102,102,104,88,63],"gold":56,"neow_bonus":"THREE_ENEMY_KILL","is_daily":false,"chose_seed":false,"campfire_upgraded":8,"win_rate":0.0,"timestamp":1612866713,"path_taken":["M","?","M","?","?","R","M","R","T","$","M","E","$","?","R","BOSS","M","M","M","$","?","R","E","R","T","E","R","E","M","?","R","BOSS","M","?","M","M","?","R","M","R","T","$","E","M","M","?","R","BOSS","R","$","E","BOSS"],"items_purchased_type":["Relic","Relic","Relic","Relic","Card","Relic","Relic","Card"],"build_version":"2020-12-22","purchased_purges":2,"victory":true,"max_hp_per_floor":[70,70,70,70,70,70,71,71,71,71,72,73,73,74,74,75,75,76,77,78,78,79,79,80,80,80,81,81,82,83,83,83,84,84,85,86,87,88,84,84,85,85,85,85,86,87,88,103,103,104,104,104,104,105,106],"card_choices":[{"not_picked":["Distraction","Flying Knee"],"picked":"Blade Dance","floor":1.0},{"not_picked":["Dagger Throw","Eviscerate","Corpse Explosion"],"picked":"SKIP","floor":3.0},{"not_picked":["Masterful Stab","Well Laid Plans","Cloak And Dagger"],"picked":"SKIP","floor":7.0},{"not_picked":["Bane","Blade Dance","Deflect"],"picked":"SKIP","floor":11.0},{"not_picked":["Tactician","Deadly Poison","Blur"],"picked":"SKIP","floor":12.0},{"not_picked":["Dodge and Roll","Blur","Blade Dance"],"picked":"SKIP","floor":14.0},{"not_picked":["REME_ShadowForm","Burst"],"picked":"REME_GrazeFinale","floor":16.0},{"not_picked":["Outmaneuver","Blade Dance"],"picked":"AT_WindFlip","floor":18.0},{"not_picked":["Finisher+1","Bouncing Flask","Poisoned Stab"],"picked":"SKIP","floor":19.0},{"not_picked":["Deflect+1","REME_ShadowStrike+1","Cloak And Dagger"],"picked":"SKIP","floor":20.0},{"not_picked":["Catalyst","Crippling Poison","Quick Slash"],"picked":"SKIP","floor":22.0},{"not_picked":["Deflect+1","Burst","Infinite Blades+1"],"picked":"SKIP","floor":24.0},{"not_picked":["Deadly Poison","Blur","Heel Hook+1"],"picked":"SKIP","floor":27.0},{"not_picked":["Bouncing Flask","Blade Dance","Noxious Fumes"],"picked":"SKIP","floor":29.0},{"not_picked":["AT_TwilightShroud","Flying Knee"],"picked":"Calculated Gamble+1","floor":30.0},{"not_picked":["Burst","REME_CopyPotion"],"picked":"Doppelganger","floor":33.0},{"not_picked":["Dagger Throw+1","Blade Dance"],"picked":"Prepared","floor":35.0},{"not_picked":["Outmaneuver","Underhanded Strike+1","Flying Knee"],"picked":"SKIP","floor":36.0},{"not_picked":["Dash","Heel Hook+1"],"picked":"Footwork","floor":37.0},{"not_picked":["Dagger Throw","Deflect+1","Finisher"],"picked":"SKIP","floor":38.0},{"not_picked":["Noxious Fumes","Dagger Throw+1","Outmaneuver+1"],"picked":"SKIP","floor":41.0},{"not_picked":["Deadly Poison","Bullet Time"],"picked":"Backflip","floor":45.0},{"not_picked":["PiercingWail","Tactician","Deflect+1"],"picked":"SKIP","floor":46.0},{"not_picked":["Dagger Throw","Bouncing Flask+1","Quick Slash+1"],"picked":"SKIP","floor":47.0},{"not_picked":["Calculated Gamble+1","Flying Knee+1"],"picked":"Prepared+1","floor":53},{"not_picked":["Endless Agony","Adrenaline"],"picked":"Prepared+1","floor":53},{"not_picked":["Poisoned Stab+1","Dodge and Roll+1"],"picked":"Footwork","floor":53},{"not_picked":["Poisoned Stab","Dagger Throw+1","Deflect+1"],"picked":"SKIP","floor":54}],"player_experience":338694,"relics_obtained":[{"floor":9.0,"key":"MealTicket"},{"floor":12.0,"key":"Regal Pillow"},{"floor":24.0,"key":"Thread and Needle"},{"floor":26.0,"key":"AT_Manta"},{"floor":27.0,"key":"AT_SunfireAegis"},{"floor":29.0,"key":"AT_DeathDance"},{"floor":45.0,"key":"Happy Flower"},{"floor":48.0,"key":"Mango"},{"floor":54,"key":"AT_ForceNature"}],"event_choices":[{"damage_healed":0.0,"max_hp_gain":0.0,"max_hp_loss":0.0,"gold_gain":75.0,"event_name":"betterThird:BetterGoop","player_choice":"Gold","floor":2.0,"gold_loss":0.0,"damage_taken":11.0},{"damage_healed":52.0,"max_hp_gain":0.0,"max_hp_loss":70.0,"gold_gain":0.0,"event_name":"betterThird:BetterShining","player_choice":"Leave","floor":4.0,"gold_loss":0.0,"damage_taken":0.0},{"damage_healed":0.0,"max_hp_gain":0.0,"max_hp_loss":0.0,"gold_gain":0.0,"event_name":"FaceTrader","player_choice":"Trade","floor":5.0,"gold_loss":0.0,"damage_taken":0.0,"relics_obtained":["FaceOfCleric"]},{"cards_removed":["AT_WindFlip"],"damage_healed":0.0,"max_hp_gain":0.0,"max_hp_loss":0.0,"gold_gain":0.0,"event_name":"WeMeetAgain","player_choice":"Gave Card","floor":31.0,"gold_loss":0.0,"damage_taken":0.0,"relics_obtained":["Meat on the Bone"]},{"damage_healed":0.0,"max_hp_gain":0.0,"max_hp_loss":4.0,"gold_gain":0.0,"event_name":"Winding Halls","player_choice":"Max HP","floor":39.0,"gold_loss":0.0,"damage_taken":0.0},{"damage_healed":0.0,"max_hp_gain":0.0,"max_hp_loss":0.0,"gold_gain":0.0,"event_name":"MindBloom","player_choice":"Fight","floor":48.0,"gold_loss":0.0,"damage_taken":0.0}],"is_beta":false,"boss_relics":[{"not_picked":["REME_DuelDisc","Busted Crown"],"picked":"Runic Dome"},{"not_picked":["Coffee Dripper","REME_DemonsWealth"],"picked":"Runic Pyramid"}],"items_purged_floors":[13,44],"is_endless":false,"potions_floor_spawned":[1,3,11,14,24,30,33,35,46,47,48],"ascension_level":8}}