{"host":"9n6i2vl93jt4o42q","time":1612864415,"event":{"mods":["BaseMod","Minty Spire (QoL Compilation)","Relic Stats"],"gold_per_floor":[116,130,130,140,154,181,192,192,192,192,204,238,238,253,253,327,327,339,254,254,265,24,24,56,56,109,141,41,58,28,28,28,102,102,120,120,0,13,28,54,54,66,139,139,155,155,155,174,174,174,174],"floor_reached":50,"language":"ENG","playtime":3515,"items_purged":["Defend_G","Parasite"],"score":1119,"play_id":"cb0b7a60-b18a-423d-838f-de847656a339","local_time":"20210209105335","is_ascension_mode":true,"campfire_choices":[{"floor":10,"key":"REST"},{"data":"Cloak And Dagger","floor":13,"key":"SMITH"},{"data":"Neutralize","floor":15,"key":"SMITH"},{"data":"Envenom","floor":23,"key":"SMITH"},{"data":"Prepared","floor":25,"key":"SMITH"},{"floor":32,"key":"REST"},{"data":"Burst","floor":41,"key":"SMITH"},{"floor":44,"key":"REST"},{"floor":46,"key":"RECALL"},{"floor":49,"key":"REST"}],"circlet_count":0,"master_deck":["AscendersBane","Strike_G","Strike_G","Strike_G","Strike_G+1","Strike_G","Defend_G","Defend_G","Defend_G","Survivor","Neutralize+1","Cloak And Dagger+1","Leg Sweep+1","Prepared+1","Predator","Dagger Throw","Tactician","Eviscerate+1","Underhanded Strike+1","Envenom+1","Backflip","Finisher+1","Flash of Steel+1","Infinite Blades","Slice+1","Blur","Dagger Spray+1","Dagger Spray+1","Burst+1","Skewer+1","Dodge and Roll+1","Writhe"],"relics":["Ring of the Snake","Vajra","Kunai","Molten Egg 2","Thread and Needle","Cursed Key","Pear","WingedGreaves","Darkstone Periapt","Mercury Hourglass","Busted Crown","Red Mask","Snake Skull","Bottled Lightning"],"acts_visited":["Exordium","TheCity","TheBeyond"],"potions_floor_usage":[6,12,18,33,45,48],"damage_taken":[{"damage":5,"enemies":"Jaw Worm","floor":1,"turns":7},{"damage":1,"enemies":"Small Slimes","floor":2,"turns":4},{"damage":1,"enemies":"Cultist","floor":4,"turns":5},{"damage":0,"enemies":"Red Slaver","floor":5,"turns":6},{"damage":26,"enemies":"3 Sentries","floor":6,"turns":14},{"damage":0,"enemies":"Large Slime","floor":7,"turns":4},{"damage":1,"enemies":"Exordium Wildlife","floor":11,"turns":6},{"damage":0,"enemies":"Gremlin Nob","floor":12,"turns":2},{"damage":0,"enemies":"2 Fungi Beasts","floor":14,"turns":2},{"damage":11,"enemies":"Hexaghost","floor":16,"turns":16},{"damage":0,"enemies":"Chosen","floor":18,"turns":3},{"damage":10,"enemies":"Spheric Guardian","floor":21,"turns":5},{"damage":5,"enemies":"Book of Stabbing","floor":24,"turns":4},{"damage":9,"enemies":"Gremlin Leader","floor":27,"turns":8},{"damage":3,"enemies":"Cultist and Chosen","floor":29,"turns":5},{"damage":38,"enemies":"Automaton","floor":33,"turns":9},{"damage":5,"enemies":"3 Shapes","floor":35,"turns":4},{"damage":15,"enemies":"3 Darklings","floor":38,"turns":4},{"damage":0,"enemies":"Spire Growth","floor":39,"turns":3},{"damage":9,"enemies":"Nemesis","floor":40,"turns":9},{"damage":24,"enemies":"4 Shapes","floor":42,"turns":6},{"damage":8,"enemies":"3 Darklings","floor":45,"turns":4},{"damage":0,"enemies":"Jaw Worm Horde","floor":48,"turns":3},{"damage":79,"enemies":"Time Eater","floor":50,"turns":10}],"seed_played":"9055290958022095646","potions_obtained":[{"floor":1,"key":"FearPotion"},{"floor":4,"key":"AttackPotion"},{"floor":11,"key":"BlessingOfTheForge"},{"floor":14,"key":"Fire Potion"},{"floor":16,"key":"Block Potion"},{"floor":24,"key":"Dexterity Potion"},{"floor":33,"key":"SteroidPotion"},{"floor":40,"key":"Strength Potion"},{"floor":47,"key":"DistilledChaos"}],"is_trial":false,"path_per_floor":["M","M","?","M","M","E","M","T","T","R","M","E","R","M","R","B",null,"M","?","?","M","$","R","E","R","T","E","$","M","$","?","R","B",null,"M","?","?","M","M","E","R","M","T","R","M","R","?","M","R","B"],"character_chosen":"THE_SILENT","items_purchased":["Flash of Steel+1","Infinite Blades","Dagger Spray+1"],"campfire_rested":4,"item_purchase_floors":[22,22,30],"current_hp_per_floor":[60,59,37,36,36,10,10,10,10,31,30,30,30,30,30,19,59,59,69,69,59,59,59,54,54,60,51,51,48,48,48,73,35,73,68,68,68,53,53,44,44,20,26,53,45,45,45,45,72,0,0],"gold":174,"neow_bonus":"TEN_PERCENT_HP_BONUS","is_daily":false,"chose_seed":false,"campfire_upgraded":5,"win_rate":0.0,"timestamp":1612864415,"path_taken":["M","M","?","M","M","E","M","?","T","R","M","E","R","M","R","BOSS","M","?","?","M","$","R","E","R","T","E","$","?","?","?","R","BOSS","M","?","?","M","M","E","R","M","T","R","M","R","?","?","R","BOSS"],"items_purchased_type":["Card","Card","Card"],"build_version":"2020-12-22","purchased_purges":2,"victory":false,"max_hp_per_floor":[72,72,72,72,72,72,72,72,72,72,72,72,72,72,72,72,72,72,82,82,82,82,82,82,82,88,88,85,85,85,85,85,85,85,85,85,85,85,85,85,85,85,91,91,91,91,91,91,91,91,91],"relic_stats":{"Darkstone Periapt":12,"Busted Crown":14,"counters":[24,143],"Snake Skull":[52],"Kunai":[66],"Cursed Key":2,"obtain_stats":[{"Darkstone Periapt":24,"Pear":19,"Vajra":6,"Thread and Needle":12,"Snake Skull":40,"Cursed Key":17,"Mercury Hourglass":27,"Busted Crown":34,"Molten Egg 2":9,"WingedGreaves":20,"Red Mask":37,"Kunai":8,"Bottled Lightning":43,"Ring of the Snake":0},{"Darkstone Periapt":13,"Pear":11,"Vajra":5,"Thread and Needle":8,"Snake Skull":20,"Cursed Key":10,"Mercury Hourglass":14,"Busted Crown":16,"Molten Egg 2":6,"WingedGreaves":11,"Red Mask":17,"Kunai":6,"Bottled Lightning":21,"Ring of the Snake":0},{"Darkstone Periapt":78,"Pear":69,"Vajra":36,"Thread and Needle":48,"Snake Skull":120,"Cursed Key":66,"Mercury Hourglass":86,"Busted Crown":100,"Molten Egg 2":40,"WingedGreaves":69,"Red Mask":104,"Kunai":40,"Bottled Lightning":126,"Ring of the Snake":0}],"Ring of the Snake":[48],"Mercury Hourglass":[233]},"card_choices":[{"not_picked":["Expertise","Calculated Gamble"],"picked":"Cloak And Dagger","floor":1},{"not_picked":["Cloak And Dagger","Terror"],"picked":"Leg Sweep","floor":2},{"not_picked":["Blur","Infinite Blades"],"picked":"Flying Knee","floor":4},{"not_picked":["Setup","Bane"],"picked":"Prepared","floor":5},{"not_picked":["Storm of Steel","Escape Plan"],"picked":"Predator","floor":6},{"not_picked":["Outmaneuver","Masterful Stab"],"picked":"Dagger Throw","floor":7},{"not_picked":["Dagger Throw+1","Poisoned Stab+1"],"picked":"Tactician","floor":11},{"not_picked":["Setup","Backflip"],"picked":"Eviscerate+1","floor":12},{"not_picked":["Concentrate","Well Laid Plans"],"picked":"Underhanded Strike+1","floor":14},{"not_picked":["Malaise","Burst"],"picked":"Envenom","floor":16},{"not_picked":["Quick Slash+1","Cloak And Dagger"],"picked":"Backflip","floor":18},{"not_picked":["Backflip","Tactician"],"picked":"Finisher+1","floor":21},{"not_picked":["Expertise","Tools of the Trade"],"picked":"Slice+1","floor":24},{"not_picked":["Outmaneuver","Setup"],"picked":"Blur","floor":27},{"not_picked":["Backflip","Eviscerate+1"],"picked":"Dagger Spray+1","floor":29},{"not_picked":["Tools of the Trade","Wraith Form v2"],"picked":"Burst","floor":33},{"not_picked":[],"picked":"Skewer+1","floor":35},{"not_picked":["Skewer+1"],"picked":"SKIP","floor":38},{"not_picked":[],"picked":"Dodge and Roll+1","floor":39},{"not_picked":["Dagger Throw+1"],"picked":"SKIP","floor":40},{"not_picked":["Dagger Spray+1"],"picked":"SKIP","floor":42},{"not_picked":["Slice+1"],"picked":"SKIP","floor":45},{"not_picked":["Slice+1"],"picked":"SKIP","floor":45},{"not_picked":["Choke+1"],"picked":"SKIP","floor":48}],"player_experience":2538408,"relics_obtained":[{"floor":6,"key":"Vajra"},{"floor":8,"key":"Kunai"},{"floor":9,"key":"Molten Egg 2"},{"floor":12,"key":"Thread and Needle"},{"floor":24,"key":"Darkstone Periapt"},{"floor":27,"key":"Mercury Hourglass"},{"floor":40,"key":"Snake Skull"},{"floor":43,"key":"Bottled Lightning"}],"event_choices":[{"damage_healed":0,"gold_gain":0,"player_choice":"Entered Light","damage_taken":22,"max_hp_gain":0,"max_hp_loss":0,"event_name":"Shining Light","floor":3,"gold_loss":0,"cards_upgraded":["Leg Sweep","Strike_G"]},{"damage_healed":0,"gold_gain":0,"player_choice":"Obtained Relic","damage_taken":0,"relics_obtained":["Pear"],"max_hp_gain":0,"max_hp_loss":0,"event_name":"Addict","floor":19,"gold_loss":85},{"cards_removed":["Flying Knee"],"damage_healed":0,"gold_gain":0,"player_choice":"Gave Card","damage_taken":0,"relics_obtained":["WingedGreaves"],"max_hp_gain":0,"max_hp_loss":0,"event_name":"WeMeetAgain","floor":20,"gold_loss":0},{"damage_healed":0,"gold_gain":0,"player_choice":"Ignored","damage_taken":0,"max_hp_gain":0,"max_hp_loss":0,"event_name":"Ghosts","floor":31,"gold_loss":0},{"cards_removed":["Defend_G"],"damage_healed":0,"gold_gain":0,"player_choice":"Removed Skill","damage_taken":0,"max_hp_gain":0,"max_hp_loss":0,"event_name":"Falling","floor":36,"gold_loss":0},{"damage_healed":0,"gold_gain":0,"player_choice":"Paid","damage_taken":0,"relics_obtained":["Red Mask"],"max_hp_gain":0,"max_hp_loss":0,"event_name":"Tomb of Lord Red Mask","floor":37,"gold_loss":120},{"damage_healed":0,"gold_gain":0,"player_choice":"Got Potions","damage_taken":0,"max_hp_gain":0,"max_hp_loss":0,"event_name":"Lab","floor":47,"gold_loss":0}],"is_beta":false,"boss_relics":[{"not_picked":["Fusion Hammer","Ring of the Serpent"],"picked":"Cursed Key"},{"not_picked":["Calling Bell","Runic Dome"],"picked":"Busted Crown"}],"items_purged_floors":[22,28],"is_endless":false,"potions_floor_spawned":[1,4,11,14,16,24,29,33,35,40,42],"killed_by":"Time Eater","ascension_level":20}}