{"host":"qgvpd00zvzorrg7j","time":1612903964,"event":{"mods":["BaseMod","Colored Map","Downfall","Minty Spire (QoL Compilation)","Quick Restart","StSLib"],"gold_per_floor":[99,99,99,99,9,109,133,133,133,149,159,259,259,144,158,261,311,311,24,124,144,144,179,205,217,232,246,260,260,288,305,319,417,417,317,331,343,359,290,300,381,381,281,292,323,29,29,41,61,61],"floor_reached":51,"language":"ENG","playtime":8526,"items_purged":["bronze:Strike","bronze:Defend","bronze:Defend","bronze:ClassDefault+1"],"score":834,"play_id":"f731e0cf-d5e7-4245-a404-4c367b4d77e2","local_time":"20210209155244","is_ascension_mode":false,"campfire_choices":[{"data":"bronze:Goto","floor":1.0,"key":"SMITH"},{"data":"bronze:GetLatest","floor":9.0,"key":"SMITH"},{"data":"bronze:Iterate","floor":18.0,"key":"SMITH"},{"floor":29,"key":"REST"},{"floor":35,"key":"RECALL"},{"floor":43,"key":"REST"},{"floor":47,"key":"REST"}],"circlet_count":0,"master_deck":["bronze:Defend+1","bronze:Defend+1","bronze:Replicate","bronze:Goto+1","bronze:GetLatest+1","bronze:ChosenStrike","bronze:FollowUp","bronze:CloningBeam","bronze:ChosenStrike","bronze:DelayedGuard+1","bronze:WhirlingStrike+1","bronze:ChosenStrike","bronze:Iterate+1","bronze:DelayedSlice+1","bronze:Fortify+1","bronze:BronzeOrb+1","bronze:Terminator+1"],"relics":["bronze:BronzeCore","downfall:HeartsMalice","Pen Nib","Tiny House","Bag of Preparation","Bird Faced Urn","Sundial","Bottled Lightning","War Paint","CaptainsWheel","Fusion Hammer","downfall:HeartBlessingGreen","Oddly Smooth Stone","InkBottle","Gremlin Horn","downfall:HeartBlessingRed","Orichalcum","Lee\u0027s Waffle"],"acts_visited":["Exordium","TheCity","TheBeyond"],"potions_floor_usage":[26,30,33,45],"damage_taken":[{"damage":0.0,"enemies":"Cultist","floor":2.0,"turns":1.0},{"damage":0.0,"enemies":"2 Louse","floor":3.0,"turns":1.0},{"damage":0.0,"enemies":"Jaw Worm","floor":4.0,"turns":1.0},{"damage":0.0,"enemies":"downfall:FleeingMerchant","floor":5.0,"turns":4.0},{"damage":13.0,"enemies":"3 Louse","floor":10.0,"turns":3.0},{"damage":13.0,"enemies":"Red Slaver","floor":11.0,"turns":3.0},{"damage":9.0,"enemies":"downfall:Heads","floor":12.0,"turns":4.0},{"damage":5.0,"enemies":"downfall:FleeingMerchant","floor":14.0,"turns":4.0},{"damage":0.0,"enemies":"Lots of Slimes","floor":15.0,"turns":2.0},{"damage":15.0,"enemies":"WA_ARCHETYPE_RETAIN","floor":16.0,"turns":3.0},{"damage":12.0,"enemies":"downfall:FleeingMerchant","floor":19.0,"turns":4.0},{"damage":8.0,"enemies":"IC_STATUS_ARCHETYPE","floor":20.0,"turns":4.0},{"damage":2.0,"enemies":"Spheric Guardian","floor":21.0,"turns":3.0},{"damage":20,"enemies":"Slavers","floor":23,"turns":4},{"damage":2,"enemies":"Chosen and Byrds","floor":25,"turns":2},{"damage":0,"enemies":"Shelled Parasite and Fungi","floor":26,"turns":1},{"damage":0,"enemies":"Snecko","floor":27,"turns":2},{"damage":10,"enemies":"Cultist and Chosen","floor":28,"turns":2},{"damage":0,"enemies":"Book of Stabbing","floor":30,"turns":1},{"damage":12,"enemies":"Chosen and Byrds","floor":31,"turns":2},{"damage":0,"enemies":"Snake Plant","floor":32,"turns":1},{"damage":4,"enemies":"SI_MIRROR_ARCHETYPE","floor":33,"turns":3},{"damage":7,"enemies":"3 Shapes","floor":36,"turns":2},{"damage":13,"enemies":"Orb Walker","floor":37,"turns":3},{"damage":0,"enemies":"Jaw Worm Horde","floor":38,"turns":2},{"damage":0,"enemies":"downfall:FleeingMerchant","floor":39,"turns":1},{"damage":2,"enemies":"3 Darklings","floor":40,"turns":3},{"damage":0,"enemies":"Sphere and 2 Shapes","floor":44,"turns":1},{"damage":0,"enemies":"Reptomancer","floor":45,"turns":2},{"damage":0,"enemies":"Transient","floor":48,"turns":5},{"damage":0,"enemies":"Maw","floor":49,"turns":4},{"damage":33,"enemies":"DF_ARCHETYPE_ORBS","floor":50,"turns":3}],"seed_played":"9141753842776270604","potions_obtained":[{"floor":11.0,"key":"hexamod:SoulburnPotion"},{"floor":15.0,"key":"AttackPotion"},{"floor":17.0,"key":"BlessingOfTheForge"},{"floor":20.0,"key":"champ:CounterPotion"},{"floor":21.0,"key":"Fire Potion"},{"floor":31,"key":"Block Potion"},{"floor":33,"key":"Regen Potion"},{"floor":36,"key":"Energy Potion"},{"floor":45,"key":"Fruit Juice"},{"floor":49,"key":"SteroidPotion"}],"is_trial":false,"path_per_floor":["R","M","M","M","$","?","T","?","R","M","M","?","?","$","M","B",null,"R","$","?","M","?","E","T","M","M","M","M","R","E","M","M","B",null,"R","M","M","M","$","M","T","?","R","M","E","$","R","M","M","B",null],"character_chosen":"THE_AUTOMATON","items_purchased":["Bag of Preparation","Oddly Smooth Stone","InkBottle","Lee\u0027s Waffle"],"campfire_rested":3,"item_purchase_floors":[19,39,39,46],"current_hp_per_floor":[70,70,70,70,70,70,70,70,70,57,44,35,35,30,30,15,75,75,63,55,53,53,35,35,33,33,33,23,45,45,33,33,31,75,75,68,57,57,57,55,55,55,75,75,80,87,87,87,87,54],"gold":61,"neow_bonus":"THREE_ENEMY_KILL","is_daily":false,"chose_seed":false,"campfire_upgraded":3,"win_rate":0.0,"timestamp":1612903964,"path_taken":["R","M","M","M","$","?","T","?","R","?","M","?","?","?","M","BOSS","R","$","?","M","?","E","T","M","M","?","?","R","E","M","M","BOSS","R","M","M","M","$","M","T","?","R","?","E","$","R","M","M","BOSS"],"items_purchased_type":["Relic","Relic","Relic","Relic"],"build_version":"2020-12-22","purchased_purges":4,"victory":true,"max_hp_per_floor":[70,70,70,70,70,70,70,70,70,70,70,70,70,70,70,70,75,75,75,75,75,75,75,75,75,75,75,75,75,75,75,75,75,75,75,75,75,75,75,75,75,75,75,75,80,87,87,87,87,87],"card_choices":[{"not_picked":["bronze:Constructor","bronze:BugBarrage"],"picked":"bronze:GetLatest","floor":2.0},{"not_picked":["bronze:Iterate","bronze:NullPointer"],"picked":"bronze:ChosenStrike","floor":3.0},{"not_picked":["bronze:Overheat","bronze:WildBeam"],"picked":"bronze:FollowUp","floor":4.0},{"not_picked":["bronze:BronzeArmor","bronze:BuggyMess"],"picked":"bronze:CloningBeam","floor":5.0},{"not_picked":["bronze:Constructor","bronze:BuggyMess"],"picked":"bronze:DelayedGuard","floor":10.0},{"not_picked":["bronze:DelayedGuard","bronze:BronzeArmor"],"picked":"bronze:WhirlingStrike","floor":11.0},{"not_picked":["bronze:DigitalCarnage","bronze:RecursiveStrike","bronze:BuggyMess"],"picked":"SKIP","floor":14.0},{"not_picked":["bronze:Philosophize","bronze:Separator","bronze:Constructor"],"picked":"SKIP","floor":15.0},{"not_picked":["bronze:Verify","bronze:Deprecate","bronze:BitShift"],"picked":"SKIP","floor":19.0},{"not_picked":["bronze:OilSpill","bronze:ForceShield"],"picked":"bronze:ClassDefault+1","floor":21.0},{"not_picked":["bronze:BugBarrage","bronze:Allocate","bronze:Overload"],"picked":"SKIP","floor":23},{"not_picked":["bronze:Overheat","bronze:RecursiveStrike"],"picked":"bronze:DelayedSlice+1","floor":25},{"not_picked":["bronze:CutThrough","bronze:Shield","bronze:OilSpill"],"picked":"SKIP","floor":26},{"not_picked":["bronze:GetLatest","bronze:ChosenStrike"],"picked":"bronze:Fortify+1","floor":27},{"not_picked":["bronze:CutThrough","bronze:DigitalCarnage","bronze:Optimize+1"],"picked":"SKIP","floor":28},{"not_picked":["bronze:Verify","bronze:Deprecate+1","bronze:BugBarrage+1"],"picked":"SKIP","floor":30},{"not_picked":["bronze:Safeguard+1","bronze:DelayedSlice+1","bronze:ItsAFeature"],"picked":"SKIP","floor":31},{"not_picked":["bronze:Repulsor+1","bronze:Optimize","bronze:Return+1"],"picked":"SKIP","floor":32},{"not_picked":["bronze:FineTuning","bronze:DelayedGuard","bronze:Branch+1"],"picked":"SKIP","floor":36},{"not_picked":["bronze:ClassDefault+1","bronze:Frontload+1"],"picked":"bronze:BronzeOrb+1","floor":37},{"not_picked":["bronze:Separator","bronze:Fortify","bronze:ItsAFeature"],"picked":"SKIP","floor":38},{"not_picked":["bronze:Safeguard+1","bronze:Shield+1","bronze:Iterate+1"],"picked":"SKIP","floor":39},{"not_picked":["bronze:Separator","bronze:Boost"],"picked":"bronze:Terminator+1","floor":40},{"not_picked":["bronze:Allocate+1","bronze:ChosenStrike","bronze:BugBarrage"],"picked":"SKIP","floor":44},{"not_picked":["bronze:Turbo","bronze:WhirlingStrike+1","bronze:Return+1"],"picked":"SKIP","floor":45},{"not_picked":["bronze:Turbo","bronze:WhirlingStrike+1","bronze:Return+1"],"picked":"SKIP","floor":45},{"not_picked":["bronze:Break","bronze:Iterate+1","bronze:Branch+1"],"picked":"SKIP","floor":48},{"not_picked":["bronze:Fortify+1","bronze:DarkDash","bronze:WildBeam"],"picked":"SKIP","floor":49}],"player_experience":618518,"relics_obtained":[{"floor":7.0,"key":"Pen Nib"},{"floor":20.0,"key":"Bird Faced Urn"},{"floor":20.0,"key":"Sundial"},{"floor":23,"key":"Bottled Lightning"},{"floor":24,"key":"War Paint"},{"floor":30,"key":"CaptainsWheel"},{"floor":41,"key":"Gremlin Horn"},{"floor":45,"key":"Orichalcum"}],"event_choices":[],"is_beta":false,"boss_relics":[{"not_picked":["bronze:MakeshiftBattery","Velvet Choker"],"picked":"Tiny House"},{"not_picked":["Snecko Eye","Runic Dome"],"picked":"Fusion Hammer"}],"items_purged_floors":[5,14,19,46],"is_endless":false,"potions_floor_spawned":[11,15,20,21,23,25,31,33,36,38,45,49],"ascension_level":0}}