{"host":"g8hc3btt7asq8w3p","time":1612901854,"event":{"mods":["BaseMod","Conspire","Hermit","Minty Spire (QoL Compilation)","Shop Mod","StSLib","The Cursed","The Marked"],"gold_per_floor":[116,116,116,21,96,96,96,96,176,201,236,34,48,48,48,174,174,198,198,218,238,7,7,43,43,43,43,84,102,25,25,25,156,219,243,243,543,559,263,263,296,312,312,23,356,356,356,366,366,366,366,366,18,49,49,49],"floor_reached":55,"language":"ENG","playtime":5270,"items_purged":[],"score":827,"play_id":"fa5b0ea5-02bd-47f0-8130-9bb1d7363ebe","local_time":"20210209151734","is_ascension_mode":false,"campfire_choices":[{"floor":6,"key":"RECALL"},{"floor":8,"key":"REST"},{"data":"TheCursedMod:HellfireBreathing","floor":15,"key":"SMITH"},{"data":"TheCursedMod:SpitefulPlan","floor":23,"key":"SMITH"},{"data":"TheCursedMod:CursedWand","floor":25,"key":"SMITH"},{"data":"TheCursedMod:CursedAmulet","floor":27,"key":"SMITH"},{"floor":32,"key":"REST"},{"data":"TheCursedMod:CursedStaff","floor":40,"key":"SMITH"},{"data":"TheCursedMod:CursedAmulet","floor":47,"key":"SMITH"},{"data":"TheCursedMod:NeowsMight","floor":49,"key":"SMITH"},{"data":"TheCursedMod:AbyssShockwave","floor":52,"key":"SMITH"}],"circlet_count":0,"master_deck":["conspire:GhostlyStrike","conspire:GhostlyStrike","conspire:GhostlyStrike","conspire:GhostlyStrike","conspire:GhostlyDefend","conspire:GhostlyDefend","conspire:GhostlyDefend","conspire:GhostlyDefend+1","TheCursedMod:CursedWand+1","TheCursedMod:CleanUpWorkshop","TheCursedMod:Dregs","TheCursedMod:TacticalStrike","conspire:Banana","Injury","TheCursedMod:HellfireBreathing+1","TheCursedMod:CursedShiv","TheCursedMod:FleshFromBone","TheCursedMod:TacticalStrike+1","TheCursedMod:NeowsMight+1","TheCursedMod:WearCloak","TheCursedMod:SpitefulPlan+1","TheCursedMod:FuryStrike+1","conspire:Banana+1","TheCursedMod:CursedAmulet+1","TheCursedMod:Wield","TheCursedMod:CursedBlade+1","TheCursedMod:CursedStaff+1","Writhe","TheCursedMod:CursedAmulet+1","TheCursedMod:AbyssShockwave+1","TheCursedMod:DemonSword","TheCursedMod:CursedShiv+1","TheCursedMod:CursedAmulet+1"],"relics":["TheCursedMod:BlackMagic101","Mummified Hand","Eternal Feather","WingedGreaves","Akabeko","conspire:SpecialSausage","Juzu Bracelet","conspire:DeflatedDodgeball","War Paint","TheCursedMod:SoulVessel","Pear","Tiny House","Pen Nib","PreservedInsect","Happy Flower","Regal Pillow","Vajra","Strawberry","Bronze Scales"],"acts_visited":["Exordium","TheCity","TheBeyond","TheEnding"],"potions_floor_usage":[16,18,20,20,24,28,29,33,41,41,50,54,55],"damage_taken":[{"damage":0,"enemies":"Small Slimes","floor":1,"turns":3},{"damage":1,"enemies":"Cultist","floor":10,"turns":4},{"damage":44,"enemies":"Lagavulin","floor":11,"turns":6},{"damage":2,"enemies":"2 Louse","floor":13,"turns":2},{"damage":20,"enemies":"Slime Boss","floor":16,"turns":9},{"damage":5,"enemies":"conspire:FuzzyDice","floor":18,"turns":7},{"damage":20,"enemies":"3 Byrds","floor":20,"turns":5},{"damage":0,"enemies":"conspire:HollyBat","floor":21,"turns":8},{"damage":5,"enemies":"conspire:Head Lice","floor":24,"turns":4},{"damage":24,"enemies":"conspire:SneckoGhost","floor":28,"turns":6},{"damage":10,"enemies":"Sentry and Sphere","floor":29,"turns":3},{"damage":38,"enemies":"Automaton","floor":33,"turns":9},{"damage":0,"enemies":"Orb Walker","floor":35,"turns":2},{"damage":20,"enemies":"3 Shapes","floor":38,"turns":6},{"damage":33,"enemies":"Nemesis","floor":41,"turns":9},{"damage":51,"enemies":"Writhing Mass","floor":42,"turns":6},{"damage":35,"enemies":"Sphere and 2 Shapes","floor":48,"turns":4},{"damage":88,"enemies":"Donu and Deca","floor":50,"turns":8},{"damage":0,"enemies":"Shield and Spear","floor":54,"turns":2},{"damage":158,"enemies":"The Heart","floor":55,"turns":8}],"seed_played":"-1423863037747423671","potions_obtained":[{"floor":13,"key":"Fire Potion"},{"floor":16,"key":"Block Potion"},{"floor":19,"key":"SteroidPotion"},{"floor":19,"key":"Regen Potion"},{"floor":19,"key":"SneckoOil"},{"floor":20,"key":"Fire Potion"},{"floor":21,"key":"SteroidPotion"},{"floor":24,"key":"LiquidMemories"},{"floor":34,"key":"Weak Potion"},{"floor":48,"key":"AttackPotion"},{"floor":54,"key":"FearPotion"}],"is_trial":false,"path_per_floor":["M","?","?","$","?","R","?","R","T","M","E","$","M","?","R","B",null,"M","?","M","M","$","R","E","R","T","R","E","M","$","?","R","B",null,"M","?","?","M","$","R","E","M","T","$","?","?","R","M","R","B",null,"R","$","E","B"],"character_chosen":"THE_CURSED","items_purchased":["conspire:Banana","Akabeko","TheCursedMod:FleshFromBone","Juzu Bracelet","conspire:Banana","TheCursedMod:CursedStaff","Pen Nib","DistilledChaos","TheCursedMod:DemonSword","Happy Flower","Regal Pillow","Vajra","Swift Potion","Strawberry"],"campfire_rested":2,"item_purchase_floors":[4,12,12,22,22,30,39,39,39,44,44,53,53,53],"current_hp_per_floor":[82,82,70,70,59,59,59,82,82,82,39,39,38,66,75,56,86,82,82,75,76,76,88,85,91,91,91,70,63,63,73,107,78,115,115,115,115,100,100,118,101,60,60,60,60,134,134,106,124,44,140,140,147,150,0,0],"gold":49,"neow_bonus":"TEN_PERCENT_HP_BONUS","is_daily":false,"chose_seed":false,"campfire_upgraded":8,"win_rate":0.0,"timestamp":1612901854,"path_taken":["M","?","?","$","?","R","?","R","T","?","E","$","M","?","R","BOSS","M","?","?","M","$","R","E","R","T","R","E","M","?","?","R","BOSS","M","?","?","M","$","R","E","M","T","$","?","?","R","M","R","BOSS","R","$","E","BOSS"],"items_purchased_type":["Card","Relic","Card","Relic","Card","Card","Relic","Potion","Card","Relic","Relic","Relic","Potion","Relic"],"build_version":"2020-12-22","purchased_purges":0,"victory":false,"max_hp_per_floor":[82,82,82,82,82,82,82,82,82,83,84,84,85,85,85,86,86,87,87,88,89,89,89,91,91,91,91,94,97,97,107,107,110,115,115,115,115,118,118,118,121,124,124,124,124,134,134,137,137,140,140,140,147,150,153,153],"card_choices":[{"not_picked":["TheCursedMod:Wield","TheCursedMod:SoulReap"],"picked":"TheCursedMod:TacticalStrike","floor":1},{"not_picked":["TheCursedMod:CursedBoomerang","TheCursedMod:Obscuration"],"picked":"TheCursedMod:HellfireBreathing","floor":10},{"not_picked":["TheCursedMod:RavingStaff","TheCursedMod:CursedBoomerang"],"picked":"TheCursedMod:CursedShiv","floor":11},{"not_picked":["TheCursedMod:SoulReap","TheCursedMod:Hemoplague"],"picked":"TheCursedMod:TacticalStrike","floor":13},{"not_picked":["TheCursedMod:ShockAndAwe","TheCursedMod:OutForBlood"],"picked":"TheCursedMod:NeowsMight","floor":16},{"not_picked":["TheCursedMod:VitalStrike","TheCursedMod:SpitefulStrike+1"],"picked":"TheCursedMod:WearCloak","floor":18},{"not_picked":["TheCursedMod:CursedShiv","TheCursedMod:CircleOfCorruption"],"picked":"TheCursedMod:SpitefulPlan","floor":20},{"not_picked":["TheCursedMod:VitalStrike","TheCursedMod:RavingStaff"],"picked":"TheCursedMod:FuryStrike+1","floor":21},{"not_picked":["TheCursedMod:PrepareRite","TheCursedMod:SpitefulPlan+1"],"picked":"TheCursedMod:CursedAmulet","floor":24},{"not_picked":["TheCursedMod:SpitefulPlan+1","TheCursedMod:Obscuration+1"],"picked":"TheCursedMod:Wield","floor":28},{"not_picked":["TheCursedMod:CursedStaff","TheCursedMod:CursedMace+1"],"picked":"TheCursedMod:CursedBlade+1","floor":29},{"not_picked":["TheCursedMod:NeowsMight","TheCursedMod:OutForBlood"],"picked":"TheCursedMod:ParallelWorld","floor":33},{"not_picked":["TheCursedMod:CursedShiv","TheCursedMod:CircleOfBlood"],"picked":"TheCursedMod:CursedAmulet","floor":34},{"not_picked":["TheCursedMod:Torture+1","TheCursedMod:Stigma+1"],"picked":"TheCursedMod:AbyssShockwave","floor":35},{"not_picked":["TheCursedMod:Stretching","TheCursedMod:TacticalStrike+1","TheCursedMod:BlessingInDisguise"],"picked":"SKIP","floor":38},{"not_picked":["TheCursedMod:TacticalStrike","TheCursedMod:AbyssShockwave","TheCursedMod:CircleOfBlood+1"],"picked":"SKIP","floor":41},{"not_picked":["TheCursedMod:CircleOfAmplification","TheCursedMod:Obscuration+1"],"picked":"TheCursedMod:CursedShiv+1","floor":42},{"not_picked":["TheCursedMod:CursedBlade","TheCursedMod:Wield+1","TheCursedMod:WearCloak"],"picked":"SKIP","floor":48},{"not_picked":["TheCursedMod:ReleasedStrength","TheCursedMod:CircleOfAbyss"],"picked":"TheCursedMod:CursedAmulet+1","floor":54}],"player_experience":236367,"relics_obtained":[{"floor":9,"key":"Eternal Feather"},{"floor":11,"key":"WingedGreaves"},{"floor":24,"key":"conspire:DeflatedDodgeball"},{"floor":26,"key":"War Paint"},{"floor":28,"key":"TheCursedMod:SoulVessel"},{"floor":41,"key":"PreservedInsect"},{"floor":54,"key":"Bronze Scales"}],"event_choices":[{"damage_healed":0,"gold_gain":0,"player_choice":"Agree","damage_taken":0,"max_hp_gain":0,"max_hp_loss":0,"event_name":"conspire:LoneGhost","floor":2,"gold_loss":0},{"damage_healed":0,"gold_gain":0,"player_choice":"Success","damage_taken":12,"relics_obtained":["Mummified Hand"],"max_hp_gain":0,"max_hp_loss":0,"event_name":"Scrap Ooze","floor":3,"gold_loss":0},{"damage_healed":0,"gold_gain":75,"player_choice":"Gather Gold","damage_taken":11,"max_hp_gain":0,"max_hp_loss":0,"event_name":"World of Goop","floor":5,"gold_loss":0},{"damage_healed":0,"gold_gain":0,"player_choice":"Take Wound","damage_taken":0,"relics_obtained":["Golden Idol"],"max_hp_gain":0,"max_hp_loss":0,"event_name":"Golden Idol","floor":7,"gold_loss":0,"cards_obtained":["Injury"]},{"damage_healed":28,"gold_gain":0,"player_choice":"Banana","damage_taken":0,"max_hp_gain":0,"max_hp_loss":0,"event_name":"Big Fish","floor":14,"gold_loss":0},{"damage_healed":0,"gold_gain":0,"player_choice":"Got Potions","damage_taken":0,"max_hp_gain":0,"max_hp_loss":0,"event_name":"Lab","floor":19,"gold_loss":0},{"damage_healed":0,"gold_gain":0,"player_choice":"Opened","damage_taken":0,"relics_obtained":["Pear"],"max_hp_gain":0,"max_hp_loss":0,"event_name":"The Mausoleum","floor":31,"gold_loss":0,"cards_obtained":["Writhe"]},{"damage_healed":0,"gold_gain":0,"player_choice":"Ignored","damage_taken":0,"max_hp_gain":0,"max_hp_loss":0,"event_name":"Tomb of Lord Red Mask","floor":36,"gold_loss":0},{"damage_healed":0,"gold_gain":300,"player_choice":"Gold","damage_taken":0,"max_hp_gain":0,"max_hp_loss":0,"event_name":"Wheel of Change","floor":37,"gold_loss":0},{"damage_healed":0,"gold_gain":333,"player_choice":"Gave Idol","damage_taken":0,"max_hp_gain":0,"max_hp_loss":0,"event_name":"The Moai Head","floor":45,"relics_lost":["Golden Idol"],"gold_loss":0},{"cards_removed":["TheCursedMod:ParallelWorld"],"damage_healed":64,"gold_gain":0,"player_choice":"Offered Rare","damage_taken":0,"max_hp_gain":10,"max_hp_loss":0,"event_name":"Bonfire Elementals","floor":46,"gold_loss":0}],"is_beta":false,"boss_relics":[{"not_picked":["conspire:RunicOctahedron","SlaversCollar"],"picked":"conspire:SpecialSausage"},{"not_picked":["SacredBark","Velvet Choker"],"picked":"Tiny House"}],"items_purged_floors":[],"is_endless":false,"potions_floor_spawned":[13,16,20,21,24,48,54],"killed_by":"The Heart","ascension_level":0}}