{"host":"0r2yuz9akuqaukjg","time":1612911739,"event":{"mods":["2.2 Compatiblity","AchievementEnabler","Aspiration","BaseMod","Conspire","Dota2Spire","Downfall","Energized Spire","Friendly Minions","Hermit","Hubris","HumanHunterMod(????mod)","Infinite Spire","Jorbs\u0027s Wanderer Trilogy","Lobotomy","LobotomyExtend","Minty Spire (QoL Compilation)","Quarter Circle Forward PUNCH!","Reliquary","Replay The Spire","Spicy Shops","Spires \u0026 Sneckos","StSLib","The Bug Knight","The Construct","The Cursed","The Disciple","The Hierophant","The Jungle","The Marked","The Mystic","The Runesmith","The Servant 0.9.4","Trackpad","Wandering Minibosses"],"gold_per_floor":[119,135,152,107,119,119,119,119,144,244,259,259,277,297,297,396,396,396,396],"floor_reached":18,"language":"ENG","playtime":2487,"items_purged":[],"score":204,"play_id":"0299871a-f051-4acb-9759-ff829ff20303","local_time":"20210209170219","daily_mods":["SealedDeck","Specialized","Vintage"],"is_ascension_mode":false,"campfire_choices":[{"data":"Slimebound:LivingWall","floor":6,"key":"SMITH"},{"data":"Slimebound:LivingWall+1","floor":8,"key":"SMITH"},{"data":"Slimebound:LivingWall+2","floor":12,"key":"SMITH"},{"data":"Slimebound:LivingWall+3","floor":15,"key":"SMITH"}],"circlet_count":0,"master_deck":["Slimebound:RainOfGoop","Slimebound:RainOfGoop","Slimebound:RainOfGoop","Slimebound:RainOfGoop","Slimebound:RainOfGoop","Lockon","Slimebound:LivingWall+4","Slimebound:GoopSpray","Slimebound:SplitBruiser","Slimebound:SplitMire","Conserve Battery","Cold Snap","Darkness","Slimebound:SplitLeeching","hubris:NaturalOne"],"relics":["Cracked Core","hubris:Icosahedron","hubris:AncientText","infinitespire:Satchel","Lantern","Durian","Magic Flower","hubris:FunFungus","trackpad:ToughGloves","Blood Vial","conspire:InfiniteJournal","MealTicket","ReplayFunnel","qcfpunch:Red_Headband","DataDisk","reliquary:NewFriend","energizedSpire:StickyHand"],"acts_visited":["Exordium","TheCity"],"potions_floor_usage":[16,18,18],"damage_taken":[{"damage":5,"enemies":"Jaw Worm","floor":1,"turns":3},{"damage":0,"enemies":"Cultist","floor":2,"turns":2},{"damage":0,"enemies":"2 Louse","floor":3,"turns":2},{"damage":6,"enemies":"Looter","floor":5,"turns":3},{"damage":2,"enemies":"Blue Slaver","floor":11,"turns":3},{"damage":0,"enemies":"2 Fungi Beasts","floor":13,"turns":2},{"damage":1,"enemies":"Red Slaver","floor":14,"turns":2},{"damage":8,"enemies":"Fading Forest","floor":16,"turns":11},{"damage":46,"enemies":"Spheric Guardian","floor":18,"turns":13}],"seed_played":"8412792879165316080","potions_obtained":[{"floor":2,"key":"FearPotion"},{"floor":3,"key":"Dota2Spire:Clarity"},{"floor":5,"key":"AttackPotion"},{"floor":11,"key":"SkillPotion"},{"floor":16,"key":"Adrenaline Potion"}],"is_trial":true,"path_per_floor":["M","M","M","$","M","R","WH","R","T","WH","M","R","M","M","R","B",null,"M"],"character_chosen":"DEFECT","items_purchased":["Slimebound:SplitLeeching"],"campfire_rested":0,"item_purchase_floors":[4],"current_hp_per_floor":[75,75,78,78,74,74,82,82,82,82,83,83,86,87,87,88,88,46,46],"gold":396,"neow_bonus":"HUNDRED_GOLD","is_daily":false,"chose_seed":false,"campfire_upgraded":4,"win_rate":0.0,"timestamp":1612911739,"path_taken":["M","M","M","$","M","R","WH","R","T","WH","M","R","M","M","R","BOSS","M"],"items_purchased_type":["Card"],"build_version":"2020-12-22","purchased_purges":0,"victory":false,"max_hp_per_floor":[80,80,80,80,80,80,88,88,88,88,88,88,88,88,88,88,88,88,88],"card_choices":[],"player_experience":85840,"relics_obtained":[{"floor":1,"key":"trackpad:ToughGloves"},{"floor":2,"key":"Blood Vial"},{"floor":3,"key":"conspire:InfiniteJournal"},{"floor":5,"key":"MealTicket"},{"floor":9,"key":"ReplayFunnel"},{"floor":11,"key":"qcfpunch:Red_Headband"},{"floor":13,"key":"DataDisk"},{"floor":14,"key":"reliquary:NewFriend"}],"event_choices":[],"is_beta":false,"boss_relics":[{"not_picked":["Replay:Wanted Poster","Ectoplasm"],"picked":"energizedSpire:StickyHand"}],"items_purged_floors":[],"is_endless":false,"potions_floor_spawned":[2,3,5,11,16],"killed_by":"Spheric Guardian","ascension_level":0}}