{"host":"vit9b6u76k1y61sh","time":1612902044,"event":{"mods":["BaseMod","Block Reminder","Colored Powertips","Highlight Path","Minty Spire (QoL Compilation)","Quick Restart","Rare Cards Sparkle","Relic Sorter","Relic Stats","StSLib"],"gold_per_floor":[111,61,61,81,97,97,124,136,205,240,240,258,137,168,168,272,272,284,47,47,47,59,97,109,135,147,16,16,16,16,16],"floor_reached":30,"language":"ENG","playtime":773,"items_purged":["Defend_R","Strike_R"],"score":318,"play_id":"3893fc9c-d3bd-45d6-ad97-96a8e894136d","local_time":"20210209152044","is_ascension_mode":true,"campfire_choices":[{"data":"Whirlwind","floor":6,"key":"SMITH"},{"data":"Spot Weakness","floor":15,"key":"SMITH"},{"data":"Flex","floor":24,"key":"SMITH"},{"data":"Limit Break","floor":28,"key":"SMITH"}],"circlet_count":0,"master_deck":["Strike_R","Strike_R","Strike_R","Defend_R","Defend_R","Defend_R","Bash","Anger","Whirlwind+1","Limit Break+1","Shrug It Off","Shrug It Off","Spot Weakness+1","Flex+1","Juggernaut","Inflame+1","Flash of Steel","Shrug It Off","Limit Break+1","Inflame"],"relics":["Philosopher\u0027s Stone","Incense Burner","Potion Belt","InkBottle","SlaversCollar","Ornamental Fan","MawBank","Centennial Puzzle","Eternal Feather"],"acts_visited":["Exordium","TheCity"],"potions_floor_usage":[8,14,16,30],"damage_taken":[{"damage":7,"enemies":"Small Slimes","floor":1,"turns":3},{"damage":0,"enemies":"2 Louse","floor":4,"turns":1},{"damage":2,"enemies":"Cultist","floor":5,"turns":3},{"damage":17,"enemies":"Gremlin Nob","floor":7,"turns":4},{"damage":9,"enemies":"Blue Slaver","floor":8,"turns":3},{"damage":12,"enemies":"3 Sentries","floor":10,"turns":3},{"damage":0,"enemies":"Lots of Slimes","floor":12,"turns":1},{"damage":0,"enemies":"Gremlin Nob","floor":14,"turns":3},{"damage":26,"enemies":"Slime Boss","floor":16,"turns":7},{"damage":4,"enemies":"Chosen","floor":18,"turns":5},{"damage":64,"enemies":"Slavers","floor":23,"turns":6},{"damage":11,"enemies":"2 Thieves","floor":25,"turns":3},{"damage":18,"enemies":"Snake Plant","floor":30,"turns":1}],"seed_played":"7764116759455601681","potions_obtained":[{"floor":5,"key":"SkillPotion"},{"floor":8,"key":"LiquidBronze"},{"floor":10,"key":"SpeedPotion"},{"floor":16,"key":"Fruit Juice"},{"floor":23,"key":"Ancient Potion"}],"is_trial":false,"path_per_floor":["M","?","?","M","M","R","E","M","T","E","?","M","$","E","R","B",null,"M","$","T","?","?","E","R","M","T","$","R","$","M"],"character_chosen":"IRONCLAD","items_purchased":["Flex","Flash of Steel","Strength Potion","Limit Break","Inflame"],"campfire_rested":0,"item_purchase_floors":[13,19,19,27,27],"current_hp_per_floor":[73,73,73,73,71,71,54,45,45,33,33,33,33,33,33,12,85,81,81,81,81,81,17,17,6,6,6,18,18,0,0],"gold":16,"neow_bonus":"BOSS_RELIC","is_daily":false,"chose_seed":false,"campfire_upgraded":4,"win_rate":0.0,"timestamp":1612902044,"path_taken":["M","?","?","?","M","R","E","M","T","E","?","M","$","E","R","BOSS","M","$","?","?","?","E","R","?","T","$","R","$","?"],"items_purchased_type":["Card","Card","Potion","Card","Card"],"build_version":"2020-12-22","purchased_purges":2,"victory":false,"max_hp_per_floor":[80,80,80,80,80,80,80,80,80,80,80,80,80,80,80,85,85,85,85,85,85,85,85,85,85,85,85,85,85,85,85],"relic_stats":{"Centennial Puzzle":[6],"counters":[13,43],"Ornamental Fan":[8],"Eternal Feather":12,"MawBank":72,"obtain_stats":[{"Potion Belt":10,"SlaversCollar":17,"Centennial Puzzle":23,"Ornamental Fan":20,"Philosopher\u0027s Stone":0,"Eternal Feather":26,"Incense Burner":7,"MawBank":21,"Burning Blood":0,"InkBottle":14},{"Potion Belt":6,"SlaversCollar":9,"Centennial Puzzle":11,"Ornamental Fan":10,"Philosopher\u0027s Stone":0,"Eternal Feather":12,"Incense Burner":4,"MawBank":10,"Burning Blood":0,"InkBottle":8},{"Potion Belt":17,"SlaversCollar":28,"Centennial Puzzle":39,"Ornamental Fan":33,"Philosopher\u0027s Stone":0,"Eternal Feather":42,"Incense Burner":11,"MawBank":33,"Burning Blood":0,"InkBottle":21}],"InkBottle":[8]},"card_choices":[{"not_picked":["Iron Wave","Wild Strike"],"picked":"Anger","floor":1},{"not_picked":["Twin Strike","Headbutt"],"picked":"Shrug It Off","floor":4},{"not_picked":["Uppercut","Body Slam","Wild Strike"],"picked":"SKIP","floor":5},{"not_picked":["Fire Breathing","Searing Blow"],"picked":"Shrug It Off","floor":7},{"not_picked":["Power Through","Metallicize","Twin Strike"],"picked":"SKIP","floor":8},{"not_picked":["Pommel Strike","Feed","Infernal Blade"],"picked":"SKIP","floor":10},{"not_picked":["Iron Wave","Carnage"],"picked":"Spot Weakness","floor":12},{"not_picked":["Headbutt","Feel No Pain","Wild Strike"],"picked":"SKIP","floor":14},{"not_picked":["Exhume","Impervious"],"picked":"Juggernaut","floor":16},{"not_picked":["Flex","Pommel Strike"],"picked":"Inflame+1","floor":18},{"not_picked":["Thunderclap","Dark Embrace+1"],"picked":"Shrug It Off","floor":23},{"not_picked":["Clash+1","Iron Wave","Reckless Charge+1"],"picked":"SKIP","floor":25}],"player_experience":165270,"relics_obtained":[{"floor":7,"key":"Incense Burner"},{"floor":10,"key":"Potion Belt"},{"floor":14,"key":"InkBottle"},{"floor":20,"key":"Ornamental Fan"},{"floor":23,"key":"Centennial Puzzle"},{"floor":26,"key":"Eternal Feather"}],"event_choices":[{"cards_removed":["Strike_R"],"damage_healed":0,"gold_gain":0,"player_choice":"Card Removal","damage_taken":0,"max_hp_gain":0,"max_hp_loss":0,"event_name":"The Cleric","floor":2,"gold_loss":50},{"damage_healed":0,"gold_gain":0,"player_choice":"3 cards matched","damage_taken":0,"max_hp_gain":0,"max_hp_loss":0,"event_name":"Match and Keep!","floor":3,"gold_loss":0,"cards_obtained":["Decay","Whirlwind","Limit Break"]},{"cards_removed":["Decay"],"damage_healed":0,"gold_gain":0,"player_choice":"Removed Curses","damage_taken":0,"max_hp_gain":0,"max_hp_loss":0,"event_name":"Fountain of Cleansing","floor":11,"gold_loss":0},{"damage_healed":0,"gold_gain":0,"player_choice":"Opened","damage_taken":0,"relics_obtained":["MawBank"],"max_hp_gain":0,"max_hp_loss":0,"event_name":"The Mausoleum","floor":21,"gold_loss":0},{"damage_healed":0,"gold_gain":0,"player_choice":"Forge","damage_taken":0,"max_hp_gain":0,"max_hp_loss":0,"event_name":"Accursed Blacksmith","floor":22,"gold_loss":0,"cards_upgraded":["Limit Break"]}],"is_beta":false,"boss_relics":[{"not_picked":["Runic Dome","Fusion Hammer"],"picked":"SlaversCollar"}],"items_purged_floors":[13,19],"is_endless":false,"potions_floor_spawned":[5,8,10,16,23],"killed_by":"Snake Plant","ascension_level":2}}