{"host":"9brt9rggm379u2p7","time":1612872903,"event":{"mods":["AchievementEnabler","BaseMod","Highlight Path","Minty Spire (QoL Compilation)","Permanent Neow","Quick Restart","SuperFastMode"],"gold_per_floor":[111,128,138,153,170,205,205,220,243,263,263,283,283,283,283,382,382,392,392,409,189,207,207,107,137,162,77,97,97,24,34,34,131,131,149,165,180,55,74,74,74,74,127,127,152,164,176,176,176],"floor_reached":48,"language":"ENG","playtime":2439,"items_purged":["Choke","Blur","Crippling Poison"],"score":592,"play_id":"9f3dd17e-b161-4e7a-b34b-af192cf82fe3","local_time":"20210209211503","is_ascension_mode":true,"campfire_choices":[{"data":"A Thousand Cuts","floor":7.0,"key":"SMITH"},{"data":"Blade Dance","floor":11.0,"key":"SMITH"},{"data":"Well Laid Plans","floor":15.0,"key":"SMITH"},{"data":"Envenom","floor":23.0,"key":"SMITH"},{"data":"Blade Dance","floor":29.0,"key":"SMITH"},{"floor":32.0,"key":"REST"},{"data":"Night Terror","floor":40.0,"key":"SMITH"},{"floor":42.0,"key":"RECALL"},{"floor":44.0,"key":"REST"}],"circlet_count":0,"master_deck":["Survivor","Neutralize+1","Blade Dance+1","A Thousand Cuts+1","Well Laid Plans+1","Venomology","Envenom+1","Blur","After Image","Reflex","Infinite Blades","Blade Dance+1","Backflip","Accuracy","Escape Plan","Storm of Steel","Concentrate","Cloak And Dagger","Cloak And Dagger+1","Night Terror+1","Escape Plan"],"relics":["Ring of the Snake","Paper Crane","Juzu Bracelet","Pandora\u0027s Box","Snake Skull","Pen Nib","Omamori","HoveringKite","Whetstone","Boot"],"acts_visited":["Exordium","TheCity","TheBeyond"],"potions_floor_usage":[48],"damage_taken":[{"damage":0.0,"enemies":"Cultist","floor":1.0,"turns":4.0},{"damage":0.0,"enemies":"Small Slimes","floor":2.0,"turns":4.0},{"damage":1.0,"enemies":"Jaw Worm","floor":3.0,"turns":4.0},{"damage":3.0,"enemies":"Exordium Wildlife","floor":4.0,"turns":4.0},{"damage":0.0,"enemies":"2 Fungi Beasts","floor":5.0,"turns":4.0},{"damage":6.0,"enemies":"Lagavulin","floor":6.0,"turns":7.0},{"damage":38.0,"enemies":"Gremlin Gang","floor":8.0,"turns":4.0},{"damage":4.0,"enemies":"Red Slaver","floor":10.0,"turns":3.0},{"damage":0.0,"enemies":"3 Louse","floor":12.0,"turns":1.0},{"damage":3.0,"enemies":"Slime Boss","floor":16.0,"turns":7.0},{"damage":18.0,"enemies":"Spheric Guardian","floor":18.0,"turns":4.0},{"damage":0.0,"enemies":"Shell Parasite","floor":20.0,"turns":4.0},{"damage":12.0,"enemies":"Shelled Parasite and Fungi","floor":22.0,"turns":5.0},{"damage":9.0,"enemies":"Gremlin Leader","floor":25.0,"turns":5.0},{"damage":14.0,"enemies":"Centurion and Healer","floor":28.0,"turns":4.0},{"damage":4.0,"enemies":"Snake Plant","floor":31.0,"turns":5.0},{"damage":0.0,"enemies":"Champ","floor":33.0,"turns":7.0},{"damage":22.0,"enemies":"3 Darklings","floor":35.0,"turns":3.0},{"damage":25.0,"enemies":"3 Shapes","floor":36.0,"turns":5.0},{"damage":11.0,"enemies":"Spire Growth","floor":37.0,"turns":5.0},{"damage":0.0,"enemies":"Transient","floor":39.0,"turns":5.0},{"damage":18.0,"enemies":"Reptomancer","floor":45.0,"turns":7.0},{"damage":11.0,"enemies":"Maw","floor":46.0,"turns":6.0},{"damage":3,"enemies":"Sphere and 2 Shapes","floor":47,"turns":3},{"damage":21,"enemies":"Nemesis","floor":48,"turns":2}],"seed_played":"-8860870432253749992","potions_obtained":[{"floor":1.0,"key":"FearPotion"},{"floor":5.0,"key":"Block Potion"},{"floor":8.0,"key":"Poison Potion"},{"floor":10.0,"key":"LiquidBronze"},{"floor":12.0,"key":"DuplicationPotion"},{"floor":20.0,"key":"LiquidBronze"},{"floor":28.0,"key":"DuplicationPotion"},{"floor":35.0,"key":"Explosive Potion"},{"floor":46.0,"key":"Fruit Juice"},{"floor":47,"key":"Energy Potion"}],"is_trial":false,"path_per_floor":["M","M","M","M","M","E","R","M","T","M","R","M","?","?","R","B",null,"M","?","M","$","M","R","$","E","T","?","M","R","$","M","R","B",null,"M","M","M","$","M","R","?","R","T","R","E","M","M","E"],"character_chosen":"THE_SILENT","items_purchased":["Snake Skull","Accuracy"],"campfire_rested":2,"item_purchase_floors":[21,30],"current_hp_per_floor":[70,70,69,66,66,60,60,22,22,18,18,18,18,18,18,15,70,52,52,52,52,40,40,40,31,31,31,17,17,17,13,34,34,70,48,23,12,12,12,12,12,12,12,33,15,9,6,0,0],"gold":176,"neow_bonus":"REMOVE_CARD","is_daily":false,"chose_seed":false,"campfire_upgraded":6,"win_rate":0.0,"timestamp":1612872903,"path_taken":["M","M","M","M","?","E","R","M","T","M","R","M","?","?","R","BOSS","M","?","M","$","M","R","$","E","T","?","M","R","$","M","R","BOSS","M","M","M","$","M","R","?","R","T","R","E","M","M","E"],"items_purchased_type":["Relic","Card"],"build_version":"2020-12-22","purchased_purges":3,"victory":false,"max_hp_per_floor":[70,70,70,70,70,70,70,70,70,70,70,70,70,70,70,70,70,70,70,70,70,70,70,70,70,70,70,70,70,70,70,70,70,70,70,70,70,70,70,70,70,70,70,70,70,75,75,75,75],"card_choices":[{"not_picked":["Blur","PiercingWail"],"picked":"Blade Dance","floor":1.0},{"not_picked":["Acrobatics","Setup"],"picked":"A Thousand Cuts","floor":2.0},{"not_picked":["Heel Hook","Sucker Punch","Flying Knee"],"picked":"SKIP","floor":3.0},{"not_picked":["Predator","Bouncing Flask","Dodge and Roll"],"picked":"SKIP","floor":4.0},{"not_picked":["Calculated Gamble","Reflex"],"picked":"Well Laid Plans","floor":5.0},{"not_picked":["Masterful Stab","Bane","Outmaneuver"],"picked":"SKIP","floor":6.0},{"not_picked":["Dagger Throw","Leg Sweep","Dodge and Roll"],"picked":"SKIP","floor":8.0},{"not_picked":["Riddle With Holes","Outmaneuver","Flechettes"],"picked":"SKIP","floor":10.0},{"not_picked":["Deadly Poison","Slice","Dagger Throw"],"picked":"SKIP","floor":12.0},{"not_picked":["Bullet Time","Tools of the Trade"],"picked":"Venomology","floor":16.0},{"not_picked":["Bouncing Flask","Heel Hook","Poisoned Stab"],"picked":"SKIP","floor":18.0},{"not_picked":["Acrobatics","Sucker Punch"],"picked":"Infinite Blades","floor":20.0},{"not_picked":["Predator","Bane","Deadly Poison+1"],"picked":"SKIP","floor":22.0},{"not_picked":["Outmaneuver+1","Concentrate"],"picked":"Blade Dance","floor":25.0},{"not_picked":["Catalyst","Poisoned Stab"],"picked":"Backflip","floor":28.0},{"not_picked":["Backflip","Acrobatics"],"picked":"Escape Plan","floor":31.0},{"not_picked":["Doppelganger","Die Die Die"],"picked":"Storm of Steel","floor":33.0},{"not_picked":["Poisoned Stab+1","Flechettes+1"],"picked":"Concentrate","floor":35.0},{"not_picked":["Bane+1","Sucker Punch"],"picked":"Cloak And Dagger","floor":36.0},{"not_picked":["Expertise+1","Dagger Throw"],"picked":"Cloak And Dagger+1","floor":37.0},{"not_picked":["PiercingWail+1","Sucker Punch"],"picked":"Night Terror","floor":39.0},{"not_picked":["Dagger Spray+1","Grand Finale","Backflip"],"picked":"SKIP","floor":45.0},{"not_picked":["Leg Sweep+1","PiercingWail+1"],"picked":"Escape Plan","floor":46.0},{"not_picked":["Quick Slash+1","Flying Knee","Deadly Poison+1"],"picked":"SKIP","floor":47}],"player_experience":413980,"relics_obtained":[{"floor":6.0,"key":"Paper Crane"},{"floor":9.0,"key":"Juzu Bracelet"},{"floor":25.0,"key":"Pen Nib"},{"floor":43.0,"key":"Whetstone"},{"floor":45.0,"key":"Boot"}],"event_choices":[{"cards_removed":["Strike_G"],"damage_healed":0.0,"max_hp_gain":0.0,"max_hp_loss":0.0,"gold_gain":0.0,"event_name":"Bonfire Elementals","player_choice":"Offered Basic","floor":13.0,"gold_loss":0.0,"damage_taken":0.0},{"cards_removed":["Strike_G"],"damage_healed":0.0,"max_hp_gain":0.0,"max_hp_loss":0.0,"gold_gain":0.0,"event_name":"Living Wall","player_choice":"Forget","floor":14.0,"gold_loss":0.0,"damage_taken":0.0},{"damage_healed":0.0,"max_hp_gain":0.0,"max_hp_loss":0.0,"gold_gain":0.0,"cards_transformed":["Setup","Heel Hook"],"event_name":"Drug Dealer","player_choice":"Became Test Subject","floor":19.0,"gold_loss":0.0,"damage_taken":0.0,"cards_obtained":["Choke","Reflex"]},{"damage_healed":0.0,"max_hp_gain":0.0,"max_hp_loss":0.0,"gold_gain":0.0,"event_name":"Addict","player_choice":"Obtained Relic","floor":27.0,"gold_loss":85.0,"damage_taken":0.0,"relics_obtained":["Omamori"]},{"damage_healed":0.0,"max_hp_gain":0.0,"max_hp_loss":0.0,"gold_gain":0.0,"event_name":"SecretPortal","player_choice":"Ignored","floor":41.0,"gold_loss":0.0,"damage_taken":0.0}],"is_beta":false,"boss_relics":[{"not_picked":["Cursed Key","Calling Bell"],"picked":"Pandora\u0027s Box"},{"not_picked":["Ring of the Serpent","Philosopher\u0027s Stone"],"picked":"HoveringKite"}],"items_purged_floors":[21,24,38],"is_endless":false,"potions_floor_spawned":[1,5,8,10,12,20,28,33,35,46,47],"killed_by":"Nemesis","ascension_level":2}}