{"host":"0ricjaa7rfq9v76t","time":1612872311,"event":{"mods":["AchievementEnabler","Aspiration","BaseMod","Better Altar","Better Match","Better Sensory Stone","Better Skull","Better Vampires","BetterRewards","Colored Powertips","Downfall","Energized Spire","Highlight Path","Hubris","Infinite Spire","Minty Spire (QoL Compilation)","Quick Restart","Rare Cards Sparkle","Relic Sorter","Reliquary","Replay The Spire","StSLib","SuperFastMode","Synergy Search","The Cursed","The Disciple","The Jungle","The Marked","The Mystic","Uncapped"],"gold_per_floor":[117,117,130,144,144,169,184,212,212,212,212,212,212,192,192,290,290,300,311,325,336,336,336,406,406,406,406,189,202,352,369,369,468,468,481,481,481,535,551,6,24,34,34,34,34,34,51,68,68,68],"floor_reached":51,"language":"ENG","playtime":3081,"items_purged":["Strike_B","Strike_B","Defend_B"],"score":534,"play_id":"6d98baf1-f64b-496a-85d9-a72827731381","local_time":"20210209200511","is_ascension_mode":false,"campfire_choices":[{"floor":10.0,"key":"REST"},{"data":"Double Energy","floor":13.0,"key":"SMITH"},{"floor":15.0,"key":"REST"},{"floor":23.0,"key":"REST"},{"floor":25.0,"key":"REST"},{"data":"hubris:Fate","floor":32.0,"key":"SMITH"},{"floor":46.0,"key":"REST"},{"floor":49,"key":"REST"}],"circlet_count":0,"master_deck":["Strike_B","Strike_B","Defend_B","Defend_B","Zap","Dualcast","Double Energy+1","Storm","Rebound","Static Discharge+1","Gash","Echo Form","Ball Lightning","Gash","Reboot","Gash","Turbo+1","hubris:PowerSurge","hubris:Fate+1","hubris:Compulsion","Scrape","Creative AI","Streamline+1","hubris:PowerSurge","Gash+1","Apotheosis","Self Repair","Self Repair","Conserve Battery","Time Bomb+1","Genetic Algorithm+1"],"relics":["Cracked Core","hubris:Icosahedron","PreservedInsect","infinitespire:Joker Card","ReplayTheSpireMod:Lightbulb","infinitespire:Bottled Soul","Blue Candle","MutagenicStrength","Geode","Replay:Multitool","ReplayTheSpireMod:CursedCoin","hubris:ScarierMask","hubris:Towel","hubris:GlazedTorus","Omamori","reliquary:IridiumChain"],"acts_visited":["Exordium","TheCity","TheBeyond"],"potions_floor_usage":[50],"damage_taken":[{"damage":0.0,"enemies":"Small Slimes","floor":1.0,"turns":2.0},{"damage":2.0,"enemies":"Jaw Worm","floor":3.0,"turns":4.0},{"damage":0.0,"enemies":"Cultist","floor":4.0,"turns":3.0},{"damage":17.0,"enemies":"3 Sentries","floor":6.0,"turns":4.0},{"damage":9.0,"enemies":"Blue Slaver","floor":7.0,"turns":3.0},{"damage":15.0,"enemies":"Replay:BlueRogue","floor":8.0,"turns":3.0},{"damage":1.0,"enemies":"Slime Boss","floor":16.0,"turns":6.0},{"damage":18.0,"enemies":"3 Byrds","floor":18.0,"turns":3.0},{"damage":12.0,"enemies":"Shell Parasite","floor":19.0,"turns":4.0},{"damage":14.0,"enemies":"Snake Plant","floor":20.0,"turns":2.0},{"damage":25.0,"enemies":"Snecko","floor":21.0,"turns":4.0},{"damage":18.0,"enemies":"3 Cultists","floor":27.0,"turns":3.0},{"damage":13.0,"enemies":"Shelled Parasite and Fungi","floor":29.0,"turns":2.0},{"damage":29.0,"enemies":"Centurion and Healer","floor":31.0,"turns":5.0},{"damage":0.0,"enemies":"Automaton","floor":33.0,"turns":1.0},{"damage":19.0,"enemies":"3 Darklings","floor":35.0,"turns":3.0},{"damage":10.0,"enemies":"2 Orb Walkers","floor":38.0,"turns":2.0},{"damage":7.0,"enemies":"3 Shapes","floor":39.0,"turns":3.0},{"damage":34.0,"enemies":"Spire Growth","floor":41.0,"turns":4.0},{"damage":5.0,"enemies":"Jaw Worm Horde","floor":42.0,"turns":3.0},{"damage":15,"enemies":"Sphere and 2 Shapes","floor":47,"turns":3},{"damage":28,"enemies":"4 Shapes","floor":48,"turns":4},{"damage":0,"enemies":"Time Eater","floor":50,"turns":1}],"seed_played":"1080370124351356727","potions_obtained":[{"floor":3.0,"key":"Fire Potion"},{"floor":6.0,"key":"ColorlessPotion"},{"floor":8.0,"key":"Dexterity Potion"},{"floor":14.0,"key":"Swift Potion"},{"floor":16.0,"key":"FocusPotion"},{"floor":18.0,"key":"Elixir"},{"floor":20.0,"key":"Elixir"},{"floor":21.0,"key":"FairyPotion"},{"floor":24.0,"key":"SmokeBomb"},{"floor":31.0,"key":"Slimebound:ThreeZeroPotion"},{"floor":35.0,"key":"bronze:BurnAndBuffPotion"},{"floor":41.0,"key":"PowerPotion"},{"floor":44.0,"key":"PowerPotion"}],"is_trial":false,"path_per_floor":["M","?","M","M","?","E","M","E","T","R","?","?","R","?","R","B",null,"M","M","M","M","?","R","?","R","T","M","$","M","AVR","M","R","B",null,"M","?","?","?","M","$","M","M","T","?","$","R","M","M","R","B",null],"character_chosen":"DEFECT","items_purchased":["Turbo+1","hubris:PowerSurge","Omamori","Apotheosis","Self Repair","Conserve Battery"],"campfire_rested":6,"item_purchase_floors":[28,28,40,40,40,40],"current_hp_per_floor":[75,75,73,73,73,56,47,32,32,54,49,49,49,49,71,70,75,57,45,31,6,6,28,10,32,32,14,14,1,1,5,5,5,75,56,56,56,46,39,39,12,14,14,14,14,36,35,17,39,39],"gold":68,"neow_bonus":"","is_daily":false,"chose_seed":false,"campfire_upgraded":2,"win_rate":0.0,"timestamp":1612872311,"path_taken":["M","?","M","M","?","E","?","E","T","R","?","?","R","?","R","BOSS","M","M","M","?","?","R","?","R","T","M","$","M","AVR","M","R","BOSS","M","?","?","?","M","?","?","M","T","?","$","R","M","M","R","BOSS"],"items_purchased_type":["Card","Card","Relic","Card","Card","Card"],"build_version":"2020-12-22","purchased_purges":3,"victory":true,"max_hp_per_floor":[75,75,75,75,75,75,75,75,75,75,75,75,75,75,75,75,75,75,75,75,75,75,75,75,75,75,75,75,75,75,75,75,75,75,75,75,75,75,75,75,75,75,75,75,75,75,75,75,75,75],"card_choices":[{"not_picked":["Compile Driver","Cold Snap"],"picked":"Double Energy","floor":1.0},{"not_picked":["Streamline","Redo"],"picked":"Storm","floor":3.0},{"not_picked":["All For One","BasicCrystalCard"],"picked":"Rebound","floor":4.0},{"not_picked":["Cold Snap","Rebound","Coolheaded"],"picked":"SKIP","floor":6.0},{"not_picked":["Coolheaded","Cold Snap","ReplaySort"],"picked":"SKIP","floor":7.0},{"not_picked":["Consume","Steam"],"picked":"Gash","floor":8.0},{"not_picked":["Hyperbeam","Core Surge"],"picked":"Echo Form","floor":16.0},{"not_picked":["Stack","Leap"],"picked":"Ball Lightning","floor":18.0},{"not_picked":["Streamline+1","Steam"],"picked":"Gash","floor":19.0},{"not_picked":["Reprogram","Fusion+1","Steam+1"],"picked":"SKIP","floor":20.0},{"not_picked":["Compile Driver","Panic Button"],"picked":"Reboot","floor":21.0},{"not_picked":["Coolheaded","ReplaySolidLightProjector+1"],"picked":"Gash","floor":24.0},{"not_picked":["Compile Driver","BasicCrystalCard","Coolheaded"],"picked":"SKIP","floor":29.0},{"not_picked":["FTL+1","Hologram+1"],"picked":"Scrape","floor":31.0},{"not_picked":["Fission","hubris:Prefetch"],"picked":"Creative AI","floor":33.0},{"not_picked":["Fusion","Reprogram+1"],"picked":"Streamline+1","floor":35.0},{"not_picked":["Ball Lightning+1","Turbo+1"],"picked":"hubris:PowerSurge","floor":38.0},{"not_picked":["Beam Cell","Reprogram+1"],"picked":"Gash+1","floor":39.0},{"not_picked":["Melter","Capacitor"],"picked":"Time Bomb+1","floor":41.0},{"not_picked":["Crystallizer","Hello World+1","Panic Button"],"picked":"SKIP","floor":42.0},{"not_picked":["Self Repair","BasicCrystalCard+1","Rebound+1"],"picked":"SKIP","floor":47},{"not_picked":["Force Field+1","Leap+1"],"picked":"Genetic Algorithm+1","floor":48}],"player_experience":257661,"relics_obtained":[{"floor":2.0,"key":"PreservedInsect"},{"floor":6.0,"key":"infinitespire:Joker Card"},{"floor":8.0,"key":"ReplayTheSpireMod:Lightbulb"},{"floor":9.0,"key":"infinitespire:Bottled Soul"},{"floor":24.0,"key":"Geode"},{"floor":26.0,"key":"Replay:Multitool"},{"floor":38.0,"key":"hubris:GlazedTorus"},{"floor":43.0,"key":"reliquary:IridiumChain"}],"event_choices":[{"damage_healed":0.0,"max_hp_gain":0.0,"max_hp_loss":0.0,"gold_gain":0.0,"cards_transformed":["Defend_B"],"event_name":"Transmorgrifier","player_choice":"Transformed","floor":5.0,"gold_loss":0.0,"damage_taken":0.0,"cards_obtained":["Static Discharge"]},{"damage_healed":0.0,"max_hp_gain":0.0,"max_hp_loss":0.0,"gold_gain":0.0,"event_name":"The Woman in Blue","player_choice":"Bought 1 Potion","floor":14.0,"gold_loss":0.0,"damage_taken":0.0},{"damage_healed":0.0,"max_hp_gain":0.0,"max_hp_loss":0.0,"gold_gain":0.0,"event_name":"Drug Dealer","player_choice":"Inject Mutagens","floor":22.0,"gold_loss":0.0,"damage_taken":0.0,"relics_obtained":["MutagenicStrength"]},{"damage_healed":0.0,"max_hp_gain":0.0,"max_hp_loss":0.0,"gold_gain":0.0,"event_name":"Mysterious Sphere","player_choice":"Fight","floor":38.0,"gold_loss":0.0,"damage_taken":0.0},{"damage_healed":0.0,"max_hp_gain":0.0,"max_hp_loss":0.0,"gold_gain":0.0,"event_name":"Lab","player_choice":"Got Potions","floor":44.0,"gold_loss":0.0,"damage_taken":0.0}],"is_beta":false,"boss_relics":[{"not_picked":["Replay:Ancient Bell","energizedSpire:StickyHand","aspiration:RitualDagger"]},{"not_picked":["ReplayTheSpireMod:DimensionalGlitch","aspiration:RunicSpoon"],"picked":"hubris:ScarierMask"}],"items_purged_floors":[0,28,40],"is_endless":false,"potions_floor_spawned":[3,6,8,16,18,20,21,31,35,41,42,48],"ascension_level":0}}