{"host":"a1eatafr7pisesky","time":1612865101,"event":{"mods":["AchievementEnabler","BaseMod","Colored Map","Keyboard Shortcuts","Minty Spire (QoL Compilation)","Say the Spire","StSLib","SuperFastMode","everything is the same but u backflip on backflip"],"gold_per_floor":[113,113,130,130,130,161,179,179,261,304,304,319,319,397,397,491,491,507,538,246,171,171,207,207,238,308,308,308,308,324,360,360,360,456,456,471,486,307,327,52,85,85,116,140,140,164,164,14,14,14,14,14,14,14,14,14],"floor_reached":55,"language":"KOR","playtime":1939,"items_purged":["Strike_G","Injury","Defend_G","Regret"],"score":1321,"play_id":"a99acac3-f571-4e14-81c6-527a854e893b","local_time":"20210209190501","is_ascension_mode":true,"campfire_choices":[{"floor":8.0,"key":"REST"},{"floor":13.0,"key":"REST"},{"floor":15.0,"key":"REST"},{"floor":24.0,"key":"REST"},{"data":"Envenom","floor":27.0,"key":"SMITH"},{"floor":29.0,"key":"REST"},{"data":"Cloak And Dagger","floor":33.0,"key":"SMITH"},{"floor":42,"key":"REST"},{"floor":50,"key":"RECALL"},{"data":"Accuracy","floor":53,"key":"SMITH"}],"circlet_count":0,"master_deck":["AscendersBane","Defend_G","Defend_G","Defend_G","Survivor","Neutralize+1","PiercingWail+1","Crippling Poison","Poisoned Stab","Cloak And Dagger+1","Backstab","Crippling Poison","Envenom+1","Accuracy+1","Cloak And Dagger","PiercingWail","Envenom","Leg Sweep+1","Cloak And Dagger","Corpse Explosion","Noxious Fumes+1","Accuracy+1","PiercingWail+1"],"relics":["Ring of the Snake","NeowsBlessing","Golden Idol","Art of War","InkBottle","Juzu Bracelet","Snake Skull","Torii","Cursed Key","Red Mask","Thread and Needle","Regal Pillow","Frozen Egg 2","Nilry\u0027s Codex","Anchor","Runic Dome","Bag of Preparation","Turnip","Lizard Tail"],"acts_visited":["Exordium","TheCity","TheBeyond","TheEnding"],"potions_floor_usage":[46,51],"damage_taken":[{"damage":0.0,"enemies":"2 Louse","floor":1.0,"turns":1.0},{"damage":0.0,"enemies":"Small Slimes","floor":3.0,"turns":1.0},{"damage":0.0,"enemies":"Gremlin Nob","floor":6.0,"turns":1.0},{"damage":1.0,"enemies":"Jaw Worm","floor":7.0,"turns":4.0},{"damage":13.0,"enemies":"Lagavulin","floor":10.0,"turns":7.0},{"damage":0.0,"enemies":"2 Fungi Beasts","floor":12.0,"turns":4.0},{"damage":23.0,"enemies":"Gremlin Nob","floor":14.0,"turns":4.0},{"damage":2.0,"enemies":"The Guardian","floor":16.0,"turns":15.0},{"damage":13.0,"enemies":"3 Byrds","floor":18.0,"turns":4.0},{"damage":4.0,"enemies":"Masked Bandits","floor":19.0,"turns":4.0},{"damage":12.0,"enemies":"Gremlin Leader","floor":23.0,"turns":7.0},{"damage":4.0,"enemies":"Book of Stabbing","floor":25.0,"turns":6.0},{"damage":0.0,"enemies":"Spheric Guardian","floor":30.0,"turns":4.0},{"damage":21.0,"enemies":"Slavers","floor":31.0,"turns":7.0},{"damage":55.0,"enemies":"Collector","floor":34.0,"turns":9.0},{"damage":1,"enemies":"3 Darklings","floor":36,"turns":3},{"damage":0,"enemies":"3 Shapes","floor":37,"turns":4},{"damage":17,"enemies":"Spire Growth","floor":39,"turns":5},{"damage":2,"enemies":"Giant Head","floor":41,"turns":8},{"damage":8,"enemies":"Mind Bloom Boss Battle","floor":43,"turns":6},{"damage":8,"enemies":"Writhing Mass","floor":46,"turns":6},{"damage":70,"enemies":"Awakened One","floor":51,"turns":12},{"damage":91,"enemies":"Shield and Spear","floor":55,"turns":6}],"seed_played":"4604821525402868307","potions_obtained":[{"floor":6.0,"key":"BlessingOfTheForge"},{"floor":7.0,"key":"SkillPotion"},{"floor":12.0,"key":"Poison Potion"},{"floor":14.0,"key":"Dexterity Potion"},{"floor":23.0,"key":"FairyPotion"},{"floor":34.0,"key":"EssenceOfSteel"},{"floor":36,"key":"LiquidMemories"}],"is_trial":false,"path_per_floor":["M","?","M","?","?","E","M","R","T","E","?","M","R","?","R","B",null,"M","?","$","?","?","E","R","E","T","R","?","R","M","E","E","R","B",null,"M","M","$","M","$","E","R","?","T","?","M","?","$","?","R","B",null,"R","$","E"],"character_chosen":"THE_SILENT","items_purchased":["GhostInAJar","Accuracy","Energy Potion","Accuracy+1","Bag of Preparation"],"campfire_rested":6,"item_purchase_floors":[20,20,20,38,40],"current_hp_per_floor":[59,59,59,36,16,16,15,34,34,21,10,10,29,6,25,23,55,42,38,38,38,38,26,45,41,41,41,20,54,54,33,33,33,9,52,51,51,51,34,34,32,66,58,58,58,50,50,50,50,50,16,51,51,51,0,0],"gold":14,"neow_bonus":"THREE_ENEMY_KILL","is_daily":false,"chose_seed":false,"campfire_upgraded":3,"win_rate":0.0,"timestamp":1612865101,"path_taken":["M","?","M","?","?","E","M","R","T","E","?","M","R","?","R","BOSS","M","?","$","?","?","E","R","E","T","R","?","R","M","E","E","R","BOSS","M","M","$","M","$","E","R","?","T","?","M","?","?","?","R","BOSS","R","$","E"],"items_purchased_type":["Potion","Card","Potion","Card","Relic"],"build_version":"2020-12-22","purchased_purges":4,"victory":false,"max_hp_per_floor":[66,66,66,66,66,66,66,66,66,66,66,66,66,66,66,66,66,66,66,66,66,66,66,66,66,66,66,66,66,66,66,66,66,66,66,66,66,66,66,66,66,66,66,66,66,66,63,63,63,63,63,63,63,63,63,63],"card_choices":[{"not_picked":["Well Laid Plans","Underhanded Strike"],"picked":"PiercingWail","floor":1.0},{"not_picked":["Acrobatics","Bouncing Flask"],"picked":"Crippling Poison","floor":3.0},{"not_picked":["Choke","Tactician"],"picked":"Poisoned Stab","floor":6.0},{"not_picked":["Underhanded Strike","Choke"],"picked":"Cloak And Dagger","floor":7.0},{"not_picked":["Dagger Throw","Caltrops"],"picked":"Backstab","floor":10.0},{"not_picked":["Blade Dance","Quick Slash","Dodge and Roll"],"picked":"SKIP","floor":12.0},{"not_picked":["Flying Knee","Bane"],"picked":"Crippling Poison","floor":14.0},{"not_picked":["Tools of the Trade","Malaise"],"picked":"Envenom","floor":16.0},{"not_picked":["Footwork","Blade Dance"],"picked":"Poisoned Stab","floor":18.0},{"not_picked":["Predator","Skewer","All Out Attack"],"picked":"SKIP","floor":23.0},{"not_picked":["Backstab","PiercingWail"],"picked":"Envenom","floor":25.0},{"not_picked":["Prepared","Skewer"],"picked":"Leg Sweep+1","floor":30.0},{"not_picked":["Skewer","Storm of Steel"],"picked":"Cloak And Dagger","floor":31.0},{"not_picked":["Adrenaline","Envenom+1"],"picked":"Corpse Explosion","floor":34.0},{"not_picked":["Choke","Deadly Poison","Bane"],"picked":"SKIP","floor":36},{"not_picked":["Sucker Punch","Masterful Stab"],"picked":"Noxious Fumes+1","floor":37},{"not_picked":["Sucker Punch","Underhanded Strike"],"picked":"PiercingWail+1","floor":39},{"not_picked":["Dagger Throw","Poisoned Stab+1","Underhanded Strike"],"picked":"SKIP","floor":41},{"not_picked":["Dagger Spray","Infinite Blades+1","Crippling Poison"],"picked":"SKIP","floor":46}],"player_experience":434322,"relics_obtained":[{"floor":6.0,"key":"Art of War"},{"floor":9.0,"key":"InkBottle"},{"floor":10.0,"key":"Juzu Bracelet"},{"floor":14.0,"key":"Torii"},{"floor":19.0,"key":"Red Mask"},{"floor":23.0,"key":"Thread and Needle"},{"floor":25.0,"key":"Regal Pillow"},{"floor":26.0,"key":"Frozen Egg 2"},{"floor":28.0,"key":"Nilry\u0027s Codex"},{"floor":31.0,"key":"Anchor"},{"floor":41,"key":"Turnip"},{"floor":43,"key":"Lizard Tail"}],"event_choices":[{"cards_removed":["Strike_G"],"damage_healed":0.0,"max_hp_gain":0.0,"max_hp_loss":0.0,"gold_gain":0.0,"event_name":"Living Wall","player_choice":"Forget","floor":2.0,"gold_loss":0.0,"damage_taken":0.0},{"damage_healed":0.0,"max_hp_gain":0.0,"max_hp_loss":0.0,"gold_gain":0.0,"event_name":"Golden Idol","player_choice":"Take Damage","floor":4.0,"gold_loss":0.0,"damage_taken":23.0,"relics_obtained":["Golden Idol"]},{"damage_healed":0.0,"max_hp_gain":0.0,"max_hp_loss":0.0,"gold_gain":0.0,"event_name":"Shining Light","player_choice":"Entered Light","floor":5.0,"gold_loss":0.0,"damage_taken":20.0,"cards_upgraded":["Neutralize","PiercingWail"]},{"damage_healed":0.0,"max_hp_gain":0.0,"max_hp_loss":0.0,"gold_gain":0.0,"event_name":"Scrap Ooze","player_choice":"Success","floor":11.0,"gold_loss":0.0,"damage_taken":11.0,"relics_obtained":["Snake Skull"]},{"damage_healed":0.0,"max_hp_gain":0.0,"max_hp_loss":0.0,"gold_gain":0.0,"event_name":"Dead Adventurer","player_choice":"Searched \u00272\u0027 times","floor":14.0,"gold_loss":0.0,"damage_taken":0.0},{"damage_healed":0.0,"max_hp_gain":0.0,"max_hp_loss":0.0,"gold_gain":0.0,"event_name":"Masked Bandits","player_choice":"Fought Bandits","floor":19.0,"gold_loss":0.0,"damage_taken":0.0},{"cards_removed":["Strike_G"],"damage_healed":0.0,"max_hp_gain":0.0,"max_hp_loss":0.0,"gold_gain":0.0,"event_name":"Beggar","player_choice":"Gave Gold","floor":21.0,"gold_loss":75.0,"damage_taken":0.0},{"damage_healed":0.0,"max_hp_gain":0.0,"max_hp_loss":0.0,"gold_gain":0.0,"cards_transformed":["Strike_G","Strike_G"],"event_name":"Drug Dealer","player_choice":"Became Test Subject","floor":22.0,"gold_loss":0.0,"damage_taken":0.0,"cards_obtained":["Cloak And Dagger","PiercingWail"]},{"damage_healed":0.0,"max_hp_gain":0.0,"max_hp_loss":0.0,"gold_gain":0.0,"event_name":"Cursed Tome","player_choice":"Obtained Book","floor":28.0,"gold_loss":0.0,"damage_taken":21.0},{"damage_healed":0,"gold_gain":0,"player_choice":"Fight","damage_taken":0,"max_hp_gain":0,"max_hp_loss":0,"event_name":"MindBloom","floor":43,"gold_loss":0},{"cards_removed":["Poisoned Stab"],"damage_healed":0,"gold_gain":0,"player_choice":"Removed Attack","damage_taken":0,"max_hp_gain":0,"max_hp_loss":0,"event_name":"Falling","floor":45,"gold_loss":0},{"damage_healed":0,"gold_gain":0,"player_choice":"Max HP","damage_taken":0,"max_hp_gain":0,"max_hp_loss":3,"event_name":"Winding Halls","floor":47,"gold_loss":0},{"cards_removed":["Defend_G"],"damage_healed":0,"gold_gain":0,"player_choice":"Purged","damage_taken":0,"max_hp_gain":0,"max_hp_loss":0,"event_name":"Purifier","floor":49,"gold_loss":0}],"is_beta":false,"boss_relics":[{"not_picked":["Ring of the Serpent","Snecko Eye"],"picked":"Cursed Key"},{"not_picked":["Black Star","Pandora\u0027s Box"],"picked":"Runic Dome"}],"items_purged_floors":[20,38,40,48],"is_endless":false,"potions_floor_spawned":[6,7,12,14,23,30,34,36,37,41,43],"killed_by":"Shield and Spear","ascension_level":15}}