{"host":"7iv10lxbxedtd0qh","time":1612913769,"event":{"mods":["100% Spire Juice","Act Like it!","BaseMod","Bestiary","Colored Map","Colored Powertips","Downfall","Minty Spire (QoL Compilation)","Spire Arcade","StSLib","The Alterego","The Marked","????"],"gold_per_floor":[117,33,33,49,65,65,95,95,173,208,220,0,34,48,48,149,29,40,67,67,84,99,133,147,147,193,206,206,131,131,131,11,107,107,125,145,247,247,260,260,290,290,338,238,238,238,248,276,276,276,276,276,11,45,45,45],"floor_reached":55,"language":"ENG","playtime":3024,"items_purged":["Moonworks:Strike","Moonworks:Strike","Moonworks:Strike"],"score":865,"play_id":"5468e6d4-d460-4c68-918b-1fde83243ff7","local_time":"20210210003609","is_ascension_mode":false,"campfire_choices":[{"data":"Moonworks:CloudOfSeagulls","floor":6.0,"key":"SMITH"},{"data":"Moonworks:CloudOfSeagulls","floor":8.0,"key":"SMITH"},{"data":"Moonworks:CloudOfSeagulls","floor":15.0,"key":"SMITH"},{"data":"Moonworks:CloudOfSeagulls","floor":25.0,"key":"SMITH"},{"data":"Moonworks:NicePresent","floor":28.0,"key":"SMITH"},{"data":"Moonworks:TreasureThief","floor":30.0,"key":"SMITH"},{"data":"Moonworks:AccelHyper","floor":32.0,"key":"SMITH"},{"data":"Moonworks:GoAway","floor":40.0,"key":"SMITH"},{"data":"Moonworks:Poppoformation","floor":42.0,"key":"SMITH"},{"floor":49.0,"key":"RECALL"},{"data":"Moonworks:CloudOfSeagulls","floor":52,"key":"SMITH"}],"circlet_count":0,"master_deck":["Moonworks:Defend","Moonworks:Defend","Moonworks:Defend","Moonworks:Defend","Moonworks:Ambush","Moonworks:LongDistanceShot","Moonworks:AccelHyper+1","Moonworks:Poppoformation+1","Moonworks:CloudOfSeagulls+1","Moonworks:ForcedRevival","Moonworks:IndiscriminateFireSupport","Moonworks:RedAndBlue","Moonworks:GoAway+1","Moonworks:SakisCookie","Moonworks:CloudOfSeagulls+1","Moonworks:CloudOfSeagulls+1","Moonworks:NicePresent+1","Moonworks:SakisCookie+1","Moonworks:CloudOfSeagulls+1","Moonworks:ShieldCounter","Moonworks:SweetBattle+1","Moonworks:CloudOfSeagulls+1","Moonworks:TreasureThief+1","Moonworks:NicePresent+1","Moonworks:FinalSurgery","Moonworks:AnotherUltimateWeapon+1","Master of Strategy","Moonworks:CloudOfSeagulls+1","Dark Shackles","Moonworks:NicePresent+1","Moonworks:ForcedRevival+1"],"relics":["Moonworks:BrokenBomb","Moonworks:Homemark","Guardian:PocketSentry","Mercury Hourglass","Frozen Egg 2","Lantern","Black Star","Red Mask","Mummified Hand","Regal Pillow","PreservedInsect","Sozu","Moonworks:LittleGull","Akabeko","Gambling Chip","PlaceholderMod:DaolothFragment","Sundial","Happy Flower","War Paint"],"acts_visited":["Exordium","TheCity","TheBeyond","TheEnding"],"potions_floor_usage":[],"damage_taken":[{"damage":0.0,"enemies":"Small Slimes","floor":1.0,"turns":3.0},{"damage":3.0,"enemies":"Cultist","floor":4.0,"turns":4.0},{"damage":0.0,"enemies":"2 Louse","floor":5.0,"turns":2.0},{"damage":21.0,"enemies":"Lagavulin","floor":7.0,"turns":7.0},{"damage":0.0,"enemies":"Gremlin Nob","floor":10.0,"turns":4.0},{"damage":3.0,"enemies":"Large Slime","floor":11.0,"turns":3.0},{"damage":6.0,"enemies":"3 Louse","floor":12.0,"turns":2.0},{"damage":3.0,"enemies":"3 Sentries","floor":13.0,"turns":3.0},{"damage":0.0,"enemies":"Exordium Thugs","floor":14.0,"turns":1.0},{"damage":2.0,"enemies":"Slime Boss","floor":16.0,"turns":4.0},{"damage":0.0,"enemies":"Shell Parasite","floor":18.0,"turns":4.0},{"damage":2.0,"enemies":"Masked Bandits","floor":19.0,"turns":4.0},{"damage":0.0,"enemies":"3 Byrds","floor":21.0,"turns":4.0},{"damage":15.0,"enemies":"Snake Plant","floor":22.0,"turns":3.0},{"damage":5.0,"enemies":"Slavers","floor":23.0,"turns":2.0},{"damage":15.0,"enemies":"Sentry and Sphere","floor":24.0,"turns":4.0},{"damage":7.0,"enemies":"Snecko","floor":27.0,"turns":6.0},{"damage":11.0,"enemies":"Champ","floor":33.0,"turns":6.0},{"damage":15.0,"enemies":"3 Shapes","floor":35.0,"turns":4.0},{"damage":12.0,"enemies":"3 Darklings","floor":36.0,"turns":3.0},{"damage":8.0,"enemies":"Maw","floor":39.0,"turns":6.0},{"damage":0.0,"enemies":"Giant Head","floor":41.0,"turns":6.0},{"damage":11.0,"enemies":"Writhing Mass","floor":47.0,"turns":4.0},{"damage":0.0,"enemies":"Nemesis","floor":48.0,"turns":2.0},{"damage":31,"enemies":"Donu and Deca","floor":50,"turns":7},{"damage":0,"enemies":"Shield and Spear","floor":54,"turns":3},{"damage":63,"enemies":"The Heart","floor":55,"turns":3}],"seed_played":"8354634069723735114","potions_obtained":[{"floor":1.0,"key":"Fire Potion"},{"floor":7.0,"key":"SmokeBomb"},{"floor":10.0,"key":"SkillPotion"},{"floor":19.0,"key":"FearPotion"},{"floor":21.0,"key":"hexamod:SoulburnPotion"}],"is_trial":false,"path_per_floor":["M","$","?","M","M","R","E","R","T","E","M","M","E","M","R","B",null,"M","?","?","M","M","E","M","R","T","M","R","$","R","?","R","B",null,"M","M","?","?","M","R","E","R","T","$","?","T","M","E","R","B",null,"R","$","E","B"],"character_chosen":"THE_STARBREAKER","items_purchased":["Moonworks:CloudOfSeagulls","Moonworks:ForcedRevival","Dark Shackles","Moonworks:NicePresent"],"campfire_rested":0,"item_purchase_floors":[2,2,53,53],"current_hp_per_floor":[60,60,60,57,60,60,39,39,39,39,36,30,29,29,29,34,60,60,58,58,60,45,42,32,32,32,30,30,30,30,30,30,26,60,50,42,42,42,45,45,55,55,55,55,55,55,49,58,58,35,60,60,60,60,0,0],"gold":45,"neow_bonus":"ONE_RANDOM_RARE_CARD","is_daily":false,"chose_seed":false,"campfire_upgraded":10,"win_rate":0.0,"timestamp":1612913769,"path_taken":["M","$","?","M","M","R","E","R","T","E","M","M","E","?","R","BOSS","M","?","?","M","M","E","M","R","T","M","R","$","R","?","R","BOSS","M","M","?","?","?","R","E","R","T","$","?","?","M","E","R","BOSS","R","$","E","BOSS"],"items_purchased_type":["Card","Card","Card","Card"],"build_version":"2020-12-22","purchased_purges":3,"victory":false,"max_hp_per_floor":[60,60,60,60,60,60,60,60,60,60,60,60,60,60,60,60,60,60,60,60,60,60,60,60,60,60,60,60,60,60,60,60,60,60,60,60,60,60,60,60,60,60,60,60,60,60,60,60,60,60,60,60,60,60,60,60],"card_choices":[{"not_picked":["Moonworks:CastOff","Moonworks:NicePresent"],"picked":"Moonworks:Poppoformation","floor":1.0},{"not_picked":["Moonworks:DeployBits","Moonworks:EvilSpyWorkPreparation","Moonworks:IndiscriminateFireSupport"],"picked":"SKIP","floor":4.0},{"not_picked":["Moonworks:DeployBits","Moonworks:EvilSpyWorkPreparation","Moonworks:IndiscriminateFireSupport"],"picked":"SKIP","floor":4.0},{"not_picked":["Moonworks:WindyEnchantment","Moonworks:Assault"],"picked":"Moonworks:SakisCookie","floor":5.0},{"not_picked":["Moonworks:IndiscriminateFireSupport","Moonworks:BigMagnum"],"picked":"Moonworks:CloudOfSeagulls","floor":7.0},{"not_picked":["Moonworks:MiracleWalker","Moonworks:BigBangBell"],"picked":"Moonworks:CloudOfSeagulls","floor":10.0},{"not_picked":["Moonworks:RagingMadness+1","Moonworks:JonathanRush","Moonworks:Assault"],"picked":"SKIP","floor":11.0},{"not_picked":["Moonworks:ReflectiveShell+1","Moonworks:MixPhenomenon"],"picked":"Moonworks:NicePresent","floor":12.0},{"not_picked":["Moonworks:LulusLuckyEgg","Moonworks:CloudOfSeagulls"],"picked":"Moonworks:SakisCookie","floor":13.0},{"not_picked":["Moonworks:CastOff","Moonworks:IndiscriminateFireSupport"],"picked":"Moonworks:CloudOfSeagulls","floor":14.0},{"not_picked":["Moonworks:StarBlastingFuse","Moonworks:CrystalBarrier+1"],"picked":"Moonworks:ShieldCounter","floor":16.0},{"not_picked":["Moonworks:JonathanRush","Moonworks:ImOnFire"],"picked":"Moonworks:SweetBattle+1","floor":18.0},{"not_picked":["Moonworks:Dinner","Moonworks:IndiscriminateFireSupport"],"picked":"Moonworks:CloudOfSeagulls+1","floor":19.0},{"not_picked":["Moonworks:LulusLuckyEgg","Moonworks:Dinner+1"],"picked":"Moonworks:TreasureThief","floor":21.0},{"not_picked":["Moonworks:JonathanRush+1","Moonworks:EvilSpyWorkPreparation+1","Moonworks:DeployBits"],"picked":"SKIP","floor":22.0},{"not_picked":["Moonworks:LeapThroughSpace+1","Moonworks:JonathanRush","Moonworks:Assault"],"picked":"SKIP","floor":23.0},{"not_picked":["Moonworks:CompletionReward","Moonworks:BigMagnum","Moonworks:MixPhenomenon"],"picked":"SKIP","floor":24.0},{"not_picked":["Moonworks:EvilSpyWorkPreparation","Moonworks:CloudOfSeagulls"],"picked":"Moonworks:NicePresent+1","floor":27.0},{"not_picked":["Moonworks:OutOfAmmo+1","Moonworks:WeAreWaruda"],"picked":"Moonworks:AnotherUltimateWeapon+1","floor":33.0},{"not_picked":["Moonworks:Poppoformation","Moonworks:SweetBattle+1","Moonworks:AwakeningOfTalent+1"],"picked":"SKIP","floor":35.0},{"not_picked":["Moonworks:Poppoformation+1","Moonworks:AwakeningOfTalent","Moonworks:DevilHand"],"picked":"SKIP","floor":36.0},{"not_picked":["Moonworks:EvilSpyWorkPreparation+1","Moonworks:CloudOfSeagulls","Moonworks:Heat300Percent"],"picked":"SKIP","floor":39.0},{"not_picked":["Moonworks:LulusLuckyEgg","Moonworks:FullSpeedAlicianrone+1","Moonworks:Assault"],"picked":"SKIP","floor":41.0},{"not_picked":["Trip","Blind"],"picked":"Master of Strategy","floor":45.0},{"not_picked":["Moonworks:BigBangBell","Moonworks:ImOnFire+1"],"picked":"Moonworks:CloudOfSeagulls","floor":47.0},{"not_picked":["Moonworks:ReproductionOfRecords","Moonworks:Bloodlust+1","Moonworks:RocketCannon"],"picked":"SKIP","floor":48.0},{"not_picked":["Moonworks:DeployBits","Moonworks:StiffCrystal+1"],"picked":"Moonworks:ForcedRevival+1","floor":54}],"player_experience":840385,"relics_obtained":[{"floor":7.0,"key":"Guardian:PocketSentry"},{"floor":9.0,"key":"Mercury Hourglass"},{"floor":10.0,"key":"Frozen Egg 2"},{"floor":13.0,"key":"Lantern"},{"floor":19.0,"key":"Red Mask"},{"floor":23.0,"key":"Mummified Hand"},{"floor":23.0,"key":"Regal Pillow"},{"floor":26.0,"key":"PreservedInsect"},{"floor":41.0,"key":"Moonworks:LittleGull"},{"floor":41.0,"key":"Akabeko"},{"floor":46.0,"key":"Gambling Chip"},{"floor":48.0,"key":"PlaceholderMod:DaolothFragment"},{"floor":48.0,"key":"Sundial"},{"floor":54,"key":"Happy Flower"},{"floor":54,"key":"War Paint"}],"event_choices":[{"damage_healed":0.0,"max_hp_gain":0.0,"max_hp_loss":0.0,"gold_gain":0.0,"event_name":"Match and Keep!","player_choice":"3 cards matched","floor":3.0,"gold_loss":0.0,"damage_taken":0.0,"cards_obtained":["Moonworks:IndiscriminateFireSupport","Moonworks:RedAndBlue","Moonworks:GoAway"]},{"damage_healed":0.0,"max_hp_gain":0.0,"max_hp_loss":0.0,"gold_gain":0.0,"event_name":"Masked Bandits","player_choice":"Fought Bandits","floor":19.0,"gold_loss":0.0,"damage_taken":0.0},{"damage_healed":0.0,"max_hp_gain":0.0,"max_hp_loss":0.0,"gold_gain":0.0,"event_name":"Ghosts","player_choice":"Ignored","floor":20.0,"gold_loss":0.0,"damage_taken":0.0},{"damage_healed":0.0,"max_hp_gain":0.0,"max_hp_loss":0.0,"gold_gain":0.0,"cards_transformed":["Moonworks:Strike"],"event_name":"Transmorgrifier","player_choice":"Transformed","floor":31.0,"gold_loss":0.0,"damage_taken":0.0,"cards_obtained":["Moonworks:FinalSurgery"]},{"damage_healed":0.0,"max_hp_gain":0.0,"max_hp_loss":0.0,"gold_gain":222.0,"event_name":"Tomb of Lord Red Mask","player_choice":"Wore Mask","floor":37.0,"gold_loss":0.0,"damage_taken":0.0},{"damage_healed":0.0,"max_hp_gain":0.0,"max_hp_loss":0.0,"gold_gain":0.0,"event_name":"SensoryStone","player_choice":"Memory 1","floor":45.0,"gold_loss":0.0,"damage_taken":0.0}],"is_beta":false,"boss_relics":[{"not_picked":["Philosopher\u0027s Stone","Pandora\u0027s Box"],"picked":"Black Star"},{"not_picked":["Fusion Hammer","Runic Pyramid"],"picked":"Sozu"}],"items_purged_floors":[29,44,53],"is_endless":false,"potions_floor_spawned":[1,7,10,13,14,19,21,41,47,54],"killed_by":"The Heart","ascension_level":0}}