{"host":"vyjryxuuuxkt43k4","time":1612835544,"event":{"mods":["AchievementEnabler","BaseMod","Colored Map","DeckTracker","Keyboard Shortcuts","Minty Spire (QoL Compilation)","Permanent Neow","Quick Restart","StSLib","SuperFastMode","everything is the same but u backflip on backflip"],"gold_per_floor":[109,109,59,79,97,97,125,125,152,152,152,152],"floor_reached":11,"language":"KOR","playtime":303,"items_purged":["Strike_B"],"score":138,"play_id":"1c39fb6c-e6f8-401c-bf4f-d44a1188bfbf","local_time":"20210209105224","is_ascension_mode":true,"campfire_choices":[{"data":"Zap","floor":6.0,"key":"SMITH"},{"data":"Chaos","floor":8.0,"key":"SMITH"},{"data":"Dualcast","floor":10.0,"key":"SMITH"}],"circlet_count":0,"master_deck":["AscendersBane","Strike_B","Strike_B","Strike_B","Defend_B","Defend_B","Defend_B","Defend_B","Zap+1","Dualcast+1","Aggregate","Sweeping Beam","Chill","Chaos+1"],"relics":["Cracked Core","Smiling Mask","Boot","Art of War"],"acts_visited":["Exordium"],"potions_floor_usage":[],"damage_taken":[{"damage":3.0,"enemies":"Small Slimes","floor":1.0,"turns":4.0},{"damage":2.0,"enemies":"Cultist","floor":4.0,"turns":4.0},{"damage":2.0,"enemies":"Jaw Worm","floor":5.0,"turns":3.0},{"damage":23.0,"enemies":"3 Sentries","floor":7.0,"turns":10.0},{"damage":43,"enemies":"Gremlin Nob","floor":11,"turns":3}],"seed_played":"8694401419735329043","potions_obtained":[{"floor":7.0,"key":"SpeedPotion"}],"is_trial":false,"path_per_floor":["M","?","$","M","M","R","E","R","T","R","E"],"character_chosen":"DEFECT","items_purchased":[],"campfire_rested":0,"item_purchase_floors":[],"current_hp_per_floor":[61,61,61,59,57,57,34,34,34,34,0,0],"gold":152,"neow_bonus":"RANDOM_COMMON_RELIC","is_daily":false,"chose_seed":false,"campfire_upgraded":3,"win_rate":0.0,"timestamp":1612835544,"path_taken":["M","?","$","M","?","R","E","R","T","R","E"],"items_purchased_type":[],"build_version":"2020-12-22","purchased_purges":1,"victory":false,"max_hp_per_floor":[71,71,71,71,71,71,71,71,71,71,71,71],"card_choices":[{"not_picked":["Hologram","Barrage"],"picked":"Aggregate","floor":1.0},{"not_picked":["Blizzard","Steam"],"picked":"Sweeping Beam","floor":4.0},{"not_picked":["Beam Cell","Redo"],"picked":"Chill","floor":5.0},{"not_picked":["Machine Learning","Conserve Battery"],"picked":"Chaos","floor":7.0}],"player_experience":849762,"relics_obtained":[{"floor":7.0,"key":"Boot"},{"floor":9.0,"key":"Art of War"}],"event_choices":[{"damage_healed":0.0,"max_hp_gain":0.0,"max_hp_loss":0.0,"gold_gain":0.0,"event_name":"Match and Keep!","player_choice":"0 cards matched","floor":2.0,"gold_loss":0.0,"damage_taken":0.0,"cards_obtained":[]}],"is_beta":false,"boss_relics":[],"items_purged_floors":[3],"is_endless":false,"potions_floor_spawned":[7],"killed_by":"Gremlin Nob","ascension_level":19}}