{"host":"rygl6lff02urotq6","time":1612871540,"event":{"mods":["AchievementEnabler","BaseMod","Bestiary","Better Altar","Better Match","Better Note","Better Sensory Stone","Better Skull","Better Third Choice","BetterRewards","Colored Map","Colored Powertips","Curses Come First","DeckTracker","Minty Spire (QoL Compilation)","Quick Restart","Spicy Shops","StSLib","SuperFastMode","The Bug Knight","Transform Curses"],"gold_per_floor":[113,0,0,0,15,51,51,94,171,190,214,238,238,6,6,131,131,154,167,217,65,65,65,81,81,108,148,187,210,210,248,248,368,368,393,418,418,418],"floor_reached":37,"language":"ENG","playtime":2273,"items_purged":["Burn"],"score":592,"play_id":"3bb6d665-f944-4fe5-a2eb-f5b381d2efe3","local_time":"20210209065220","is_ascension_mode":false,"campfire_choices":[{"floor":13,"key":"RECALL"},{"floor":15,"key":"REST"},{"data":"HollowMod:FocusHealStart","floor":23,"key":"SMITH"},{"floor":30,"key":"REST"},{"floor":32,"key":"REST"}],"circlet_count":0,"master_deck":["HollowMod:NailStrikeStart","HollowMod:NailStrikeStart","HollowMod:NailStrikeStart","HollowMod:NailStrikeStart","HollowMod:QuickDashStart","HollowMod:QuickDashStart","HollowMod:QuickDashStart","HollowMod:QuickDashStart","HollowMod:FocusHealStart+1","HollowMod:PogoStrike","HollowMod:HowlingWraiths","HollowMod:FallenFury","Enlightenment","HollowMod:SoulSplash","HollowMod:HeavyBlow","HollowMod:SharpenedNail","HollowMod:DashSlash","HollowMod:BaldurShell","HollowMod:PureNailStrike","HollowMod:DashSlash","HollowMod:AwokenDreamNail","HollowMod:SoulEater+1","HollowMod:CrystalDash","HollowMod:MawleksShell","HollowMod:GoodIntentions+1","HollowMod:MonomonsArchive","HollowMod:CloakDash","HollowMod:PureNailStrike","HollowMod:HerrahsAnger","CurseOfTheBell","HollowMod:LifebloodCocoon+1","HollowMod:FastStrike+1"],"relics":["HollowMod:VesselMask","Juzu Bracelet","Omamori","Golden Idol","Pen Nib","Gremlin Horn","Meat on the Bone","MealTicket","Cursed Key","Singing Bowl","HollowMod:GreatKnightMask","Question Card","Calling Bell","Orichalcum","White Beast Statue","Ginger"],"acts_visited":["Exordium","TheCity","TheBeyond"],"potions_floor_usage":[12,16,27,27,33,35,37,37],"damage_taken":[{"damage":3,"enemies":"Jaw Worm","floor":1,"turns":4},{"damage":9,"enemies":"2 Louse","floor":5,"turns":3},{"damage":33,"enemies":"Gremlin Nob","floor":6,"turns":4},{"damage":36,"enemies":"Lagavulin","floor":8,"turns":6},{"damage":0,"enemies":"Small Slimes","floor":10,"turns":3},{"damage":3,"enemies":"3 Louse","floor":11,"turns":2},{"damage":4,"enemies":"Looter","floor":12,"turns":2},{"damage":46,"enemies":"Hexaghost","floor":16,"turns":9},{"damage":21,"enemies":"2 Thieves","floor":18,"turns":3},{"damage":8,"enemies":"Chosen","floor":19,"turns":4},{"damage":19,"enemies":"Snecko","floor":24,"turns":4},{"damage":60,"enemies":"Book of Stabbing","floor":27,"turns":8},{"damage":0,"enemies":"HollowMod:Zote","floor":28,"turns":2},{"damage":13,"enemies":"3 Cultists","floor":29,"turns":5},{"damage":24,"enemies":"Gremlin Leader","floor":31,"turns":8},{"damage":122,"enemies":"Automaton","floor":33,"turns":13},{"damage":44,"enemies":"3 Darklings","floor":35,"turns":5},{"damage":9,"enemies":"Orb Walker","floor":36,"turns":3},{"damage":48,"enemies":"Maw","floor":37,"turns":8}],"seed_played":"6503412341383106413","potions_obtained":[{"floor":5,"key":"Strength Potion"},{"floor":8,"key":"FairyPotion"},{"floor":10,"key":"LiquidMemories"},{"floor":19,"key":"SkillPotion"},{"floor":24,"key":"PowerPotion"},{"floor":28,"key":"Dexterity Potion"},{"floor":31,"key":"Swift Potion"},{"floor":33,"key":"GamblersBrew"},{"floor":35,"key":"EssenceOfSteel"},{"floor":36,"key":"Fire Potion"}],"is_trial":false,"path_per_floor":["M","?","?","?","M","E","?","E","T","M","M","M","R","$","R","B",null,"M","M","?","$","?","R","M","?","T","E","?","M","R","E","R","B",null,"M","M","M"],"character_chosen":"THE_BUGKNIGHT","items_purchased":["Juzu Bracelet","Omamori","HollowMod:HowlingWraiths","MealTicket","HollowMod:DashSlash","HollowMod:MawleksShell"],"campfire_rested":3,"item_purchase_floors":[0,0,0,14,14,21],"current_hp_per_floor":[56,62,62,62,59,26,46,16,16,28,37,45,45,45,69,41,81,60,58,58,73,73,73,60,60,60,24,36,35,59,53,77,40,83,51,42,0,0],"gold":418,"neow_bonus":"","is_daily":false,"chose_seed":false,"campfire_upgraded":1,"win_rate":0.0,"timestamp":1612871540,"path_taken":["M","?","?","?","M","E","?","E","T","M","M","M","R","$","R","BOSS","M","M","?","$","?","R","M","?","T","E","?","M","R","E","R","BOSS","M","M","M"],"items_purchased_type":["Relic","Relic","Card","Relic","Card","Card"],"build_version":"2020-12-22","purchased_purges":1,"victory":false,"max_hp_per_floor":[75,81,81,81,81,81,81,81,81,81,81,81,81,81,81,81,81,81,81,81,81,81,81,81,81,81,83,83,83,83,83,83,83,83,83,83,83,83],"card_choices":[{"not_picked":["HollowMod:InfectedCysts","HollowMod:ShadowDash"],"picked":"HollowMod:FallenFury","floor":1},{"not_picked":["HollowMod:BlackTendrils","HollowMod:InfectedCysts"],"picked":"HollowMod:SoulSplash","floor":5},{"not_picked":["HollowMod:DescendingDark","HollowMod:LuriensSpire"],"picked":"HollowMod:HeavyBlow","floor":6},{"not_picked":["HollowMod:DescendingDark","HollowMod:theNailsmith"],"picked":"HollowMod:SharpenedNail","floor":8},{"not_picked":["HollowMod:DoubleDash","HollowMod:GrimmsGift"],"picked":"HollowMod:DashSlash","floor":10},{"not_picked":["HollowMod:SiblingsShadow","HollowMod:MothsMistake"],"picked":"HollowMod:BaldurShell","floor":11},{"not_picked":["HollowMod:CloakDash","HollowMod:ChannelNail"],"picked":"HollowMod:PureNailStrike","floor":12},{"not_picked":["HollowMod:VoidDash","HollowMod:theNailsmith"],"picked":"HollowMod:AwokenDreamNail","floor":16},{"not_picked":["HollowMod:ChannelNail","HollowMod:CornifersMapStart"],"picked":"HollowMod:SoulEater+1","floor":18},{"not_picked":["HollowMod:LifebloodCocoon","HollowMod:SharpenedNail"],"picked":"HollowMod:CrystalDash","floor":19},{"not_picked":["HollowMod:SoulShaman","HollowMod:RecoilStrike"],"picked":"HollowMod:GoodIntentions+1","floor":24},{"not_picked":["HollowMod:InfectionAssault","HollowMod:InfectedAttack","HollowMod:SoulShaman"],"picked":"Singing Bowl","floor":27},{"not_picked":["HollowMod:DreamGate+1","HollowMod:ChannelNail"],"picked":"HollowMod:MonomonsArchive","floor":28},{"not_picked":["HollowMod:SharpenedShadows","HollowMod:NewLittleFool"],"picked":"HollowMod:CloakDash","floor":29},{"not_picked":["HollowMod:TaintedHusks","HollowMod:HeavyBlow"],"picked":"HollowMod:PureNailStrike","floor":31},{"not_picked":["HollowMod:PureVessel","HollowMod:ZotesMagnificence","HollowMod:ElderbugsWisdom"],"picked":"HollowMod:HerrahsAnger","floor":33},{"not_picked":["HollowMod:SoulSplash+1","HollowMod:NewJinnsSoul","HollowMod:LuriensSpire"],"picked":"HollowMod:LifebloodCocoon+1","floor":35},{"not_picked":["HollowMod:SharpenedNail","HollowMod:SiblingsSouls+1","HollowMod:LordofShades"],"picked":"HollowMod:FastStrike+1","floor":36}],"player_experience":324937,"relics_obtained":[{"floor":6,"key":"Pen Nib"},{"floor":8,"key":"Gremlin Horn"},{"floor":9,"key":"Meat on the Bone"},{"floor":27,"key":"Singing Bowl"},{"floor":28,"key":"HollowMod:GreatKnightMask"},{"floor":31,"key":"Question Card"},{"floor":34,"key":"Orichalcum"},{"floor":34,"key":"White Beast Statue"},{"floor":34,"key":"Ginger"}],"event_choices":[{"damage_healed":0,"gold_gain":0,"player_choice":"RENOUNCE","damage_taken":113,"max_hp_gain":0,"max_hp_loss":0,"event_name":"betterThird:BetterSerpent","floor":2,"gold_loss":113,"cards_obtained":["Enlightenment"]},{"damage_healed":0,"gold_gain":0,"player_choice":"Take Wound","damage_taken":0,"relics_obtained":["Golden Idol"],"max_hp_gain":0,"max_hp_loss":0,"event_name":"Golden Idol","floor":3,"gold_loss":0,"cards_obtained":["Injury"]},{"damage_healed":62,"gold_gain":0,"player_choice":"Embrace Burn","damage_taken":0,"max_hp_gain":0,"max_hp_loss":81,"event_name":"betterThird:BetterShining","floor":4,"gold_loss":0},{"damage_healed":0,"gold_gain":100,"player_choice":"Bet on Murderer","damage_taken":0,"max_hp_gain":0,"max_hp_loss":0,"event_name":"The Joust","floor":20,"gold_loss":50},{"cards_removed":["Enlightenment"],"damage_healed":0,"gold_gain":0,"player_choice":"Give","damage_taken":0,"max_hp_gain":0,"max_hp_loss":0,"event_name":"betterNote:BetterNote","floor":22,"gold_loss":0,"cards_obtained":["Injury"]},{"damage_healed":0,"gold_gain":0,"player_choice":"Bought 0 Potions","damage_taken":0,"max_hp_gain":0,"max_hp_loss":0,"event_name":"The Woman in Blue","floor":25,"gold_loss":0}],"is_beta":false,"boss_relics":[{"not_picked":["Runic Dome","Ectoplasm"],"picked":"Cursed Key"},{"not_picked":["Pandora\u0027s Box","Empty Cage"],"picked":"Calling Bell"}],"items_purged_floors":[21],"is_endless":false,"potions_floor_spawned":[5,8,10,11,19,24,28,31,33,35,36],"killed_by":"Maw","ascension_level":0}}