{"host":"yq854828l1wg20je","time":1612864331,"event":{"mods":["AchievementEnabler","BaseMod","Colored Powertips","Downfall","Hubris","Minty Spire (QoL Compilation)","Quick Restart","READ ME - Snecko Mod","Replay The Spire","StSLib","The Construct","The Cursed","The Disciple","The Senshi","The Servant 0.9.4"],"gold_per_floor":[119,73,89,108,56,85,85,85,85,85,85,99,163,179,179,283,283,223,14,14,14,14,14,14,14,14,14,14,14],"floor_reached":28,"language":"ENG","playtime":1886,"items_purged":[],"score":234,"play_id":"1860227d-f763-41ab-b1b5-531d0634102e","local_time":"20210209045211","is_ascension_mode":false,"campfire_choices":[{"data":"theSenshi:MoonPrismPowerMakeUp","floor":7.0,"key":"SMITH"},{"floor":11.0,"key":"REST"},{"data":"theSenshi:RoseThrow","floor":15.0,"key":"SMITH"}],"circlet_count":0,"master_deck":["theSenshi:SailorKick","theSenshi:SailorKick","theSenshi:SailorKick","theSenshi:SailorKick+1","theSenshi:SailorBlock","theSenshi:SailorBlock","theSenshi:SailorBlock","theSenshi:SailorBlock","theSenshi:RoseThrow+1","theSenshi:MoonPrismPowerMakeUp+1","theSenshi:SailorChibiMoonAssists","theSenshi:SchoolBag","theSenshi:MoonTiaraMagic+1","theSenshi:SupersonicWaves","theSenshi:PlutosSolemnity+1","theSenshi:SteeledNerves","theSenshi:SailorVenusAssists","theSenshi:EncouragingSpeech","theSenshi:LunaSensingAllies+1","theSenshi:LateForSchool","theSenshi:SailorPlanetAttack+1","theSenshi:Sidestep"],"relics":["theSenshi:TransformationBroochRelic","Blood Vial","Golden Egg","Ectoplasm","Dream Catcher","hubris:Towel","hubris:Metronome","ReplayFunnel"],"acts_visited":["Exordium","TheCity"],"potions_floor_usage":[23,23,23],"damage_taken":[{"damage":0.0,"enemies":"Small Slimes","floor":1.0,"turns":4.0},{"damage":0.0,"enemies":"Jaw Worm","floor":3.0,"turns":3.0},{"damage":0.0,"enemies":"Cultist","floor":4.0,"turns":4.0},{"damage":13.0,"enemies":"Gremlin Nob","floor":6.0,"turns":4.0},{"damage":0.0,"enemies":"2 Fungi Beasts","floor":12.0,"turns":2.0},{"damage":4.0,"enemies":"Large Slime","floor":14.0,"turns":4.0},{"damage":40.0,"enemies":"Slime Boss","floor":16.0,"turns":8.0},{"damage":30.0,"enemies":"2 Thieves","floor":18.0,"turns":4.0},{"damage":0,"enemies":"Spheric Guardian","floor":21,"turns":2},{"damage":55,"enemies":"Gremlin Leader","floor":23,"turns":6},{"damage":8,"enemies":"Snecko","floor":28,"turns":3}],"seed_played":"-8604345851797949588","potions_obtained":[{"floor":4.0,"key":"Dexterity Potion"},{"floor":6.0,"key":"Strength Potion"},{"floor":10.0,"key":"hexamod:SoulburnPotion"},{"floor":21,"key":"BlessingOfTheForge"}],"is_trial":false,"path_per_floor":["M","$","M","M","$","E","R","?","T","?","R","M","?","M","R","B",null,"M","$","?","M","?","E","?","$","T","$","M"],"character_chosen":"THE_SENSHI","items_purchased":["theSenshi:SchoolBag","theSenshi:PlutosSolemnity+1","Dream Catcher","theSenshi:SailorPlanetAttack+1"],"campfire_rested":1,"item_purchase_floors":[2,5,19,19],"current_hp_per_floor":[82,82,82,82,82,69,69,53,53,53,77,79,79,77,77,39,82,52,52,52,54,54,1,4,4,4,4,0,0],"gold":14,"neow_bonus":"TEN_PERCENT_HP_BONUS","is_daily":false,"chose_seed":false,"campfire_upgraded":2,"win_rate":0.0,"timestamp":1612864331,"path_taken":["M","$","M","M","$","E","R","?","T","?","R","?","?","M","R","BOSS","M","$","?","M","?","E","?","?","T","?","M"],"items_purchased_type":["Card","Card","Relic","Card"],"build_version":"2020-12-22","purchased_purges":0,"victory":false,"max_hp_per_floor":[82,82,82,82,82,82,82,82,82,82,82,82,82,82,82,82,82,82,82,82,82,82,82,85,85,85,85,85,85],"card_choices":[{"not_picked":["theSenshi:Sidestep","theSenshi:SailorMercuryAssists"],"picked":"theSenshi:SailorChibiMoonAssists","floor":1.0},{"not_picked":["theSenshi:VenusGlamour","theSenshi:SchoolBag"],"picked":"theSenshi:MoonTiaraMagic","floor":3.0},{"not_picked":["theSenshi:MoonPunch","theSenshi:LunaWiseMentor"],"picked":"theSenshi:SupersonicWaves","floor":4.0},{"not_picked":["theSenshi:SailorMarsAssists","theSenshi:MoonSpiralHeartAttack"],"picked":"theSenshi:SteeledNerves","floor":6.0},{"not_picked":["theSenshi:MoonsReflection","theSenshi:SailorMarsAssists"],"picked":"theSenshi:SailorVenusAssists","floor":12.0},{"not_picked":["theSenshi:FatedKiss","theSenshi:LunasBite"],"picked":"theSenshi:EncouragingSpeech","floor":14.0},{"not_picked":["theSenshi:FatedKiss","theSenshi:ChibiMoonsLove"],"picked":"theSenshi:LunaSensingAllies","floor":16.0},{"not_picked":["theSenshi:MoonSpiralHeartAttack+1","theSenshi:SailorChibiMoonAssists"],"picked":"theSenshi:LateForSchool","floor":18.0},{"not_picked":["theSenshi:SailorMarsAssists","theSenshi:TuxedoSmokingBomber"],"picked":"theSenshi:Sidestep","floor":21},{"not_picked":["theSenshi:SchoolBag","theSenshi:SailorPlanetPower+1","theSenshi:LunasBite"],"picked":"SKIP","floor":23}],"player_experience":28904,"relics_obtained":[{"floor":6.0,"key":"Blood Vial"},{"floor":9.0,"key":"Golden Egg"},{"floor":23,"key":"hubris:Metronome"},{"floor":26,"key":"ReplayFunnel"}],"event_choices":[{"damage_healed":0.0,"max_hp_gain":0.0,"max_hp_loss":0.0,"gold_gain":0.0,"event_name":"Shining Light","player_choice":"Entered Light","floor":8.0,"gold_loss":0.0,"damage_taken":16.0,"cards_upgraded":["theSenshi:MoonTiaraMagic","theSenshi:SailorKick"]},{"damage_healed":0.0,"max_hp_gain":0.0,"max_hp_loss":0.0,"gold_gain":0.0,"event_name":"Lab","player_choice":"Got Potions","floor":10.0,"gold_loss":0.0,"damage_taken":0.0},{"damage_healed":0.0,"max_hp_gain":0.0,"max_hp_loss":0.0,"gold_gain":64.0,"event_name":"Golden Wing","player_choice":"Gained Gold","floor":13.0,"gold_loss":0.0,"damage_taken":0.0},{"damage_healed":0,"gold_gain":0,"player_choice":"Ignored","damage_taken":0,"max_hp_gain":0,"max_hp_loss":0,"event_name":"Ghosts","floor":22,"gold_loss":0}],"is_beta":false,"boss_relics":[{"not_picked":["Runic Dome","Sozu"],"picked":"Ectoplasm"}],"items_purged_floors":[],"is_endless":false,"potions_floor_spawned":[4,6,21],"killed_by":"Snecko","ascension_level":0}}