{"host":"kh6fvhxn285ncg0o","time":1612833764,"event":{"mods":["Act Like it!","BaseMod","Colored Map","Friendly Minions","Keyboard Shortcuts","Minty Spire (QoL Compilation)","Quick Restart","Relic Stats","StSLib","SuperFastMode","UnlockEverythingMod"],"gold_per_floor":[116,41,55,55,105,133,133,149,149,181,181,209,237,257,257,339,339,363,372,21,21,40,76,86,86,86,86,128,128,128],"floor_reached":29,"language":"KOR","playtime":873,"items_purged":["Strike_R","Strike_R"],"score":596,"play_id":"333383be-2440-4c5b-80a0-da527219d728","local_time":"20210209102244","is_ascension_mode":true,"campfire_choices":[{"data":"Uppercut","floor":7.0,"key":"SMITH"},{"data":"Disarm","floor":11.0,"key":"SMITH"},{"data":"Evolve","floor":15,"key":"SMITH"},{"data":"Immolate","floor":25,"key":"SMITH"},{"data":"Rage","floor":27,"key":"SMITH"}],"circlet_count":0,"master_deck":["AscendersBane","Strike_R","Strike_R","Strike_R","Defend_R","Defend_R","Defend_R","Defend_R","Bash","Second Wind","Uppercut+1","Disarm+1","Evolve+1","Wild Strike","Fire Breathing","Immolate+1","Rage+1","Disarm+1","Warcry+1","Feel No Pain"],"relics":["Burning Blood","NeowsBlessing","Mango","Red Skull","The Courier","CeramicFish","Coffee Dripper","Incense Burner","Vajra","Shuriken","Centennial Puzzle"],"acts_visited":["Exordium","TheCity"],"potions_floor_usage":[22,23,28],"damage_taken":[{"damage":0.0,"enemies":"Cultist","floor":1.0,"turns":1.0},{"damage":0.0,"enemies":"Small Slimes","floor":3.0,"turns":2.0},{"damage":0.0,"enemies":"Gremlin Nob","floor":6.0,"turns":1.0},{"damage":7.0,"enemies":"Jaw Worm","floor":8.0,"turns":4.0},{"damage":44.0,"enemies":"Lagavulin","floor":10.0,"turns":9.0},{"damage":0.0,"enemies":"Exordium Wildlife","floor":12.0,"turns":3.0},{"damage":0.0,"enemies":"Looter","floor":13.0,"turns":4.0},{"damage":3.0,"enemies":"Blue Slaver","floor":14.0,"turns":3.0},{"damage":38,"enemies":"The Guardian","floor":16,"turns":11},{"damage":32,"enemies":"Spheric Guardian","floor":18,"turns":6},{"damage":3,"enemies":"Chosen","floor":22,"turns":3},{"damage":46,"enemies":"Gremlin Leader","floor":23,"turns":8},{"damage":6,"enemies":"Snake Plant","floor":24,"turns":6},{"damage":5,"enemies":"Book of Stabbing","floor":28,"turns":5},{"damage":13,"enemies":"Shelled Parasite and Fungi","floor":29,"turns":3}],"seed_played":"-1520817567151388379","potions_obtained":[{"floor":3.0,"key":"SteroidPotion"},{"floor":10.0,"key":"BlessingOfTheForge"},{"floor":12.0,"key":"Strength Potion"},{"floor":13.0,"key":"Block Potion"},{"floor":18,"key":"Fire Potion"},{"floor":24,"key":"Swift Potion"},{"floor":28,"key":"Fire Potion"}],"is_trial":false,"path_per_floor":["M","$","M","?","?","E","R","M","T","E","R","M","M","M","R","B",null,"M","?","$","?","M","E","M","R","T","R","E","M"],"character_chosen":"IRONCLAD","items_purchased":["Incense Burner"],"campfire_rested":0,"item_purchase_floors":[20],"current_hp_per_floor":[74,74,75,84,76,82,82,81,81,43,43,49,55,58,58,26,73,47,47,47,47,50,10,10,10,10,10,11,0,0],"gold":128,"neow_bonus":"THREE_ENEMY_KILL","is_daily":false,"chose_seed":false,"campfire_upgraded":5,"win_rate":0.0,"timestamp":1612833764,"path_taken":["M","$","?","?","?","E","R","?","T","E","R","M","M","M","R","BOSS","M","?","?","?","M","E","M","R","T","R","E","?"],"items_purchased_type":["Relic"],"build_version":"2020-12-22","purchased_purges":2,"victory":false,"max_hp_per_floor":[75,75,75,89,89,89,89,89,89,89,89,89,89,89,89,89,89,89,89,89,89,89,89,89,89,89,89,89,89,89],"relic_stats":{"Centennial Puzzle":[3],"counters":[15,69],"Shuriken":[2],"CeramicFish":63,"obtain_stats":[{"Centennial Puzzle":28,"NeowsBlessing":0,"Shuriken":26,"CeramicFish":10,"Vajra":23,"Mango":4,"The Courier":9,"Coffee Dripper":17,"Incense Burner":20,"Burning Blood":0,"Red Skull":6},{"Centennial Puzzle":14,"NeowsBlessing":0,"Shuriken":13,"CeramicFish":5,"Vajra":12,"Mango":2,"The Courier":4,"Coffee Dripper":9,"Incense Burner":10,"Burning Blood":0,"Red Skull":3},{"Centennial Puzzle":66,"NeowsBlessing":0,"Shuriken":61,"CeramicFish":17,"Vajra":55,"Mango":3,"The Courier":8,"Coffee Dripper":38,"Incense Burner":44,"Burning Blood":0,"Red Skull":4}],"Burning Blood":79},"card_choices":[{"not_picked":["Iron Wave","Sword Boomerang"],"picked":"Second Wind","floor":1.0},{"not_picked":["Shockwave","Heavy Blade"],"picked":"Uppercut","floor":3.0},{"not_picked":["Combust","Thunderclap"],"picked":"Disarm","floor":6.0},{"not_picked":["Havoc","Inflame"],"picked":"Evolve","floor":8.0},{"not_picked":["Heavy Blade","Havoc","Searing Blow"],"picked":"SKIP","floor":10.0},{"not_picked":["Havoc","Heavy Blade"],"picked":"Wild Strike","floor":12.0},{"not_picked":["Wild Strike","Flex"],"picked":"Fire Breathing","floor":13.0},{"not_picked":["Sword Boomerang","Whirlwind","Headbutt"],"picked":"SKIP","floor":14},{"not_picked":["Corruption","Juggernaut"],"picked":"Immolate","floor":16},{"not_picked":["Metallicize","Evolve"],"picked":"Rage","floor":18},{"not_picked":["Seeing Red","Clash","Sever Soul"],"picked":"SKIP","floor":22},{"not_picked":["Flame Barrier","Wild Strike"],"picked":"Warcry+1","floor":23},{"not_picked":["Dropkick","Metallicize","Warcry"],"picked":"SKIP","floor":24},{"not_picked":["Shrug It Off","Entrench"],"picked":"Feel No Pain","floor":28}],"player_experience":1337267,"relics_obtained":[{"floor":6.0,"key":"Red Skull"},{"floor":9.0,"key":"The Courier"},{"floor":10.0,"key":"CeramicFish"},{"floor":23,"key":"Vajra"},{"floor":26,"key":"Shuriken"},{"floor":28,"key":"Centennial Puzzle"}],"event_choices":[{"damage_healed":0.0,"max_hp_gain":0.0,"max_hp_loss":0.0,"gold_gain":0.0,"event_name":"Scrap Ooze","player_choice":"Success","floor":4.0,"gold_loss":0.0,"damage_taken":5.0,"relics_obtained":["Mango"]},{"damage_healed":0.0,"max_hp_gain":0.0,"max_hp_loss":0.0,"gold_gain":50.0,"event_name":"FaceTrader","player_choice":"Touch","floor":5.0,"gold_loss":0.0,"damage_taken":8.0},{"damage_healed":0,"gold_gain":0,"player_choice":"Copied","damage_taken":0,"max_hp_gain":0,"max_hp_loss":0,"event_name":"Duplicator","floor":19,"gold_loss":0,"cards_obtained":["Disarm"]},{"damage_healed":0,"gold_gain":0,"player_choice":"Ignored","damage_taken":0,"max_hp_gain":0,"max_hp_loss":0,"event_name":"The Mausoleum","floor":21,"gold_loss":0}],"is_beta":false,"boss_relics":[{"not_picked":["Pandora\u0027s Box","Runic Dome"],"picked":"Coffee Dripper"}],"items_purged_floors":[2,20],"is_endless":false,"potions_floor_spawned":[3,10,12,13,18,24,28],"killed_by":"Shelled Parasite and Fungi","ascension_level":20}}