{"host":"mi0eibewekhugwl1","time":1612859626,"event":{"mods":["AchievementEnabler","BaseMod","Colored Map","Colored Powertips","DeckTracker","Keyboard Shortcuts","Minty Spire (QoL Compilation)","Quick Restart","Rare Cards Sparkle","Relic Stats","StSLib","SuperFastMode","everything is the same but u backflip on backflip"],"gold_per_floor":[112,112,112,128,151,151,151,164,190,190,208,277,277,297,297,297,297],"floor_reached":16,"language":"KOR","playtime":273,"items_purged":[],"score":184,"play_id":"bfc43c82-a996-4d7c-a7ca-1d4cc8bc56f9","local_time":"20210209173346","is_ascension_mode":true,"campfire_choices":[{"data":"Melter","floor":7,"key":"SMITH"},{"floor":10,"key":"REST"},{"data":"Rip and Tear","floor":15,"key":"SMITH"}],"circlet_count":0,"master_deck":["AscendersBane","Strike_B","Strike_B","Strike_B","Defend_B","Defend_B","Defend_B","Defend_B","Zap+1","Dualcast+1","Rip and Tear+1","Glacier+1","Melter+1","Glacier","Ball Lightning","Chill+1","Sweeping Beam"],"relics":["Cracked Core","Golden Idol","Potion Belt","War Paint","Toxic Egg 2"],"acts_visited":["Exordium"],"potions_floor_usage":[16,16,16],"damage_taken":[{"damage":4,"enemies":"Jaw Worm","floor":1,"turns":3},{"damage":0,"enemies":"2 Louse","floor":4,"turns":2},{"damage":0,"enemies":"Small Slimes","floor":5,"turns":3},{"damage":19,"enemies":"Gremlin Gang","floor":8,"turns":4},{"damage":3,"enemies":"3 Louse","floor":11,"turns":4},{"damage":8,"enemies":"Gremlin Nob","floor":12,"turns":3},{"damage":0,"enemies":"Looter","floor":14,"turns":2},{"damage":67,"enemies":"Hexaghost","floor":16,"turns":11}],"seed_played":"1287066626969631327","potions_obtained":[{"floor":5,"key":"Regen Potion"},{"floor":12,"key":"Fruit Juice"},{"floor":14,"key":"Regen Potion"}],"is_trial":false,"path_per_floor":["M","?","?","M","M","?","R","M","T","R","M","?","T","M","R","B"],"character_chosen":"DEFECT","items_purchased":[],"campfire_rested":1,"item_purchase_floors":[],"current_hp_per_floor":[60,60,60,60,60,53,53,34,34,53,50,42,42,42,42,0,0],"gold":297,"neow_bonus":"UPGRADE_CARD","is_daily":false,"chose_seed":false,"campfire_upgraded":2,"win_rate":0.0,"timestamp":1612859626,"path_taken":["M","?","?","M","M","?","R","M","T","R","M","?","?","M","R","BOSS"],"items_purchased_type":[],"build_version":"2020-12-22","purchased_purges":0,"victory":false,"max_hp_per_floor":[71,64,64,64,64,64,64,64,64,64,64,64,64,64,64,69,69],"relic_stats":{"counters":[8,32],"Golden Idol":27,"War Paint":["Chill","Glacier"],"obtain_stats":[{"Potion Belt":9,"Golden Idol":2,"War Paint":12,"Toxic Egg 2":13,"Cracked Core":0},{"Potion Belt":4,"Golden Idol":1,"War Paint":6,"Toxic Egg 2":6,"Cracked Core":0},{"Potion Belt":12,"Golden Idol":3,"War Paint":19,"Toxic Egg 2":19,"Cracked Core":0}]},"card_choices":[{"not_picked":["Leap","Blizzard"],"picked":"Rip and Tear","floor":1},{"not_picked":["Rebound","Recycle"],"picked":"Glacier","floor":4},{"not_picked":["Barrage","Go for the Eyes"],"picked":"Melter","floor":5},{"not_picked":["Streamline","Darkness"],"picked":"Glacier","floor":8},{"not_picked":["Leap","Double Energy"],"picked":"Ball Lightning","floor":11},{"not_picked":["Gash","Cold Snap"],"picked":"Chill","floor":12},{"not_picked":["Streamline","Undo+1"],"picked":"Sweeping Beam","floor":14}],"player_experience":1790156,"relics_obtained":[{"floor":9,"key":"Potion Belt"},{"floor":12,"key":"War Paint"},{"floor":13,"key":"Toxic Egg 2"}],"event_choices":[{"damage_healed":0,"gold_gain":0,"player_choice":"Lose Max HP","damage_taken":0,"relics_obtained":["Golden Idol"],"max_hp_gain":0,"max_hp_loss":7,"event_name":"Golden Idol","floor":2,"gold_loss":0},{"damage_healed":0,"gold_gain":0,"player_choice":"Grow","damage_taken":0,"max_hp_gain":0,"max_hp_loss":0,"event_name":"Living Wall","floor":3,"gold_loss":0,"cards_upgraded":["Dualcast"]},{"cards_removed":["Strike_B"],"damage_healed":0,"gold_gain":0,"player_choice":"Card Removal","damage_taken":7,"max_hp_gain":0,"max_hp_loss":0,"event_name":"Golden Wing","floor":6,"gold_loss":0},{"damage_healed":0,"gold_gain":30,"player_choice":"Searched \u00273\u0027 times","damage_taken":0,"max_hp_gain":0,"max_hp_loss":0,"event_name":"Dead Adventurer","floor":12,"gold_loss":0}],"is_beta":false,"boss_relics":[],"items_purged_floors":[],"is_endless":false,"potions_floor_spawned":[5,12,14],"killed_by":"Hexaghost","ascension_level":20}}