{"host":"54jr43vd79817238","time":1612842290,"event":{"mods":["100% Spire Juice","ATMod(°¢èªMod)","Act Like it!","Arknights","Aspiration","BaseMod","CapriCore","Dota2Spire","Friendly Minions","Gensokyo","Hallownest","Hermit","Jedi Mod","KomeijiMod","Lobotomy","LobotomyExtend","Marisa£¨ìFÓê¡¡Ä§ÀíÉ³£©","Minty Spire (QoL Compilation)","MostiFishMod","Prisma Mod","PrismaMod-zhs","Quarter Circle Forward PUNCH!","Reliquary","Replay The Spire","Robot Space Explorer","RumiaBox-Â¶Ã×æ«µÄÉñÃØºÐ×Ó","Spicy Shops","StSLib","TestMod","The Blackbeard","WarShipGirlsR/Õ½½¢ÉÙÅ®R mod","Yakumo Yukari mod","Youmu£¨»êÆÇÑýÃÎ£©","Yuyuko","¡¾ÒÅÎï¿¨ÅÆ¡¿REMEMod"],"gold_per_floor":[120,135,146,146,167,211,211,245,245,245,245,2,17,59,59,194,194,219,219,76,101,124,155,170,201,201,161,161,194,208,54,54,166,166,181,200,260,280,280,322,322,360,383,383,407,407,445,63,63,73,73,73,73,73,115,129],"floor_reached":57,"language":"ZHS","playtime":3013,"items_purged":["Confused"],"score":1523,"play_id":"aaca149f-6631-4ae8-a846-e876b7cdbdf4","local_time":"20210209114450","is_ascension_mode":true,"campfire_choices":[{"floor":7,"key":"RECALL"},{"data":"ats:Part Time Job","floor":10,"key":"SMITH"},{"floor":15,"key":"REST"},{"data":"ats:Roar Of Ursus","floor":28,"key":"SMITH"},{"data":"ats:Literary Storm","floor":32,"key":"SMITH"},{"data":"ats:Emotion Absorption","floor":41,"key":"SMITH"},{"data":"ats:Part Time Job","floor":44,"key":"SMITH"},{"data":"ats:Phantom","floor":46,"key":"SMITH"},{"data":"ats:Absolute Focus","floor":49,"key":"SMITH"},{"data":"ats:Demon Strength","floor":53,"key":"SMITH"}],"circlet_count":0,"master_deck":["ats:Strike C","ats:Strike G","ats:Strike V","ats:Armor Crushing Shot","ats:Defend","ats:Defend","ats:Defend","ats:Defend","ats:Emotion Absorption+1","Ticket to Heaven","AT_OneInchPunch","ats:Song Of Battle","ats:Cat Scratch","Injury","ats:Roar Of Ursus+1","ats:Thermite Blade","ats:Part Time Job+1","ats:Literary Storm+1","ats:Rat Pack+1","ats:Wolf Pack","ats:Sashimi Platter+1","ats:Guard Mode","ats:Composite Medical Shells+1","ats:Thorns","ats:Blood Oath+1","ats:Absolute Focus+1","ats:Soul Rend","ats:Red Shift","ats:Disruption Kick+1","ats:Very Hot Blade","ats:Thorns","ats:Roar Of Ursus+1","ats:Part Time Job+1","ats:Absolute Focus+1","ats:Spore Proliferation+1","ats:Phantom+1","ats:Demon Strength+1","ats:LN2 Cannon"],"relics":["ats:Sanity","DaveBox","AT_ATBox","testmod-TestBox","REME_ComplimentaryCards","testmod-LifeArmor","testmod-DeterminationOfClimber","OriginationStaff","SynthV:TestCard","Bloody Idol","ats:Originium","ArrowTower","Snack Pack","ats:Bonebreaker","AT_BladeRuinedKing","Dota2Spire:Bloodstone","Replay:Baseball","Dota2Spire:PowerTreads","MagicDraw4","qcfpunch:Red_Headband","REME_PuzzleBoxRelic","BrkXgEgg","Dota2Spire:RefresherOrb","CatCart","AT_BellowingDragoncrestRing","Dota2Spire:EchoSabre","ats:Spiritual Recovery","REME_HourglassOfDeath","Replay:Towering Pillar of Hats","Bag of Marbles"],"acts_visited":["Exordium","TheCity","TheBeyond","TheEnding"],"potions_floor_usage":[14,16,16,25,55,56],"damage_taken":[{"damage":0,"enemies":"ats:Genji","floor":1,"turns":4},{"damage":0,"enemies":"Cultist","floor":2,"turns":2},{"damage":1,"enemies":"Jaw Worm","floor":3,"turns":3},{"damage":0,"enemies":"Looter","floor":5,"turns":2},{"damage":32,"enemies":"3 Sentries","floor":6,"turns":10},{"damage":30,"enemies":"Gremlin Nob","floor":8,"turns":4},{"damage":10,"enemies":"Lots of Slimes","floor":13,"turns":3},{"damage":8,"enemies":"3 Sentries","floor":14,"turns":4},{"damage":7,"enemies":"Hexaghost","floor":16,"turns":6},{"damage":8,"enemies":"3 Byrds","floor":18,"turns":3},{"damage":0,"enemies":"2 Thieves","floor":21,"turns":2},{"damage":0,"enemies":"Snake Plant","floor":22,"turns":3},{"damage":6,"enemies":"Gremlin Leader","floor":23,"turns":4},{"damage":7,"enemies":"Centurion and Healer","floor":24,"turns":3},{"damage":9,"enemies":"Replay:Snechameleon","floor":25,"turns":3},{"damage":12,"enemies":"Book of Stabbing","floor":29,"turns":3},{"damage":0,"enemies":"Shelled Parasite and Fungi","floor":30,"turns":1},{"damage":7,"enemies":"Champ","floor":33,"turns":3},{"damage":6,"enemies":"Orb Walker","floor":35,"turns":2},{"damage":0,"enemies":"3 Darklings","floor":36,"turns":2},{"damage":0,"enemies":"Orin","floor":37,"turns":4},{"damage":0,"enemies":"Sphere and 2 Shapes","floor":38,"turns":1},{"damage":0,"enemies":"Giant Head","floor":40,"turns":5},{"damage":0,"enemies":"R_Hoarder","floor":42,"turns":3},{"damage":0,"enemies":"Jaw Worm Horde","floor":45,"turns":1},{"damage":12,"enemies":"Nemesis","floor":47,"turns":2},{"damage":1,"enemies":"Time Eater","floor":50,"turns":3},{"damage":0,"enemies":"Shield and Spear","floor":55,"turns":2},{"damage":4,"enemies":"The Heart","floor":56,"turns":4}],"seed_played":"-6998063387105327679","potions_obtained":[{"floor":2,"key":"Doom Potion"},{"floor":8,"key":"Energy Potion"},{"floor":13,"key":"Flashbang"},{"floor":14,"key":"PowerPotion"},{"floor":18,"key":"GamblersBrew"},{"floor":30,"key":"Dexterity Potion"},{"floor":33,"key":"AttackPotion"}],"is_trial":false,"path_per_floor":["M","M","M","?","M","E","R","E","T","R","?","$","M","E","R","B",null,"M","?","$","M","M","E","M","E","T","?","R","E","M","$","R","B",null,"M","M","?","M","?","E","R","E","T","R","M","R","E","$","R","B",null,null,"R","$","E","B",null],"character_chosen":"DOCTOR_CLASS","items_purchased":["ats:Bonebreaker","Replay:Baseball","BrkXgEgg","Replay:Towering Pillar of Hats"],"campfire_rested":1,"item_purchase_floors":[12,20,31,48],"current_hp_per_floor":[72,72,71,71,72,43,43,14,14,14,14,14,7,7,28,51,72,65,65,65,72,72,72,72,72,72,72,72,72,72,72,72,72,72,72,72,72,72,72,72,72,72,72,72,72,72,72,72,72,72,72,72,72,72,72,72],"gold":129,"neow_bonus":"RANDOM_COMMON_RELIC","is_daily":false,"chose_seed":false,"campfire_upgraded":8,"win_rate":0.0,"timestamp":1612842290,"path_taken":["M","M","M","?","M","E","R","E","T","R","?","$","?","E","R","BOSS","M","?","$","M","M","E","M","E","T","?","R","E","?","$","R","BOSS","M","M","?","M","?","E","R","E","T","R","M","R","E","$","R","BOSS","R","$","E","BOSS"],"items_purchased_type":["Relic","Relic","Relic","Relic"],"build_version":"2020-12-22","purchased_purges":1,"victory":true,"max_hp_per_floor":[72,72,72,72,72,72,72,72,72,72,72,72,72,72,72,72,72,72,72,72,72,72,72,72,72,72,72,72,72,72,72,72,72,72,72,72,72,72,72,72,72,72,72,72,72,72,72,72,72,72,72,72,72,72,72,72],"card_choices":[{"not_picked":["ats:Neurotoxin","ats:Curse Doll","ats:Powerful Strike"],"picked":"SKIP","floor":1},{"not_picked":["ats:Hammer On","ats:Leaping Hammer","ats:Support Order","ats:Closed Bolt Burst Fire"],"picked":"ats:Song Of Battle","floor":2},{"not_picked":["ats:Flexible Camouflage","ats:Poison Spread","ats:Consecutive Shot Auto","ats:Leaping Hammer"],"picked":"ats:Cat Scratch","floor":3},{"not_picked":["ats:Charging Defense","ats:Assault Order","ats:Absolute Focus","ats:Shell Defense"],"picked":"ats:Roar Of Ursus","floor":5},{"not_picked":["ats:Very Hot Blade","ats:Phantom","ats:Flexible Camouflage","ats:Revitalization"],"picked":"ats:Thermite Blade","floor":6},{"not_picked":["ats:Poison Spread","ats:Phantom","ats:Ignite","ats:Hook Shot"],"picked":"ats:Part Time Job","floor":8},{"not_picked":["ats:Burning Ground","ats:Cat Scratch","ats:Revitalization","ats:Assault Order"],"picked":"ats:Literary Storm","floor":13},{"not_picked":["ats:Very Hot Blade","ats:Guardian Obelisk","ats:Flexible Camouflage","ats:Shell Defense"],"picked":"ats:Rat Pack","floor":14},{"not_picked":["ats:Durian","ats:Nebulous Foxfire","ats:Volcano","ats:Rat Pack"],"picked":"ats:Wolf Pack","floor":16},{"not_picked":["ats:Apocalypse+1","ats:Guard Mode","ats:Beaten Up","ats:Curse Doll"],"picked":"ats:Sashimi Platter+1","floor":18},{"not_picked":["ats:Cat Scratch","ats:Healing Drone","ats:Apocalypse","ats:Literary Storm+1"],"picked":"ats:Guard Mode","floor":21},{"not_picked":["ats:Shadow Raid+1","ats:Ignite","ats:Revitalization","ats:Burning Ground"],"picked":"ats:Composite Medical Shells+1","floor":22},{"not_picked":["ats:Poison Spread","ats:Fractured Body","ats:Very Hot Blade","ats:Cat Scratch+1"],"picked":"ats:Thorns","floor":23},{"not_picked":["ats:Steam Pump","ats:Revitalization","ats:Song Of Battle+1","ats:LN2 Cannon"],"picked":"ats:Blood Oath","floor":24},{"not_picked":["ats:Very Hot Blade","ats:Blood Oath","ats:Assault Order","ats:Shell Defense+1"],"picked":"ats:Absolute Focus+1","floor":25},{"not_picked":["ats:Flexible Camouflage+1","ats:Poison Spread","ats:Curse Doll","ats:Mental Burst"],"picked":"ats:Soul Rend","floor":29},{"not_picked":["ats:Poison Spread","ats:Curse Doll+1","ats:Hammer On","ats:Explosion Area Strengthen"],"picked":"ats:Red Shift","floor":30},{"not_picked":["ats:Wolf Pack+1","ats:Durian+1","ats:Soul Rend+1","ats:Calcification+1"],"picked":"ats:Disruption Kick+1","floor":33},{"not_picked":["ats:Leaping Hammer","ats:Blood Oath+1","ats:Cat Scratch+1","ats:Hammer On+1"],"picked":"ats:Very Hot Blade","floor":35},{"not_picked":["ats:Assault Order","ats:Poison Spread+1","ats:Explosion Area Strengthen","ats:Blood Oath"],"picked":"ats:Thorns","floor":36},{"not_picked":["ats:Shell Defense","ats:Leaping Hammer","ats:Healing Drone+1","ats:Hammer On+1"],"picked":"ats:Roar Of Ursus+1","floor":37},{"not_picked":["ats:Shell Defense+1","ats:Flexible Camouflage","ats:Assault Order","ats:Curse Doll+1"],"picked":"ats:Part Time Job","floor":38},{"not_picked":["ats:Neurotoxin+1","ats:Support Order","ats:Cat Scratch+1","ats:Shell Defense"],"picked":"ats:Absolute Focus","floor":40},{"not_picked":["ats:Literary Storm","ats:Beaten Up","ats:Curse Doll","ats:Explosion Area Strengthen+1"],"picked":"ats:Spore Proliferation+1","floor":42},{"not_picked":["ats:Leaping Hammer+1","ats:Mental Burst+1","ats:Magnetic Hammer","ats:Rat Pack+1"],"picked":"ats:Phantom","floor":45},{"not_picked":["ats:Serious Mode","ats:Shell Defense+1","ats:Encircling Forest","ats:Curse Doll+1"],"picked":"ats:Demon Strength","floor":47},{"not_picked":["ats:Revitalization","ats:Curse Doll","ats:Leaping Hammer+1","ats:Song Of Battle"],"picked":"ats:LN2 Cannon","floor":55}],"player_experience":356001,"relics_obtained":[{"floor":1,"key":"SynthV:TestCard"},{"floor":6,"key":"ats:Originium"},{"floor":6,"key":"ArrowTower"},{"floor":8,"key":"ats:Originium"},{"floor":8,"key":"Snack Pack"},{"floor":14,"key":"ats:Originium"},{"floor":14,"key":"AT_BladeRuinedKing"},{"floor":23,"key":"ats:Originium"},{"floor":23,"key":"Dota2Spire:PowerTreads"},{"floor":25,"key":"MagicDraw4"},{"floor":26,"key":"qcfpunch:Red_Headband"},{"floor":29,"key":"REME_PuzzleBoxRelic"},{"floor":37,"key":"CatCart"},{"floor":40,"key":"AT_BellowingDragoncrestRing"},{"floor":42,"key":"Dota2Spire:EchoSabre"},{"floor":43,"key":"ats:Spiritual Recovery"},{"floor":47,"key":"REME_HourglassOfDeath"},{"floor":55,"key":"Bag of Marbles"}],"event_choices":[{"damage_healed":0,"gold_gain":0,"player_choice":"Take Wound","damage_taken":0,"relics_obtained":["Golden Idol"],"max_hp_gain":0,"max_hp_loss":0,"event_name":"Golden Idol","floor":4,"gold_loss":0,"cards_obtained":["Injury"]},{"cards_removed":["ats:Strike S"],"damage_healed":0,"gold_gain":0,"player_choice":"Purged","damage_taken":0,"max_hp_gain":0,"max_hp_loss":0,"event_name":"Purifier","floor":11,"gold_loss":0},{"damage_healed":0,"gold_gain":0,"player_choice":"Gave Idol","damage_taken":0,"relics_obtained":["Bloody Idol"],"max_hp_gain":0,"max_hp_loss":0,"event_name":"Forgotten Altar","floor":19,"relics_lost":["Golden Idol"],"gold_loss":0},{"damage_healed":0,"gold_gain":0,"player_choice":"Upgraded Two","damage_taken":0,"max_hp_gain":0,"max_hp_loss":0,"event_name":"Designer","floor":27,"gold_loss":40,"cards_upgraded":["ats:Rat Pack","ats:Blood Oath"]},{"damage_healed":0,"gold_gain":0,"player_choice":"Fight","damage_taken":0,"max_hp_gain":0,"max_hp_loss":0,"event_name":"OrinTheCat","floor":37,"gold_loss":0}],"is_beta":false,"boss_relics":[{"not_picked":["GuanYuAspect","testmod-KeyOfTheVoid"],"picked":"Dota2Spire:Bloodstone"},{"not_picked":["Cursed Key","testmod-StringDisintegrator"],"picked":"Dota2Spire:RefresherOrb"}],"items_purged_floors":[48],"is_endless":false,"potions_floor_spawned":[2,8,13,14,18,30,33,36,37,38,42,47],"ascension_level":1}}