{"host":"dv29tre2e7vje47n","time":1612859651,"event":{"mods":["AchievementEnabler","BaseMod","Colored Map","Colored Powertips","DeckTracker","Displayed Cursed Tome","Downfall","Friendly Minions","Googly Eyes","Highlight Path","Infinite Spire","Key Reminder","Minty Spire (QoL Compilation)","Quick Restart","Random Character Button","Rare Cards Sparkle","Relic Sorter","Relic Stats","Replay The Spire","Spire Arcade","Spire Birthday Party","StSLib","SuperFastMode","Unceasing Turn Reminder"],"gold_per_floor":[99,99,99,164,164,189,215,53,86,102,102,122,452,452,462,462,462,462],"floor_reached":16,"language":"ENG","playtime":740,"items_purged":["sneckomod:Strike"],"score":148,"play_id":"85c657c3-e2f4-4e02-939f-cbe8579e2180","local_time":"20210209093411","is_ascension_mode":true,"campfire_choices":[{"floor":1,"key":"DIG"},{"data":"sneckomod:TailWhip","floor":11,"key":"SMITH"}],"circlet_count":0,"master_deck":["sneckomod:Strike","sneckomod:Strike","sneckomod:Defend","sneckomod:Defend","sneckomod:Defend","sneckomod:TailWhip+1","sneckomod:SnekBite","sneckomod:Unknown","sneckomod:Unknown","sneckomod:DiceBlock","sneckomod:SoulRoll","sneckomod:UnknownDraw","sneckomod:UnknownX","sneckomod:UnknownExhaust","sneckomod:CheapStock","sneckomod:IronFang","sneckomod:UnknownStrength","sneckomod:DefensiveFlair","PanicButton","sneckomod:SnakeSap"],"relics":["sneckomod:SneckoSoul","downfall:HeartsMalice","Replay:Bottled Flurry","HornCleat","infinitespire:Broken Mirror","Bag of Marbles","Lantern","Old Coin"],"acts_visited":["Exordium"],"potions_floor_usage":[],"damage_taken":[{"damage":0,"enemies":"Jaw Worm","floor":2,"turns":1},{"damage":0,"enemies":"Cultist","floor":3,"turns":1},{"damage":0,"enemies":"2 Louse","floor":5,"turns":1},{"damage":21,"enemies":"3 Sentries","floor":6,"turns":10},{"damage":0,"enemies":"downfall:FleeingMerchant","floor":8,"turns":4},{"damage":0,"enemies":"Gremlin Nob","floor":9,"turns":3},{"damage":7,"enemies":"Red Slaver","floor":10,"turns":3},{"damage":0,"enemies":"2 Fungi Beasts","floor":12,"turns":3},{"damage":5,"enemies":"3 Sentries","floor":13,"turns":4},{"damage":0,"enemies":"Gremlin Gang","floor":15,"turns":4},{"damage":71,"enemies":"DF_ARCHETYPE_STREAMLINE","floor":16,"turns":14}],"seed_played":"3150046394027209179","potions_obtained":[{"floor":4,"key":"BlessingOfTheForge"},{"floor":9,"key":"Block Potion"},{"floor":10,"key":"FearPotion"}],"is_trial":false,"path_per_floor":["R_BF","M","M","?","M","E","T","$","E","M","R","M","E","?","M","B"],"character_chosen":"THE_SNECKO","items_purchased":["sneckomod:CheapStock"],"campfire_rested":0,"item_purchase_floors":[8],"current_hp_per_floor":[90,90,90,90,90,69,69,69,69,62,62,62,57,57,57,0,0,0],"gold":462,"neow_bonus":"THREE_ENEMY_KILL","is_daily":false,"chose_seed":false,"campfire_upgraded":1,"win_rate":0.0,"timestamp":1612859651,"path_taken":["R_BF","M","M","?","M","E","T","$","E","?","R","M","E","?","M","BOSS"],"items_purchased_type":["Card"],"build_version":"2020-12-22","purchased_purges":1,"victory":false,"max_hp_per_floor":[90,90,90,90,90,90,90,90,90,90,90,90,90,90,90,90,90,90],"relic_stats":{"counters":[11,43],"obtain_stats":[{"Lantern":9,"HornCleat":4,"infinitespire:Broken Mirror":6,"downfall:HeartsMalice":0,"Replay:Bottled Flurry":1,"Bag of Marbles":7,"sneckomod:SneckoSoul":0,"Old Coin":13},{"Lantern":6,"HornCleat":2,"infinitespire:Broken Mirror":4,"downfall:HeartsMalice":0,"Replay:Bottled Flurry":0,"Bag of Marbles":4,"sneckomod:SneckoSoul":0,"Old Coin":9},{"Lantern":16,"HornCleat":0,"infinitespire:Broken Mirror":9,"downfall:HeartsMalice":0,"Replay:Bottled Flurry":0,"Bag of Marbles":9,"sneckomod:SneckoSoul":0,"Old Coin":25}]},"card_choices":[{"not_picked":["sneckomod:QuickBite","sneckomod:UnknownCommonAttack"],"picked":"sneckomod:DiceBlock","floor":2},{"not_picked":["sneckomod:Unknown2Cost","sneckomod:RainOfDice","sneckomod:DiceBlock"],"picked":"SKIP","floor":3},{"not_picked":["sneckomod:SoulCleanse","sneckomod:IronFang"],"picked":"sneckomod:SoulRoll","floor":4},{"not_picked":["sneckomod:Nope","sneckomod:UnknownCommonAttack"],"picked":"sneckomod:UnknownDraw","floor":5},{"not_picked":["sneckomod:DiceBoulder","sneckomod:UnknownUncommonAttack"],"picked":"sneckomod:UnknownX","floor":6},{"not_picked":["sneckomod:Unknown1Cost","sneckomod:UnknownDraw"],"picked":"sneckomod:UnknownExhaust","floor":8},{"not_picked":["sneckomod:Unknown1Cost","sneckomod:RainOfDice"],"picked":"sneckomod:IronFang","floor":9},{"not_picked":["sneckomod:SoulDraw","sneckomod:DiceCrush"],"picked":"sneckomod:UnknownStrength","floor":10},{"not_picked":["sneckomod:UnknownX","sneckomod:UnknownCommonSkill"],"picked":"sneckomod:DefensiveFlair","floor":12},{"not_picked":["sneckomod:SoulRoll","sneckomod:UnknownCommonSkill","sneckomod:DefensiveFlair"],"picked":"SKIP","floor":13},{"not_picked":["sneckomod:QuickMove","sneckomod:SoulDraw"],"picked":"sneckomod:SnakeSap","floor":15}],"player_experience":138723,"relics_obtained":[{"floor":1,"key":"Replay:Bottled Flurry"},{"floor":4,"key":"HornCleat"},{"floor":6,"key":"infinitespire:Broken Mirror"},{"floor":7,"key":"Bag of Marbles"},{"floor":9,"key":"Lantern"},{"floor":13,"key":"Old Coin"}],"event_choices":[],"is_beta":false,"boss_relics":[],"items_purged_floors":[8],"is_endless":false,"potions_floor_spawned":[9,10,12,13],"killed_by":"DF_ARCHETYPE_STREAMLINE","ascension_level":1}}