{"host":"dh4nu8nelr2izibb","time":1612831923,"event":{"mods":["100% Spire Juice","BaseMod","Card Forge","Displayed Cursed Tome","HololiveMod","Marisa????????","Minty Spire (QoL Compilation)","Poor People Problems","Puzzle Mod","Quick Restart","Relic Filter","StSLib","The Marked","The Servant 0.9.4","WarShipGirlsR/????R mod","Yakumo Yukari mod"],"gold_per_floor":[110,129,140,156,156,156,166,195,221,247,247,259,259,259,259,333,333,333,333,333,6,6,6,6,6,6,6,6,6,6,6,6,6,6,6,6,6,6,6,6,6,0,0,0,0,0,0,0,0,0,0,0],"floor_reached":51,"language":"ENG","playtime":2549,"items_purged":["Strike_G"],"score":1516,"play_id":"84870c23-1877-4855-9837-70aa587256d1","local_time":"20210208195203","is_ascension_mode":true,"campfire_choices":[{"data":"All Out Attack","floor":6.0,"key":"SMITH"},{"data":"Predator","floor":11.0,"key":"SMITH"},{"floor":13.0,"key":"REST"},{"data":"A Thousand Cuts","floor":15.0,"key":"SMITH"},{"floor":23.0,"key":"REST"},{"floor":25.0,"key":"REST"},{"data":"After Image","floor":27.0,"key":"SMITH"},{"data":"Footwork","floor":32.0,"key":"SMITH"},{"floor":47,"key":"REST"},{"floor":49,"key":"REST"}],"circlet_count":0,"master_deck":["AscendersBane","Strike_G","Strike_G","Defend_G","Defend_G","Defend_G","Defend_G","Survivor","Neutralize+1","Dash","Predator+1","All Out Attack+1","Prepared","Quick Slash","Noxious Fumes","Flying Knee","Acrobatics","A Thousand Cuts+1","Adrenaline","Footwork+1","Blur+1","Blade Dance+1","After Image+1","Blade Dance+1","Backflip","Leg Sweep","Acrobatics","Slice","Deflect","Terror+1","Accuracy","Dash+1"],"relics":["Ring of the Snake","Hammer of Thor","Seething Fire","Anvil of the Gods","Dream Catcher","Bronze Scales","Potion Belt","Toy Ornithopter","Ectoplasm","Centennial Puzzle","Blood Vial","Turnip","Hololive_Finger","Paper Crane","Juzu Bracelet"],"acts_visited":["Exordium","TheCity","TheBeyond"],"potions_floor_usage":[40,50,50],"damage_taken":[{"damage":3.0,"enemies":"Small Slimes","floor":1.0,"turns":5.0},{"damage":0.0,"enemies":"Cultist","floor":2.0,"turns":4.0},{"damage":2.0,"enemies":"2 Louse","floor":3.0,"turns":3.0},{"damage":6.0,"enemies":"Gremlin Gang","floor":4.0,"turns":4.0},{"damage":0.0,"enemies":"Large Slime","floor":7.0,"turns":4.0},{"damage":27.0,"enemies":"3 Sentries","floor":8.0,"turns":7.0},{"damage":10.0,"enemies":"Lagavulin","floor":10.0,"turns":5.0},{"damage":0.0,"enemies":"Exordium Thugs","floor":12.0,"turns":3.0},{"damage":34.0,"enemies":"Slime Boss","floor":16.0,"turns":7.0},{"damage":5.0,"enemies":"Chosen","floor":18.0,"turns":4.0},{"damage":16.0,"enemies":"Shell Parasite","floor":19.0,"turns":6.0},{"damage":16.0,"enemies":"Snecko","floor":20.0,"turns":5.0},{"damage":1.0,"enemies":"Snake Plant","floor":22.0,"turns":4.0},{"damage":23.0,"enemies":"Gremlin Leader","floor":24.0,"turns":5.0},{"damage":4.0,"enemies":"Centurion and Healer","floor":28.0,"turns":3.0},{"damage":0.0,"enemies":"Book of Stabbing","floor":29.0,"turns":5.0},{"damage":0.0,"enemies":"Cultist and Chosen","floor":30.0,"turns":6.0},{"damage":5.0,"enemies":"Snecko","floor":31.0,"turns":5.0},{"damage":0.0,"enemies":"Automaton","floor":33.0,"turns":9.0},{"damage":0.0,"enemies":"Orb Walker","floor":35.0,"turns":3.0},{"damage":5.0,"enemies":"3 Darklings","floor":37.0,"turns":4.0},{"damage":4.0,"enemies":"Maw","floor":38.0,"turns":8.0},{"damage":56,"enemies":"Reptomancer","floor":40,"turns":7},{"damage":1,"enemies":"Spire Growth","floor":41,"turns":5},{"damage":17,"enemies":"Sphere and 2 Shapes","floor":42,"turns":6},{"damage":0,"enemies":"Maw","floor":48,"turns":7},{"damage":12,"enemies":"Awakened One","floor":50,"turns":15},{"damage":71,"enemies":"Time Eater","floor":51,"turns":13}],"seed_played":"-566116499593169192","potions_obtained":[{"floor":3.0,"key":"AttackPotion"},{"floor":7.0,"key":"SteroidPotion"},{"floor":8.0,"key":"DistilledChaos"},{"floor":10.0,"key":"SkillPotion"},{"floor":16.0,"key":"Energy Potion"},{"floor":19.0,"key":"Ancient Potion"},{"floor":28.0,"key":"FearPotion"},{"floor":29.0,"key":"Fruit Juice"},{"floor":31.0,"key":"LiquidMemories"},{"floor":33.0,"key":"Fruit Juice"},{"floor":35.0,"key":"Energy Potion"},{"floor":37.0,"key":"Fire Potion"},{"floor":38.0,"key":"LiquidBronze"},{"floor":48,"key":"DistilledChaos"}],"is_trial":false,"path_per_floor":["M","M","M","M","?","R","M","E","T","E","R","M","R","?","R","B",null,"M","M","M","$","M","R","E","R","T","R","M","E","M","M","R","B",null,"M","?","M","M","$","E","M","M","T","$","?","$","R","M","R","B","B"],"character_chosen":"THE_SILENT","items_purchased":["Blade Dance","After Image","FearPotion"],"campfire_rested":5,"item_purchase_floors":[21,21,21],"current_hp_per_floor":[56,56,54,48,66,66,66,39,39,29,29,29,48,48,48,19,54,49,33,22,22,21,40,17,36,36,36,34,51,58,55,55,67,70,71,71,66,68,68,24,25,10,10,10,10,10,32,34,56,56,0,0],"gold":0,"neow_bonus":"RANDOM_COMMON_RELIC","is_daily":false,"chose_seed":false,"campfire_upgraded":5,"win_rate":0.0,"timestamp":1612831923,"path_taken":["M","M","M","M","?","R","M","E","T","E","R","?","R","?","R","BOSS","M","M","?","$","M","R","E","R","T","R","M","E","M","M","R","BOSS","M","?","M","M","?","E","M","M","T","$","?","$","R","M","R","BOSS","BOSS"],"items_purchased_type":["Card","Card","Potion"],"build_version":"2020-12-22","purchased_purges":1,"victory":false,"max_hp_per_floor":[66,66,66,66,66,66,66,66,66,66,66,66,66,66,66,66,66,66,66,66,66,66,66,66,66,66,66,66,71,71,71,71,71,71,71,71,71,71,71,76,76,76,76,76,76,76,76,76,76,76,76,76],"card_choices":[{"not_picked":["Sucker Punch","Outmaneuver"],"picked":"Dash","floor":1.0},{"not_picked":["Deflect","Acrobatics"],"picked":"Predator","floor":2.0},{"not_picked":["Outmaneuver","Bane"],"picked":"Crippling Poison","floor":3.0},{"not_picked":["Sucker Punch","PiercingWail"],"picked":"All Out Attack","floor":4.0},{"not_picked":["Flechettes","Deadly Poison"],"picked":"Prepared","floor":7.0},{"not_picked":["Underhanded Strike","Well Laid Plans"],"picked":"Quick Slash","floor":8.0},{"not_picked":["Dagger Spray","Dodge and Roll"],"picked":"Noxious Fumes","floor":10.0},{"not_picked":["Slice","Backstab"],"picked":"Flying Knee","floor":12.0},{"not_picked":["Venomology","Accuracy"],"picked":"Acrobatics","floor":13.0},{"not_picked":["Glass Knife","Phantasmal Killer"],"picked":"Adrenaline","floor":16.0},{"not_picked":["Caltrops","Slice","Outmaneuver"],"picked":"SKIP","floor":18.0},{"not_picked":["Outmaneuver+1","Infinite Blades"],"picked":"Footwork","floor":19.0},{"not_picked":["Prepared+1","Bouncing Flask+1"],"picked":"Blur+1","floor":20.0},{"not_picked":["Bouncing Flask","All Out Attack"],"picked":"Blade Dance","floor":22.0},{"not_picked":["Bullet Time","Escape Plan"],"picked":"Backflip","floor":24.0},{"not_picked":["Catalyst","Malaise"],"picked":"Leg Sweep","floor":28.0},{"not_picked":["Bane","Sucker Punch"],"picked":"Acrobatics","floor":29.0},{"not_picked":["Deflect+1","Acrobatics"],"picked":"Slice","floor":30.0},{"not_picked":["Backstab+1","Underhanded Strike","Corpse Explosion"],"picked":"SKIP","floor":31.0},{"not_picked":["Deflect","Underhanded Strike","Eviscerate"],"picked":"SKIP","floor":35.0},{"not_picked":["Underhanded Strike","Eviscerate"],"picked":"Deflect","floor":35.0},{"not_picked":["Flying Knee","Bouncing Flask","Dash"],"picked":"SKIP","floor":37.0},{"not_picked":["Bane","Deflect"],"picked":"Terror+1","floor":38.0},{"not_picked":["Storm of Steel","Glass Knife","Endless Agony+1"],"picked":"SKIP","floor":40},{"not_picked":["Acrobatics","Sucker Punch"],"picked":"Accuracy","floor":41},{"not_picked":["Dash+1","Expertise","Dodge and Roll"],"picked":"SKIP","floor":42},{"not_picked":["Expertise","Dodge and Roll"],"picked":"Dash+1","floor":42},{"not_picked":["Quick Slash","Underhanded Strike+1","Doppelganger"],"picked":"SKIP","floor":48}],"player_experience":1149279,"relics_obtained":[{"floor":8.0,"key":"Bronze Scales"},{"floor":9.0,"key":"Potion Belt"},{"floor":10.0,"key":"Toy Ornithopter"},{"floor":24.0,"key":"Centennial Puzzle"},{"floor":26.0,"key":"Blood Vial"},{"floor":29.0,"key":"Turnip"},{"floor":40,"key":"Paper Crane"},{"floor":43,"key":"Juzu Bracelet"}],"event_choices":[{"cards_removed":["Crippling Poison"],"damage_healed":18.0,"max_hp_gain":0.0,"max_hp_loss":0.0,"gold_gain":0.0,"event_name":"Bonfire Elementals","player_choice":"Offered Uncommon","floor":5.0,"gold_loss":0.0,"damage_taken":0.0},{"damage_healed":0.0,"max_hp_gain":0.0,"max_hp_loss":0.0,"gold_gain":0.0,"event_name":"Match and Keep!","player_choice":"1 cards matched","floor":14.0,"gold_loss":0.0,"damage_taken":0.0,"cards_obtained":["A Thousand Cuts"]}],"is_beta":false,"boss_relics":[{"not_picked":["Hololive_TopUpMoneyS","SacredBark"],"picked":"Ectoplasm"},{"not_picked":["Ring of the Serpent","WristBlade"],"picked":"Hololive_Finger"}],"items_purged_floors":[21],"is_endless":false,"potions_floor_spawned":[3,7,8,10,16,19,28,29,31,33,35,37,38,48],"killed_by":"Time Eater","ascension_level":20}}