{"host":"2zu58scgr3ekv4lr","time":1612830011,"event":{"mods":["AchievementEnabler","BaseMod","Minty Spire (QoL Compilation)","Quick Restart","StSLib","The Cursed"],"gold_per_floor":[113,113,129,129,229,260,185,205,205,228,228,246,286,160,160,284,284,299,299,318,332,332,332,0,0,25,25,35,35,67,83,83,185,185,199,212,51,0,0,0,26,36,63,63,89,89,105,119,119,119],"floor_reached":51,"language":"ENG","playtime":2028,"items_purged":["Strike_B","Defend_B","Strike_B"],"score":760,"play_id":"f275ac96-6826-4346-b3fd-a74ff0b3a49e","local_time":"20210209012011","is_ascension_mode":false,"campfire_choices":[{"data":"Static Discharge","floor":11,"key":"SMITH"},{"data":"Gash","floor":15,"key":"SMITH"},{"floor":23,"key":"REST"},{"data":"Echo Form","floor":25,"key":"SMITH"},{"data":"Double Energy","floor":27,"key":"SMITH"},{"floor":32,"key":"REST"},{"data":"Static Discharge","floor":40,"key":"SMITH"},{"floor":44,"key":"REST"},{"floor":49,"key":"REST"}],"circlet_count":0,"master_deck":["Strike_B","Strike_B","Defend_B","Defend_B","Defend_B","Zap","Dualcast","Aggregate","Gash","Rainbow","Turbo","Static Discharge+1","Leap","Gash+1","Ball Lightning","Echo Form+1","CurseOfTheBell","Double Energy+1","Static Discharge+1","Defragment+1","Biased Cognition","Defragment+1","Gash","Static Discharge+1","BootSequence","Redo+1"],"relics":["Cracked Core","NeowsBlessing","Bloody Idol","InkBottle","Lizard Tail","Darkstone Periapt","Mercury Hourglass","Calling Bell","Lantern","The Courier","Bird Faced Urn","MutagenicStrength","Bag of Marbles","Kunai","Inserter","Red Mask","Bottled Tornado","Orichalcum","White Beast Statue"],"acts_visited":["Exordium","TheCity","TheBeyond"],"potions_floor_usage":[30,31,33,41,47,50],"damage_taken":[{"damage":0,"enemies":"Cultist","floor":1,"turns":1},{"damage":0,"enemies":"Jaw Worm","floor":3,"turns":1},{"damage":0,"enemies":"Gremlin Nob","floor":6,"turns":1},{"damage":5,"enemies":"Small Slimes","floor":8,"turns":5},{"damage":1,"enemies":"Red Slaver","floor":10,"turns":3},{"damage":10,"enemies":"Blue Slaver","floor":12,"turns":4},{"damage":6,"enemies":"Lagavulin","floor":13,"turns":5},{"damage":30,"enemies":"Slime Boss","floor":16,"turns":5},{"damage":3,"enemies":"3 Byrds","floor":18,"turns":2},{"damage":18,"enemies":"Shell Parasite","floor":20,"turns":4},{"damage":37,"enemies":"Centurion and Healer","floor":21,"turns":5},{"damage":8,"enemies":"3 Cultists","floor":28,"turns":4},{"damage":45,"enemies":"Slavers","floor":30,"turns":2},{"damage":11,"enemies":"Snecko","floor":31,"turns":3},{"damage":51,"enemies":"Champ","floor":33,"turns":9},{"damage":4,"enemies":"3 Shapes","floor":35,"turns":4},{"damage":23,"enemies":"Orb Walker","floor":36,"turns":3},{"damage":100,"enemies":"Nemesis","floor":41,"turns":5},{"damage":18,"enemies":"Sphere and 2 Shapes","floor":42,"turns":3},{"damage":15,"enemies":"Giant Head","floor":45,"turns":6},{"damage":19,"enemies":"Writhing Mass","floor":47,"turns":3},{"damage":25,"enemies":"Jaw Worm Horde","floor":48,"turns":3},{"damage":52,"enemies":"Time Eater","floor":50,"turns":4}],"seed_played":"-8118361410657349100","potions_obtained":[{"floor":6,"key":"Block Potion"},{"floor":10,"key":"EssenceOfSteel"},{"floor":13,"key":"Explosive Potion"},{"floor":18,"key":"AttackPotion"},{"floor":33,"key":"Energy Potion"},{"floor":41,"key":"Block Potion"},{"floor":47,"key":"Swift Potion"},{"floor":48,"key":"Ancient Potion"}],"is_trial":false,"path_per_floor":["M","?","M","?","?","E","$","M","T","M","R","M","E","$","R","B",null,"M","?","M","M","?","R","?","R","T","R","M","$","E","M","R","B",null,"M","M","$","?","?","R","E","M","T","R","E","$","M","M","R","B",null],"character_chosen":"DEFECT","items_purchased":["Ball Lightning","Static Discharge"],"campfire_rested":4,"item_purchase_floors":[14,37],"current_hp_per_floor":[75,69,69,66,66,66,66,61,61,60,60,50,44,44,44,14,75,72,72,61,33,33,55,55,55,60,60,59,59,27,31,53,17,75,75,59,59,59,59,59,40,41,46,67,65,65,61,57,71,31],"gold":119,"neow_bonus":"THREE_ENEMY_KILL","is_daily":false,"chose_seed":false,"campfire_upgraded":5,"win_rate":0.0,"timestamp":1612830011,"path_taken":["M","?","M","?","?","E","$","?","T","M","R","M","E","$","R","BOSS","M","?","M","M","?","R","?","R","T","R","M","?","E","M","R","BOSS","M","M","$","?","?","R","E","M","T","R","E","$","M","M","R","BOSS"],"items_purchased_type":["Card","Card"],"build_version":"2020-12-22","purchased_purges":3,"victory":true,"max_hp_per_floor":[75,69,69,69,69,69,69,69,69,69,69,69,69,69,69,69,75,75,75,75,75,75,75,75,75,75,75,75,75,75,75,75,75,75,75,75,75,75,71,71,71,71,71,71,71,71,71,71,71,71],"card_choices":[{"not_picked":["Rebound","Beam Cell"],"picked":"Aggregate","floor":1},{"not_picked":["Beam Cell","Stack"],"picked":"Gash","floor":3},{"not_picked":["Self Repair","Glacier"],"picked":"Rainbow","floor":6},{"not_picked":["Reinforced Body","Streamline"],"picked":"Turbo","floor":8},{"not_picked":["Hologram","Steam Power"],"picked":"Static Discharge","floor":10},{"not_picked":["Recycle","Streamline"],"picked":"Leap","floor":12},{"not_picked":["Ball Lightning","Streamline"],"picked":"Gash","floor":13},{"not_picked":["Fission","Amplify"],"picked":"Echo Form","floor":16},{"not_picked":["White Noise","Double Energy","Recycle"],"picked":"SKIP","floor":18},{"not_picked":["White Noise","Recycle"],"picked":"Double Energy","floor":18},{"not_picked":["Rebound+1","Melter+1"],"picked":"Static Discharge+1","floor":20},{"not_picked":["Coolheaded+1","Force Field","Beam Cell"],"picked":"SKIP","floor":21},{"not_picked":["Conserve Battery","White Noise","Sweeping Beam"],"picked":"SKIP","floor":28},{"not_picked":["Beam Cell","Steam"],"picked":"Defragment+1","floor":30},{"not_picked":["Conserve Battery","Chill","Beam Cell"],"picked":"SKIP","floor":31},{"not_picked":["Meteor Strike","Amplify"],"picked":"Biased Cognition","floor":33},{"not_picked":["Coolheaded","Conserve Battery+1"],"picked":"Defragment+1","floor":35},{"not_picked":["Compile Driver","Tempest+1"],"picked":"Gash","floor":36},{"not_picked":["Go for the Eyes+1","Cold Snap+1","Chill"],"picked":"SKIP","floor":41},{"not_picked":["Leap","Buffer"],"picked":"BootSequence","floor":42},{"not_picked":["Go for the Eyes","Genetic Algorithm+1"],"picked":"Redo+1","floor":45},{"not_picked":["Ball Lightning+1","Reinforced Body+1","Hello World+1"],"picked":"SKIP","floor":47},{"not_picked":["Barrage+1","Streamline+1","Turbo+1"],"picked":"SKIP","floor":48}],"player_experience":23877,"relics_obtained":[{"floor":6,"key":"Lizard Tail"},{"floor":9,"key":"Darkstone Periapt"},{"floor":13,"key":"Mercury Hourglass"},{"floor":17,"key":"Lantern"},{"floor":17,"key":"The Courier"},{"floor":17,"key":"Bird Faced Urn"},{"floor":26,"key":"Bag of Marbles"},{"floor":30,"key":"Kunai"},{"floor":41,"key":"Bottled Tornado"},{"floor":43,"key":"Orichalcum"},{"floor":45,"key":"White Beast Statue"}],"event_choices":[{"damage_healed":0,"gold_gain":0,"player_choice":"Lose Max HP","damage_taken":0,"relics_obtained":["Golden Idol"],"max_hp_gain":0,"max_hp_loss":6,"event_name":"Golden Idol","floor":2,"gold_loss":0},{"damage_healed":0,"gold_gain":0,"player_choice":"Success","damage_taken":3,"relics_obtained":["InkBottle"],"max_hp_gain":0,"max_hp_loss":0,"event_name":"Scrap Ooze","floor":4,"gold_loss":0},{"damage_healed":0,"gold_gain":100,"player_choice":"Pray","damage_taken":0,"max_hp_gain":0,"max_hp_loss":0,"event_name":"Golden Shrine","floor":5,"gold_loss":0},{"damage_healed":0,"gold_gain":0,"player_choice":"Gave Idol","damage_taken":0,"relics_obtained":["Bloody Idol"],"max_hp_gain":0,"max_hp_loss":0,"event_name":"Forgotten Altar","floor":19,"relics_lost":["Golden Idol"],"gold_loss":0},{"damage_healed":0,"gold_gain":0,"player_choice":"Inject Mutagens","damage_taken":0,"relics_obtained":["MutagenicStrength"],"max_hp_gain":0,"max_hp_loss":0,"event_name":"Drug Dealer","floor":22,"gold_loss":0},{"damage_healed":0,"gold_gain":0,"player_choice":"Paid Fearfully","damage_taken":0,"max_hp_gain":0,"max_hp_loss":0,"event_name":"Masked Bandits","floor":24,"gold_loss":332},{"damage_healed":0,"gold_gain":0,"player_choice":"Paid","damage_taken":0,"relics_obtained":["Red Mask"],"max_hp_gain":0,"max_hp_loss":0,"event_name":"Tomb of Lord Red Mask","floor":38,"gold_loss":51},{"damage_healed":0,"gold_gain":0,"player_choice":"Max HP","damage_taken":0,"max_hp_gain":0,"max_hp_loss":4,"event_name":"Winding Halls","floor":39,"gold_loss":0}],"is_beta":false,"boss_relics":[{"not_picked":["Empty Cage","Tiny House"],"picked":"Calling Bell"},{"not_picked":["SlaversCollar","Nuclear Battery"],"picked":"Inserter"}],"items_purged_floors":[7,14,37],"is_endless":false,"potions_floor_spawned":[6,10,13,18,28,33,41,47,48],"ascension_level":0}}