{"host":"87fdiiwflhrwsj8a","time":1612897286,"event":{"mods":["Aspiration","BaseMod","Better Match","Better Third Choice","BetterRewards","Colored Map","Conspire","GifTheSpireLib","Infinite Spire","Minty Spire (QoL Compilation)","Quick Restart","Relic Sorter","Replay The Spire","StSLib","Stuff the Spire","The Marked","The Servant 0.9.4"],"gold_per_floor":[116,116,131,144,144,170,170,200,227,227,255,255,271,281,281,386,386,403,318,318,318,329,329,363,377,377,377,410,425,425,10,10,109,109,121,134,134,153,20,53,53,81,154,182,195,295,295,309,309,309,309,309,19,47,47],"floor_reached":56,"language":"ENG","playtime":6738,"items_purged":[],"score":2537,"play_id":"e2317522-7574-4934-b7f6-1a80d9d12861","local_time":"20210209140126","is_ascension_mode":true,"campfire_choices":[{"data":"Master of Strategy","floor":7.0,"key":"SMITH"},{"data":"FloweringNight","floor":12.0,"key":"SMITH"},{"data":"Starlight","floor":15.0,"key":"SMITH"},{"data":"ShatteredReality","floor":23.0,"key":"SMITH"},{"data":"Potential","floor":30.0,"key":"SMITH"},{"data":"Comet","floor":32.0,"key":"SMITH"},{"data":"TheWorld","floor":41.0,"key":"SMITH"},{"floor":47,"key":"RECALL"},{"floor":49,"key":"DIG"},{"data":"infinitespire:FutureSight","floor":52,"key":"SMITH"}],"circlet_count":0,"master_deck":["Strike_S+1","Strike_S+1","Defend_S+1","Defend_S+1","Defend_S+1","KidneyShot","Exchange","TheWorld+1","Master of Strategy+1","Comet+1","FloweringNight+1","ShatteredReality+1","Finesse","ShatteredReality+1","MoonPhase+1","Rearm","FlawlessForm+1","Starlight+1","SilverMatrix+1","TimeWarp+1","Potential+1","Solidify+1","Violence","TheWorld+1","Potential+1","ShatteredReality+1","Starlight+1","Metamorphosis+1","Contraction+1","Luminosity+1","WasteNot+1","infinitespire:FutureSight+1","Rewind+1","Deep Breath"],"relics":["SplendidAttire","ClockworkSouvenir","PocketWatch","StuffTheSpire:ForceGauntlet","aspiration:Lifesprig","Frozen Egg 2","Mummified Hand","Blue Doll","aspiration:AnachronicSnailShell","Snack Pack","ReplayTheSpireMod:Lightbulb","Replay:Wax Seal","Matryoshka","Blood Vial","Singing Bowl","Lantern","conspire:SpecialSausage","Happy Flower","Replay:Kaleidoscope","StuffTheSpire:Rhapsscallions","Meat on the Bone","Whetstone","Pondfish Scales","ReplayTheSpireMod:Shallot","Bottled Lightning","CaptainsWheel"],"acts_visited":["Exordium","TheCity","TheBeyond","TheEnding"],"potions_floor_usage":[55,55],"damage_taken":[{"damage":1.0,"enemies":"conspire:RoseBush","floor":1.0,"turns":4.0},{"damage":0.0,"enemies":"Small Slimes","floor":3.0,"turns":1.0},{"damage":0.0,"enemies":"2 Louse","floor":4.0,"turns":2.0},{"damage":0.0,"enemies":"Gremlin Nob","floor":6.0,"turns":2.0},{"damage":0.0,"enemies":"3 Sentries","floor":8.0,"turns":2.0},{"damage":14.0,"enemies":"Replay:BlueRogue","floor":11.0,"turns":4.0},{"damage":0.0,"enemies":"Gremlin Gang","floor":13.0,"turns":2.0},{"damage":0.0,"enemies":"Blue Slaver","floor":14.0,"turns":2.0},{"damage":0.0,"enemies":"Fading Forest","floor":16.0,"turns":11.0},{"damage":0.0,"enemies":"Chosen","floor":18.0,"turns":2.0},{"damage":0.0,"enemies":"3 Byrds","floor":22.0,"turns":2.0},{"damage":0.0,"enemies":"conspire:Head Lice","floor":24.0,"turns":3.0},{"damage":0.0,"enemies":"Centurion and Healer","floor":25.0,"turns":2.0},{"damage":0.0,"enemies":"Book of Stabbing","floor":28.0,"turns":2.0},{"damage":0.0,"enemies":"Snake Plant","floor":29.0,"turns":3.0},{"damage":0.0,"enemies":"Champ","floor":33.0,"turns":4.0},{"damage":0.0,"enemies":"Orb Walker","floor":35.0,"turns":1.0},{"damage":0.0,"enemies":"3 Darklings","floor":36.0,"turns":1.0},{"damage":0.0,"enemies":"Maw","floor":38.0,"turns":2.0},{"damage":0.0,"enemies":"R_Hoarder","floor":40.0,"turns":3.0},{"damage":0.0,"enemies":"Reptomancer","floor":42.0,"turns":1.0},{"damage":0.0,"enemies":"R_Hoarder","floor":44.0,"turns":2.0},{"damage":0.0,"enemies":"Sphere and 2 Shapes","floor":45.0,"turns":1.0},{"damage":0.0,"enemies":"infinitespire:Three Voidlings","floor":46.0,"turns":1.0},{"damage":0.0,"enemies":"Nightmare_Alpha","floor":46.0,"turns":9.0},{"damage":0,"enemies":"4 Shapes","floor":48,"turns":1},{"damage":36,"enemies":"conspire:OrnateMirror","floor":50,"turns":2},{"damage":0,"enemies":"Shield and Spear","floor":54,"turns":1},{"damage":1,"enemies":"The Heart","floor":55,"turns":3}],"seed_played":"9046257704252229738","potions_obtained":[{"floor":3.0,"key":"Block Potion"},{"floor":6.0,"key":"BlessingOfTheForge"},{"floor":11.0,"key":"LiquidBronze"},{"floor":14.0,"key":"AttackPotion"},{"floor":16.0,"key":"AttackPotion"},{"floor":18.0,"key":"SteroidPotion"},{"floor":36.0,"key":"Elixir"}],"is_trial":false,"path_per_floor":["M","?","M","M","?","E","R","E","T","?","E","R","M","M","R","B",null,"M","?","?","?","M","R","E","M","T","?","E","M","R","$","R","B",null,"M","M","?","M","$","E","R","E","T","E","M","?","R","M","R_BF","B",null,"R","$","E","B",null],"character_chosen":"THE_SERVANT","items_purchased":["ClockworkSouvenir","TheWorld","StuffTheSpire:ForceGauntlet","Master of Strategy","aspiration:Lifesprig","Comet","FloweringNight","Frozen Egg 2","ShatteredReality","Finesse","Lantern","Solidify+1","Violence","Metamorphosis+1","Bottled Lightning","Deep Breath"],"campfire_rested":0,"item_purchase_floors":[0,0,0,0,0,0,0,0,0,0,31,31,31,39,53,53],"current_hp_per_floor":[17,17,17,17,17,17,17,17,17,17,3,3,5,9,9,55,63,65,65,65,65,65,65,65,65,65,65,67,69,69,69,69,69,69,69,69,71,71,71,71,71,71,72,72,74,74,74,76,76,42,68,68,68,74,78],"gold":47,"neow_bonus":"","is_daily":false,"chose_seed":false,"campfire_upgraded":8,"win_rate":0.0,"timestamp":1612897286,"path_taken":["M","?","M","M","?","E","R","E","T","?","E","R","?","M","R","BOSS","M","?","?","?","M","R","E","?","T","?","E","M","R","$","R","BOSS","M","M","?","M","$","E","R","E","T","E","M","?","R","M","R_BF","BOSS","R","$","E","BOSS"],"items_purchased_type":["Relic","Card","Relic","Card","Relic","Card","Card","Relic","Card","Card","Relic","Card","Card","Card","Relic","Card"],"build_version":"2020-12-22","purchased_purges":0,"victory":true,"max_hp_per_floor":[65,65,65,65,65,65,65,65,65,65,65,65,65,65,65,65,65,65,65,65,65,65,65,65,65,65,65,67,69,69,69,69,69,69,69,69,71,71,71,71,71,71,72,72,74,74,74,76,76,76,76,76,76,78,78],"card_choices":[{"not_picked":["Ricochet","Gouge","Unruled"],"picked":"SKIP","floor":1.0},{"not_picked":["Misdirection","ShiftingGears"],"picked":"ShatteredReality","floor":3.0},{"not_picked":["Alleviate","ShiftingGears","RealityMarble+1"],"picked":"SKIP","floor":4.0},{"not_picked":["Comet","Reset"],"picked":"MoonPhase+1","floor":6.0},{"not_picked":["Spin","DoubleEdge"],"picked":"Rearm","floor":8.0},{"not_picked":["Desolation","Unruled"],"picked":"FlawlessForm+1","floor":11.0},{"not_picked":["Shuttle","ShatteredReality"],"picked":"Starlight","floor":13.0},{"not_picked":["Unruled","FastForward","Alleviate"],"picked":"SKIP","floor":14.0},{"not_picked":["Deny","FlawlessForm+1"],"picked":"SilverMatrix+1","floor":16.0},{"not_picked":["Misdirection","Defy","Gouge"],"picked":"SKIP","floor":18.0},{"not_picked":["Starlight","Alleviate+1","Sabotage"],"picked":"SKIP","floor":22.0},{"not_picked":["Defy","Replace"],"picked":"TimeWarp+1","floor":24.0},{"not_picked":["Rearm","BottledTime+1"],"picked":"Potential","floor":25.0},{"not_picked":["Ricochet","Rearm","Gouge"],"picked":"Singing Bowl","floor":28.0},{"not_picked":["Rearm","ShiftingGears+1","Misdirection"],"picked":"Singing Bowl","floor":29.0},{"not_picked":["Dilation","ForgedInTime"],"picked":"TheWorld","floor":33.0},{"not_picked":["WasteNot+1","MoonPhase+1"],"picked":"Potential+1","floor":35.0},{"not_picked":["Rearm","Unruled+1"],"picked":"ShatteredReality+1","floor":36.0},{"not_picked":["StuffTheSpire:Ambrosia","StuffTheSpire:Innocence","StuffTheSpire:Perfection"],"picked":"Singing Bowl","floor":37.0},{"not_picked":["ShatteredReality+1","Ricochet+1"],"picked":"Starlight","floor":38.0},{"not_picked":["DoubleEdge","ForgedInTime"],"picked":"Contraction+1","floor":40.0},{"not_picked":["Starlight+1","Replace+1"],"picked":"Luminosity+1","floor":42.0},{"not_picked":["Revamp","Desolation+1"],"picked":"WasteNot+1","floor":44.0},{"not_picked":["Revamp","Spin","Read"],"picked":"Singing Bowl","floor":45.0},{"not_picked":["ReplayTheSpireMod:Echoes of Time","infinitespire:TheBestDefense"],"picked":"infinitespire:FutureSight","floor":46},{"not_picked":["RealityMarble+1","Foresight+1"],"picked":"Rewind+1","floor":46},{"not_picked":["Spin+1","ForgedInTime","Contraction"],"picked":"Singing Bowl","floor":48},{"not_picked":["StarChef+1","Ricochet","BottledTime+1"],"picked":"Singing Bowl","floor":54}],"player_experience":2647840,"relics_obtained":[{"floor":6.0,"key":"Mummified Hand"},{"floor":8.0,"key":"Blue Doll"},{"floor":11.0,"key":"Snack Pack"},{"floor":24.0,"key":"Matryoshka"},{"floor":26.0,"key":"Blood Vial"},{"floor":26.0,"key":"MealTicket"},{"floor":28.0,"key":"Singing Bowl"},{"floor":40.0,"key":"Happy Flower"},{"floor":42.0,"key":"Replay:Kaleidoscope"},{"floor":43.0,"key":"StuffTheSpire:Rhapsscallions"},{"floor":43.0,"key":"Meat on the Bone"},{"floor":44.0,"key":"Whetstone"},{"floor":46,"key":"Pondfish Scales"},{"floor":49,"key":"ReplayTheSpireMod:Shallot"},{"floor":54,"key":"CaptainsWheel"}],"event_choices":[{"damage_healed":0.0,"max_hp_gain":0.0,"max_hp_loss":0.0,"gold_gain":0.0,"event_name":"Golden Wing","player_choice":"Ignored","floor":2.0,"gold_loss":0.0,"damage_taken":0.0},{"damage_healed":0.0,"max_hp_gain":0.0,"max_hp_loss":0.0,"gold_gain":0.0,"event_name":"Living Wall","player_choice":"Grow","floor":5.0,"gold_loss":0.0,"damage_taken":0.0,"cards_upgraded":["TheWorld"]},{"damage_healed":0.0,"max_hp_gain":0.0,"max_hp_loss":0.0,"gold_gain":0.0,"event_name":"WeMeetAgain","player_choice":"Gave Potion","floor":10.0,"gold_loss":0.0,"damage_taken":0.0,"relics_obtained":["aspiration:AnachronicSnailShell"]},{"damage_healed":0.0,"max_hp_gain":0.0,"max_hp_loss":0.0,"gold_gain":0.0,"event_name":"Addict","player_choice":"Obtained Relic","floor":19.0,"gold_loss":85.0,"damage_taken":0.0,"relics_obtained":["ReplayTheSpireMod:Lightbulb"]},{"damage_healed":0.0,"max_hp_gain":0.0,"max_hp_loss":8.0,"gold_gain":0.0,"event_name":"betterThird:BetterWriting","player_choice":"Simplicity","floor":20.0,"gold_loss":0.0,"damage_taken":0.0},{"cards_removed":["Defend_S"],"damage_healed":0.0,"max_hp_gain":0.0,"max_hp_loss":0.0,"gold_gain":0.0,"event_name":"Bonfire Elementals","player_choice":"Offered Basic","floor":27.0,"gold_loss":0.0,"damage_taken":0.0},{"cards_removed":["Strike_S"],"damage_healed":0,"gold_gain":0,"player_choice":"Offered Basic","damage_taken":0,"max_hp_gain":0,"max_hp_loss":0,"event_name":"Bonfire Elementals","floor":46,"gold_loss":0}],"is_beta":false,"boss_relics":[{"not_picked":["conspire:SeveredTorchhead","Fusion Hammer"],"picked":"SplendidAttire"},{"not_picked":["ReplayTheSpireMod:SealedPack","Abe\u0027s Treasure"],"picked":"conspire:SpecialSausage"}],"items_purged_floors":[],"is_endless":false,"potions_floor_spawned":[3,6,11,14,16,18,22,25,36,38,40,45,54],"ascension_level":9}}