{"host":"a92fqxohjrzqy5rn","time":1612888353,"event":{"mods":["AchievementEnabler","BaseMod","Minty Spire (QoL Compilation)","Relic Sorter","Smile Girya"],"gold_per_floor":[111,111,8,26,26,36,64,64,111,111,111,131,52,69,69,173,173,184,184,202,222,234,249,267,28,104,104,104,104],"floor_reached":28,"language":"ENG","playtime":984,"items_purged":["Strike_R"],"score":247,"play_id":"d5c858d7-6cc1-47e3-9dbf-023b83be6269","local_time":"20210209163233","is_ascension_mode":false,"campfire_choices":[{"data":"Fire Breathing","floor":8.0,"key":"SMITH"},{"data":"Dark Embrace","floor":11.0,"key":"SMITH"},{"data":"Spot Weakness","floor":15.0,"key":"SMITH"}],"circlet_count":0,"master_deck":["Strike_R+1","Strike_R+1","Defend_R","Bash","Havoc","Sever Soul","Fire Breathing+1","Dark Embrace+1","Feel No Pain","Sentinel","Pummel","Spot Weakness+1","Clash","Barricade","Sword Boomerang+1","Havoc+1","Demon Form+1","Bloodletting+1","True Grit+1","Warcry+1","Infernal Blade","Shrug It Off+1","Iron Wave","Reaper"],"relics":["Burning Blood","NeowsBlessing","Whetstone","Vajra","Champion Belt","Astrolabe","Eternal Feather"],"acts_visited":["Exordium","TheCity"],"potions_floor_usage":[16,16,22,23,23],"damage_taken":[{"damage":0.0,"enemies":"2 Louse","floor":1.0,"turns":1.0},{"damage":0.0,"enemies":"Cultist","floor":4.0,"turns":1.0},{"damage":0.0,"enemies":"Jaw Worm","floor":6.0,"turns":1.0},{"damage":0.0,"enemies":"Gremlin Nob","floor":7.0,"turns":3.0},{"damage":13.0,"enemies":"Blue Slaver","floor":12.0,"turns":4.0},{"damage":23.0,"enemies":"Gremlin Gang","floor":14.0,"turns":6.0},{"damage":46,"enemies":"The Guardian","floor":16,"turns":9},{"damage":15,"enemies":"2 Thieves","floor":18,"turns":3},{"damage":10,"enemies":"Spheric Guardian","floor":20,"turns":3},{"damage":21,"enemies":"Snake Plant","floor":21,"turns":5},{"damage":35,"enemies":"Centurion and Healer","floor":22,"turns":5},{"damage":17,"enemies":"Snecko","floor":23,"turns":4},{"damage":13,"enemies":"Snake Plant","floor":24,"turns":7},{"damage":32,"enemies":"3 Cultists","floor":28,"turns":3}],"seed_played":"4351687400150043877","potions_obtained":[{"floor":1.0,"key":"PowerPotion"},{"floor":2.0,"key":"DistilledChaos"},{"floor":2.0,"key":"HeartOfIron"},{"floor":7.0,"key":"Regen Potion"},{"floor":18,"key":"ElixirPotion"},{"floor":21,"key":"BloodPotion"},{"floor":23,"key":"Fruit Juice"},{"floor":24,"key":"Dexterity Potion"}],"is_trial":false,"path_per_floor":["M","?","$","M","$","M","E","R","T","T","R","M","$","M","R","B",null,"M","?","M","M","M","M","M","$","T","?","M"],"character_chosen":"IRONCLAD","items_purchased":["Sever Soul","Fire Breathing","Spot Weakness","Reaper"],"campfire_rested":0,"item_purchase_floors":[3,3,13,25],"current_hp_per_floor":[80,80,80,80,80,80,80,80,80,80,80,73,73,56,56,31,80,71,71,67,52,39,33,26,26,26,26,0,0],"gold":104,"neow_bonus":"THREE_ENEMY_KILL","is_daily":false,"chose_seed":false,"campfire_upgraded":3,"win_rate":0.0,"timestamp":1612888353,"path_taken":["M","?","?","M","?","M","E","R","T","?","R","?","$","M","R","BOSS","M","?","M","?","M","M","M","$","T","?","M"],"items_purchased_type":["Card","Card","Card","Card"],"build_version":"2020-12-22","purchased_purges":1,"victory":false,"max_hp_per_floor":[80,80,80,80,80,80,80,80,80,80,80,80,80,80,80,80,80,80,80,80,80,80,85,85,85,85,85,85,85],"card_choices":[{"not_picked":["Pummel","Clothesline"],"picked":"Havoc","floor":1.0},{"not_picked":["Dual Wield","Shrug It Off"],"picked":"Dark Embrace","floor":4.0},{"not_picked":["Iron Wave","True Grit"],"picked":"Feel No Pain","floor":6.0},{"not_picked":["Anger","Havoc"],"picked":"Sentinel","floor":7.0},{"not_picked":["Clash","Headbutt"],"picked":"Pummel","floor":12.0},{"not_picked":["Brutality","Headbutt"],"picked":"Clash","floor":14.0},{"not_picked":["Berserk","Offering"],"picked":"Barricade","floor":16},{"not_picked":["Body Slam","Evolve+1"],"picked":"Bloodletting+1","floor":18},{"not_picked":["Twin Strike+1","Headbutt"],"picked":"True Grit+1","floor":20},{"not_picked":["Intimidate","Clothesline+1"],"picked":"Warcry+1","floor":21},{"not_picked":["Warcry","Hemokinesis"],"picked":"Infernal Blade","floor":22},{"not_picked":["Clash","Hemokinesis"],"picked":"Shrug It Off+1","floor":23},{"not_picked":["Shrug It Off+1","Thunderclap"],"picked":"Iron Wave","floor":24}],"player_experience":223868,"relics_obtained":[{"floor":7.0,"key":"Whetstone"},{"floor":9.0,"key":"Vajra"},{"floor":10.0,"key":"Champion Belt"},{"floor":26,"key":"Eternal Feather"}],"event_choices":[{"damage_healed":0.0,"max_hp_gain":0.0,"max_hp_loss":0.0,"gold_gain":0.0,"event_name":"Lab","player_choice":"Got Potions","floor":2.0,"gold_loss":0.0,"damage_taken":0.0},{"cards_removed":["Strike_R"],"damage_healed":0,"gold_gain":0,"player_choice":"Purged","damage_taken":0,"max_hp_gain":0,"max_hp_loss":0,"event_name":"Purifier","floor":19,"gold_loss":0},{"cards_removed":["Defend_R"],"damage_healed":0,"gold_gain":0,"player_choice":"Elegance","damage_taken":0,"max_hp_gain":0,"max_hp_loss":0,"event_name":"Back to Basics","floor":27,"gold_loss":0}],"is_beta":false,"boss_relics":[{"not_picked":["Fusion Hammer","Ectoplasm"],"picked":"Astrolabe"}],"items_purged_floors":[25],"is_endless":false,"potions_floor_spawned":[1,4,7,18,21,23,24],"killed_by":"3 Cultists","ascension_level":0}}