{"host":"bwuzn0ci2ixk9x1a","time":1612829223,"event":{"mods":["BaseMod","Downfall","Hermit","Minty Spire (QoL Compilation)","Replay The Spire","StSLib"],"gold_per_floor":[110,110,128,148,166,166,166,166,166,166,186,186,186,27,27,130,130,140,3,3,23,23,23,123,136,163,163,163],"floor_reached":27,"language":"ENG","playtime":903,"items_purged":[],"score":201,"play_id":"084f47fa-c667-4647-8307-1a75cada97d0","local_time":"20210208190703","is_ascension_mode":false,"campfire_choices":[{"data":"Loop","floor":6,"key":"SMITH"},{"floor":8,"key":"REST"},{"floor":10,"key":"REST"},{"floor":13,"key":"REST"},{"data":"Self Repair","floor":15,"key":"SMITH"},{"floor":23,"key":"REST"}],"circlet_count":0,"master_deck":["Strike_B","Strike_B","Strike_B+1","Strike_B","Defend_B","Defend_B+1","Defend_B+1","Defend_B","Zap","Dualcast","Loop+1","Double Energy+1","Gash+1","Ball Lightning","Self Repair+1","Replay:BasicMightCard","Amplify","Streamline+1","ReplayGash","Defragment+1","White Noise"],"relics":["Cracked Core","NeowsBlessing","Iron Hammer","Gremlin Food","Bottled Flame","Ring of Chaos","CultistMask","Sundial","Orichalcum"],"acts_visited":["Exordium","TheCity"],"potions_floor_usage":[16,21,21,21,25],"damage_taken":[{"damage":0,"enemies":"Small Slimes","floor":1,"turns":1},{"damage":0,"enemies":"Cultist","floor":3,"turns":1},{"damage":0,"enemies":"2 Louse","floor":4,"turns":1},{"damage":7,"enemies":"Blue Slaver","floor":5,"turns":3},{"damage":7,"enemies":"Exordium Wildlife","floor":11,"turns":4},{"damage":62,"enemies":"The Guardian","floor":16,"turns":9},{"damage":74,"enemies":"3 Byrds","floor":18,"turns":6},{"damage":10,"enemies":"2 Thieves","floor":21,"turns":3},{"damage":36,"enemies":"Centurion and Healer","floor":25,"turns":7},{"damage":17,"enemies":"Cultist and Chosen","floor":27,"turns":4}],"seed_played":"-1519643971926609352","potions_obtained":[{"floor":5,"key":"DistilledChaos"},{"floor":16,"key":"Languid Potion"},{"floor":21,"key":"LifebloodPotion"}],"is_trial":false,"path_per_floor":["M","?","M","M","M","R","?","R","T","R","M","?","R","$","R","B",null,"M","$","?","M","T","R","?","M","T","M"],"character_chosen":"DEFECT","items_purchased":["Self Repair","Replay:BasicMightCard","PowerPotion","Fire Potion","ReplayGash"],"campfire_rested":4,"item_purchase_floors":[14,14,19,19,19],"current_hp_per_floor":[75,75,75,75,68,68,50,72,72,75,68,68,75,75,75,23,75,11,11,11,21,21,43,43,17,17,0,0],"gold":163,"neow_bonus":"THREE_ENEMY_KILL","is_daily":false,"chose_seed":false,"campfire_upgraded":2,"win_rate":0.0,"timestamp":1612829223,"path_taken":["M","?","M","?","M","R","?","R","T","R","M","?","R","?","R","BOSS","M","$","?","?","?","R","?","M","T","?"],"items_purchased_type":["Card","Card","Potion","Potion","Card"],"build_version":"2020-12-22","purchased_purges":0,"victory":false,"max_hp_per_floor":[75,75,75,75,75,75,75,75,75,75,75,75,75,75,75,75,75,75,75,75,75,75,75,75,75,75,75,75],"card_choices":[{"not_picked":["Panic Button","BasicCrystalCard"],"picked":"Turbo","floor":1},{"not_picked":["Compile Driver","Darkness"],"picked":"Loop","floor":3},{"not_picked":["Panic Button","BasicCrystalCard"],"picked":"Double Energy","floor":4},{"not_picked":["Panic Button","Redo"],"picked":"Gash","floor":5},{"not_picked":["Redo","Streamline"],"picked":"Ball Lightning","floor":11},{"not_picked":["Biased Cognition","Buffer"],"picked":"Amplify","floor":16},{"not_picked":["Coolheaded","Stack"],"picked":"Streamline+1","floor":18},{"not_picked":["ReplayTheSpireMod:GoodbyeWorld+1","Double Energy"],"picked":"Defragment+1","floor":21},{"not_picked":["Ball Lightning","ReplayTheSpireMod:Reroute Power"],"picked":"White Noise","floor":25}],"player_experience":145516,"relics_obtained":[{"floor":9,"key":"Bottled Flame"},{"floor":22,"key":"Sundial"},{"floor":26,"key":"Orichalcum"}],"event_choices":[{"cards_removed":["Turbo"],"damage_healed":0,"gold_gain":0,"player_choice":"Gave Card","damage_taken":0,"relics_obtained":["Iron Hammer"],"max_hp_gain":0,"max_hp_loss":0,"event_name":"WeMeetAgain","floor":2,"gold_loss":0},{"damage_healed":0,"gold_gain":0,"player_choice":"Success","damage_taken":18,"relics_obtained":["Gremlin Food"],"max_hp_gain":0,"max_hp_loss":0,"event_name":"Scrap Ooze","floor":7,"gold_loss":0},{"damage_healed":0,"gold_gain":0,"player_choice":"Trade","damage_taken":0,"relics_obtained":["CultistMask"],"max_hp_gain":0,"max_hp_loss":0,"event_name":"FaceTrader","floor":20,"gold_loss":0},{"damage_healed":0,"gold_gain":100,"player_choice":"Pray","damage_taken":0,"max_hp_gain":0,"max_hp_loss":0,"event_name":"Golden Shrine","floor":24,"gold_loss":0}],"is_beta":false,"boss_relics":[{"not_picked":["ChewingGum","Velvet Choker"],"picked":"Ring of Chaos"}],"items_purged_floors":[],"is_endless":false,"potions_floor_spawned":[5,16,21],"killed_by":"Cultist and Chosen","ascension_level":0}}