{"host":"pvf7uj918he10jir","time":1612849387,"event":{"mods":["AchievementEnabler","BaseMod","Colored Map","Colored Powertips","Highlight Path","Minty Spire (QoL Compilation)","Relic Stats","Slay the Relics Exporter","everything is the same but u backflip on backflip"],"gold_per_floor":[111,42,58,73,85,85,120,131,156,6,6,6,31,49,49,147,147,162,178,190,115,42,42,141,159,207,239,239,239,239,239,239],"floor_reached":31,"language":"ENG","playtime":1740,"items_purged":["Strike_B"],"score":331,"play_id":"187e682c-ba01-4801-a65d-980884fc42c6","local_time":"20210209004307","is_ascension_mode":true,"campfire_choices":[{"data":"Zap","floor":6,"key":"SMITH"},{"floor":11,"key":"REST"},{"data":"Dualcast","floor":15,"key":"SMITH"},{"floor":23,"key":"REST"},{"floor":28,"key":"REST"}],"circlet_count":0,"master_deck":["Strike_B","Strike_B","Defend_B","Defend_B","Defend_B","Defend_B","Zap+1","Dualcast+1","Gash","Steam Power","Conserve Battery","Gash","Stack","Sweeping Beam","Buffer","CurseOfTheBell","Hologram+1","Scrape","Hologram","Redo+1","Scrape+1"],"relics":["Cracked Core","Regal Pillow","Dream Catcher","Happy Flower","Calling Bell","Omamori","Mummified Hand","Unceasing Top","Vajra","Smiling Mask"],"acts_visited":["Exordium","TheCity"],"potions_floor_usage":[27,27,31,31],"damage_taken":[{"damage":0,"enemies":"Cultist","floor":1,"turns":4},{"damage":2,"enemies":"Small Slimes","floor":3,"turns":4},{"damage":2,"enemies":"Jaw Worm","floor":4,"turns":3},{"damage":2,"enemies":"Looter","floor":5,"turns":3},{"damage":16,"enemies":"Gremlin Nob","floor":7,"turns":4},{"damage":11,"enemies":"Exordium Wildlife","floor":8,"turns":4},{"damage":26,"enemies":"3 Sentries","floor":13,"turns":6},{"damage":5,"enemies":"Exordium Thugs","floor":14,"turns":3},{"damage":23,"enemies":"Slime Boss","floor":16,"turns":10},{"damage":23,"enemies":"2 Thieves","floor":18,"turns":4},{"damage":11,"enemies":"Spheric Guardian","floor":19,"turns":4},{"damage":15,"enemies":"Centurion and Healer","floor":20,"turns":9},{"damage":19,"enemies":"3 Cultists","floor":25,"turns":5},{"damage":36,"enemies":"Slavers","floor":27,"turns":5},{"damage":44,"enemies":"Book of Stabbing","floor":31,"turns":4}],"seed_played":"-1485361411592245167","potions_obtained":[{"floor":3,"key":"SkillPotion"},{"floor":7,"key":"Fire Potion"},{"floor":14,"key":"LiquidMemories"},{"floor":16,"key":"Regen Potion"},{"floor":27,"key":"LiquidBronze"}],"is_trial":false,"path_per_floor":["M","$","M","M","M","R","E","M","T","$","R","$","E","M","R","B",null,"M","M","M","?","$","R","?","M","T","E","R","?","?","E"],"character_chosen":"DEFECT","items_purchased":["FTL","Gash","Stack","Scrape"],"campfire_rested":3,"item_purchase_floors":[2,10,10,22],"current_hp_per_floor":[82,82,80,78,76,76,60,49,49,49,82,82,56,51,51,28,69,46,35,20,20,20,59,59,40,40,4,43,34,34,0,0],"gold":239,"neow_bonus":"TEN_PERCENT_HP_BONUS","is_daily":false,"chose_seed":false,"campfire_upgraded":2,"win_rate":0.0,"timestamp":1612849387,"path_taken":["M","?","M","M","M","R","E","?","T","?","R","$","E","M","R","BOSS","M","M","M","?","$","R","?","M","T","E","R","?","?","E"],"items_purchased_type":["Card","Card","Card","Card"],"build_version":"2020-12-22","purchased_purges":1,"victory":false,"max_hp_per_floor":[82,82,82,82,82,82,82,82,82,82,82,82,82,82,82,82,82,82,82,82,82,82,82,82,82,82,82,82,82,82,82,82],"relic_stats":{"Regal Pillow":39,"Dream Catcher":3,"Happy Flower":[14],"counters":[15,72],"Mummified Hand":[4],"Smiling Mask":0,"obtain_stats":[{"Calling Bell":17,"Regal Pillow":7,"Dream Catcher":9,"Happy Flower":13,"Mummified Hand":17,"Vajra":26,"Omamori":17,"Cracked Core":0,"Smiling Mask":27,"Unceasing Top":17},{"Calling Bell":9,"Regal Pillow":5,"Dream Catcher":6,"Happy Flower":7,"Mummified Hand":9,"Vajra":13,"Omamori":9,"Cracked Core":0,"Smiling Mask":14,"Unceasing Top":9},{"Calling Bell":41,"Regal Pillow":18,"Dream Catcher":22,"Happy Flower":28,"Mummified Hand":41,"Vajra":63,"Omamori":41,"Cracked Core":0,"Smiling Mask":68,"Unceasing Top":41}],"Unceasing Top":[4]},"card_choices":[{"not_picked":["Coolheaded","Rebound"],"picked":"Gash","floor":1},{"not_picked":["Redo","Go for the Eyes"],"picked":"Steam Power","floor":3},{"not_picked":["Ball Lightning","Steam","Coolheaded"],"picked":"SKIP","floor":4},{"not_picked":["Redo","Recycle","Compile Driver"],"picked":"SKIP","floor":5},{"not_picked":["Undo","Doom and Gloom","Skim"],"picked":"SKIP","floor":7},{"not_picked":["Conserve Battery","Skim","Fusion"],"picked":"SKIP","floor":8},{"not_picked":["Skim","Fusion"],"picked":"Conserve Battery","floor":8},{"not_picked":["Hello World","Rebound"],"picked":"Sweeping Beam","floor":11},{"not_picked":["Stack","Blizzard","Rebound"],"picked":"SKIP","floor":13},{"not_picked":["Sweeping Beam","Blizzard","Conserve Battery"],"picked":"SKIP","floor":14},{"not_picked":["Creative AI","Thunder Strike"],"picked":"Buffer","floor":16},{"not_picked":["Stack","Self Repair"],"picked":"Hologram+1","floor":18},{"not_picked":["Compile Driver","Streamline","BootSequence"],"picked":"SKIP","floor":19},{"not_picked":["Fusion","White Noise","Cold Snap"],"picked":"SKIP","floor":20},{"not_picked":["Chill","Defragment"],"picked":"Hologram","floor":23},{"not_picked":["Rebound","White Noise"],"picked":"Redo+1","floor":25},{"not_picked":["Seek","Barrage+1"],"picked":"Scrape+1","floor":27}],"player_experience":173330,"relics_obtained":[{"floor":7,"key":"Regal Pillow"},{"floor":9,"key":"Dream Catcher"},{"floor":13,"key":"Happy Flower"},{"floor":17,"key":"Omamori"},{"floor":17,"key":"Mummified Hand"},{"floor":17,"key":"Unceasing Top"},{"floor":26,"key":"Vajra"},{"floor":27,"key":"Smiling Mask"}],"event_choices":[{"cards_removed":["Strike_B"],"damage_healed":0,"gold_gain":0,"player_choice":"Gave Gold","damage_taken":0,"max_hp_gain":0,"max_hp_loss":0,"event_name":"Beggar","floor":21,"gold_loss":75},{"damage_healed":0,"gold_gain":99,"player_choice":"Stole From Cult","damage_taken":0,"max_hp_gain":0,"max_hp_loss":0,"event_name":"Nest","floor":24,"gold_loss":0},{"damage_healed":0,"gold_gain":0,"player_choice":"Stopped","damage_taken":9,"max_hp_gain":0,"max_hp_loss":0,"event_name":"Cursed Tome","floor":29,"gold_loss":0},{"cards_removed":["FTL"],"damage_healed":0,"gold_gain":0,"player_choice":"Elegance","damage_taken":0,"max_hp_gain":0,"max_hp_loss":0,"event_name":"Back to Basics","floor":30,"gold_loss":0}],"is_beta":false,"boss_relics":[{"not_picked":["FrozenCore","Snecko Eye"],"picked":"Calling Bell"}],"items_purged_floors":[10],"is_endless":false,"potions_floor_spawned":[3,7,14,16,19,27],"killed_by":"Book of Stabbing","ascension_level":5}}