{"host":"vex7walpoxzv48nx","time":1612882186,"event":{"mods":["AchievementEnabler","BaseMod","Bestiary","Highlight Path","Minty Spire (QoL Compilation)","Permanent Neow","Quick Restart","StSLib","UnlockEverythingMod"],"gold_per_floor":[10,10,29,41,41,41,93,93,93,93,93,93,129,165,165,256,256,269,269,292,292,80,80,80,80],"floor_reached":24,"language":"ENG","playtime":1941,"items_purged":["Defend_G"],"score":400,"play_id":"0abf8698-f8af-4f09-b2f7-7687cf2c7802","local_time":"20210209154946","is_ascension_mode":true,"campfire_choices":[{"data":"Neutralize","floor":6,"key":"SMITH"},{"data":"Dagger Spray","floor":8,"key":"SMITH"},{"data":"1","floor":10,"key":"LIFT"},{"data":"2","floor":12,"key":"LIFT"},{"floor":15,"key":"REST"},{"data":"Envenom","floor":23,"key":"SMITH"}],"circlet_count":0,"master_deck":["AscendersBane","Strike_G","Defend_G","Defend_G","Defend_G","Defend_G","Survivor","Neutralize+1","Envenom+1","Deadly Poison","Deflect","Dagger Spray+1","Bane","Bane","Blade Dance","Corpse Explosion","Footwork","Ghostly","Ghostly","Ghostly","Blade Dance","Envenom","Caltrops","Footwork","Backflip"],"relics":["Ring of the Snake","Regal Pillow","Girya","Golden Idol","WingedGreaves","Ornamental Fan","SlaversCollar"],"acts_visited":["Exordium","TheCity"],"potions_floor_usage":[16],"damage_taken":[{"damage":7,"enemies":"Small Slimes","floor":1,"turns":3},{"damage":1,"enemies":"Cultist","floor":3,"turns":4},{"damage":2,"enemies":"Jaw Worm","floor":4,"turns":4},{"damage":10,"enemies":"Lagavulin","floor":13,"turns":6},{"damage":10,"enemies":"3 Sentries","floor":14,"turns":5},{"damage":16,"enemies":"Slime Boss","floor":16,"turns":10},{"damage":24,"enemies":"Spheric Guardian","floor":18,"turns":4},{"damage":14,"enemies":"2 Thieves","floor":20,"turns":5},{"damage":21,"enemies":"Book of Stabbing","floor":24,"turns":4}],"seed_played":"-6391607565615470042","potions_obtained":[{"floor":4,"key":"DistilledChaos"}],"is_trial":false,"path_per_floor":["M","?","M","M","?","R","T","R","T","R","?","R","E","E","R","B",null,"M","?","M","?","$","R","E"],"character_chosen":"THE_SILENT","items_purchased":["Footwork","Backflip"],"campfire_rested":1,"item_purchase_floors":[22,22],"current_hp_per_floor":[52,52,51,49,49,49,49,49,49,49,49,49,39,29,60,44,56,32,30,16,16,16,16,0,0],"gold":80,"neow_bonus":"THREE_RARE_CARDS","is_daily":false,"chose_seed":false,"campfire_upgraded":3,"win_rate":0.0,"timestamp":1612882186,"path_taken":["M","?","?","M","?","R","?","R","T","R","?","R","E","E","R","BOSS","M","?","M","?","$","R","E"],"items_purchased_type":["Card","Card"],"build_version":"2020-12-22","purchased_purges":1,"victory":false,"max_hp_per_floor":[66,66,66,66,66,66,66,66,66,66,60,60,60,60,60,60,60,60,30,30,30,30,30,30,30],"card_choices":[{"not_picked":["A Thousand Cuts","Storm of Steel"],"picked":"Envenom","floor":0},{"not_picked":["Underhanded Strike","Concentrate"],"picked":"Deadly Poison","floor":1},{"not_picked":["Cloak And Dagger","Quick Slash"],"picked":"Dagger Spray","floor":3},{"not_picked":["Eviscerate","Dagger Throw"],"picked":"Bane","floor":4},{"not_picked":["Tools of the Trade","Dodge and Roll"],"picked":"Bane","floor":13},{"not_picked":["Cloak And Dagger","Backflip"],"picked":"Blade Dance","floor":14},{"not_picked":["Malaise","A Thousand Cuts"],"picked":"Corpse Explosion","floor":16},{"not_picked":["Riddle With Holes","Dagger Spray"],"picked":"Footwork","floor":18},{"not_picked":["Outmaneuver","Slice"],"picked":"Blade Dance","floor":20}],"player_experience":276297,"relics_obtained":[{"floor":7,"key":"Regal Pillow"},{"floor":9,"key":"Girya"},{"floor":13,"key":"WingedGreaves"},{"floor":14,"key":"Ornamental Fan"}],"event_choices":[{"damage_healed":0,"gold_gain":0,"cards_transformed":["Strike_G"],"player_choice":"Transformed","damage_taken":0,"max_hp_gain":0,"max_hp_loss":0,"event_name":"Transmorgrifier","floor":2,"gold_loss":0,"cards_obtained":["Deflect"]},{"cards_removed":["Strike_G"],"damage_healed":0,"gold_gain":0,"player_choice":"Forget","damage_taken":0,"max_hp_gain":0,"max_hp_loss":0,"event_name":"Living Wall","floor":5,"gold_loss":0},{"damage_healed":0,"gold_gain":0,"player_choice":"Lose Max HP","damage_taken":0,"relics_obtained":["Golden Idol"],"max_hp_gain":0,"max_hp_loss":6,"event_name":"Golden Idol","floor":11,"gold_loss":0},{"damage_healed":0,"gold_gain":0,"player_choice":"Became a Ghost","damage_taken":0,"max_hp_gain":0,"max_hp_loss":30,"event_name":"Ghosts","floor":19,"gold_loss":0,"cards_obtained":["Ghostly","Ghostly","Ghostly"]},{"damage_healed":0,"gold_gain":0,"cards_transformed":["Strike_G","Strike_G"],"player_choice":"Became Test Subject","damage_taken":0,"max_hp_gain":0,"max_hp_loss":0,"event_name":"Drug Dealer","floor":21,"gold_loss":0,"cards_obtained":["Envenom","Caltrops"]}],"is_beta":false,"boss_relics":[{"not_picked":["Ectoplasm","Tiny House"],"picked":"SlaversCollar"}],"items_purged_floors":[22],"is_endless":false,"potions_floor_spawned":[4],"killed_by":"Book of Stabbing","ascension_level":20}}