{"host":"xhy9gc4eyomy2i9o","time":1612848408,"event":{"mods":["AchievementEnabler","Act Like it!","BaseMod","Better Vampires","Minty Spire (QoL Compilation)","Permanent Neow","Quick Restart","Shop Mod","StSLib","Waifu the Spire"],"gold_per_floor":[115,133,133,146,156,156,189,205,205,9,9,9,9,184,184,281,281,221,221,239,256,256,256,256,256],"floor_reached":24,"language":"ZHS","playtime":1417,"items_purged":[],"score":335,"play_id":"6bb7e549-435e-4513-9ca2-5478ed0d2eeb","local_time":"20210209132648","is_ascension_mode":true,"campfire_choices":[{"data":"Coolheaded","floor":6.0,"key":"SMITH"},{"floor":11.0,"key":"REST"},{"data":"Creative AI","floor":13.0,"key":"SMITH"},{"data":"Zap","floor":15.0,"key":"SMITH"},{"data":"The Bomb","floor":23.0,"key":"SMITH"}],"circlet_count":0,"master_deck":["AscendersBane","Defend_B","Defend_B","Defend_B","Defend_B","Zap+1","Dualcast","Coolheaded+1","Coolheaded+1","Sweeping Beam","Creative AI+1","Chill","The Bomb+1","Doubt","Echo Form","Hologram","Bite","Bite","Bite","Bite","Glacier","Leap+1","Barrage"],"relics":["Inserter","Sundial","Centennial Puzzle","Smiling Mask","Velvet Choker"],"acts_visited":["Exordium","TheCity"],"potions_floor_usage":[],"damage_taken":[{"damage":1.0,"enemies":"Cultist","floor":1.0,"turns":3.0},{"damage":9.0,"enemies":"Small Slimes","floor":2.0,"turns":6.0},{"damage":2.0,"enemies":"2 Louse","floor":4.0,"turns":4.0},{"damage":5.0,"enemies":"Blue Slaver","floor":5.0,"turns":6.0},{"damage":31.0,"enemies":"Gremlin Nob","floor":7.0,"turns":5.0},{"damage":0.0,"enemies":"2 Fungi Beasts","floor":8.0,"turns":5.0},{"damage":31.0,"enemies":"Slime Boss","floor":16.0,"turns":4.0},{"damage":18.0,"enemies":"2 Thieves","floor":18.0,"turns":4.0},{"damage":13.0,"enemies":"Chosen","floor":20.0,"turns":6.0},{"damage":24.0,"enemies":"Centurion and Healer","floor":21.0,"turns":11.0},{"damage":0,"enemies":"Gremlin Leader","floor":24,"turns":1}],"seed_played":"6082705023482051662","potions_obtained":[{"floor":2.0,"key":"Strength Potion"},{"floor":5.0,"key":"Weak Potion"},{"floor":7.0,"key":"EssenceOfDarkness"}],"is_trial":false,"path_per_floor":["M","M","?","M","M","R","E","M","T","$","R","?","R","?","R","B",null,"M","?","M","M","?","R","E"],"character_chosen":"DEFECT","items_purchased":["The Bomb"],"campfire_rested":1,"item_purchase_floors":[10],"current_hp_per_floor":[67,58,51,49,44,44,13,13,13,13,35,35,35,35,35,4,57,39,39,36,44,44,44,44,44],"gold":256,"neow_bonus":"BOSS_RELIC","is_daily":false,"chose_seed":false,"campfire_upgraded":4,"win_rate":0.0,"timestamp":1612848408,"path_taken":["M","M","?","M","M","R","E","M","T","$","R","?","R","?","R","BOSS","M","?","M","M","?","R","E"],"items_purchased_type":["Card"],"build_version":"2020-12-22","purchased_purges":0,"victory":false,"max_hp_per_floor":[75,75,75,75,75,75,75,75,75,75,75,75,75,75,75,75,75,75,57,57,57,57,57,57,57],"card_choices":[{"not_picked":["Turbo","Melter"],"picked":"Coolheaded","floor":1.0},{"not_picked":["Turbo","Melter"],"picked":"Coolheaded","floor":1.0},{"not_picked":["Steam Power","Conserve Battery","Compile Driver"],"picked":"SKIP","floor":2.0},{"not_picked":["Go for the Eyes","Beam Cell","Rebound"],"picked":"SKIP","floor":4.0},{"not_picked":["Compile Driver","Rip and Tear"],"picked":"Sweeping Beam","floor":5.0},{"not_picked":["Go for the Eyes","Turbo"],"picked":"Creative AI","floor":7.0},{"not_picked":["Sunder","Steam"],"picked":"Chill","floor":8.0},{"not_picked":["Creative AI","Reboot"],"picked":"Echo Form","floor":16.0},{"not_picked":["Rebound","Compile Driver"],"picked":"Hologram","floor":18.0},{"not_picked":["Barrage","Scrape"],"picked":"Glacier","floor":20.0},{"not_picked":["Hologram","Sweeping Beam"],"picked":"Leap+1","floor":21.0}],"player_experience":546048,"relics_obtained":[{"floor":7.0,"key":"Centennial Puzzle"},{"floor":9.0,"key":"Smiling Mask"}],"event_choices":[{"damage_healed":0.0,"max_hp_gain":0.0,"max_hp_loss":0.0,"gold_gain":0.0,"event_name":"Scrap Ooze","player_choice":"Success","floor":3.0,"gold_loss":0.0,"damage_taken":7.0,"relics_obtained":["Sundial"]},{"damage_healed":0.0,"max_hp_gain":0.0,"max_hp_loss":0.0,"gold_gain":0.0,"event_name":"Dead Adventurer","player_choice":"Searched \u00270\u0027 times","floor":12.0,"gold_loss":0.0,"damage_taken":0.0},{"damage_healed":0.0,"max_hp_gain":0.0,"max_hp_loss":0.0,"gold_gain":175.0,"event_name":"Liars Game","player_choice":"AGREE","floor":14.0,"gold_loss":0.0,"damage_taken":0.0,"cards_obtained":["Doubt"]},{"damage_healed":0.0,"max_hp_gain":0.0,"max_hp_loss":18.0,"gold_gain":0.0,"event_name":"Vampires","player_choice":"Became a vampire","floor":19.0,"gold_loss":0.0,"damage_taken":0.0,"cards_obtained":["Bite","Bite","Bite","Bite"]},{"damage_healed":0.0,"max_hp_gain":0.0,"max_hp_loss":0.0,"gold_gain":0.0,"event_name":"The Library","player_choice":"Read","floor":22.0,"gold_loss":0.0,"damage_taken":0.0,"cards_obtained":["Barrage"]}],"is_beta":false,"boss_relics":[{"not_picked":["Nuclear Battery","Coffee Dripper"],"picked":"Velvet Choker"}],"items_purged_floors":[],"is_endless":false,"potions_floor_spawned":[2,5,7],"killed_by":"Gremlin Leader","ascension_level":12}}