{"host":"e3zuhorjxi9w14q4","time":1612886603,"event":{"mods":["AchievementEnabler","Aspiration","BaseMod","Defuse TimeMaze Blight","Downfall","Energized Spire","GifTheSpireLib","Hubris","Infinite Spire","Jorbs\u0027s Wanderer Trilogy","Minty Spire (QoL Compilation)","Reliquary","Spicy Shops","Spikes Relics","StSLib","Stuff the Spire","The Marked","The Servant 0.9.4"],"gold_per_floor":[399,416,432,432,443,462,487,512,512,524,524,539,55,83,93,193,193,93,107,227,291,241,241,264,289,289,324,338,355,155,230,242,342,342,342,353,363,363,363,396,396,346,427,364,390,390,154,154,154,154],"floor_reached":48,"language":"ENG","playtime":2281,"items_purged":["hubris:Disease","Parasite","StuffTheSpire:WarCurse","StuffTheSpire:WarCurse","StuffTheSpire:WarCurse","bronze:Strike"],"score":742,"play_id":"965490fe-ffa7-4203-9abf-e2ea1dd6450c","local_time":"20210209170323","is_ascension_mode":true,"campfire_choices":[{"data":"bronze:Goto","floor":1,"key":"SMITH"},{"floor":18,"key":"RECALL"},{"data":"infinitespire:Gouge","floor":30,"key":"SMITH"},{"data":"StuffTheSpire:WarGroove","floor":35,"key":"SMITH"},{"data":"StuffTheSpire:WarGroove","floor":46,"key":"SMITH"}],"circlet_count":0,"master_deck":["bronze:Strike","bronze:Strike","bronze:Strike","bronze:Defend+1","bronze:Defend","bronze:Defend","bronze:Defend","bronze:Replicate","bronze:Goto+1","bronze:WhirlingStrike","bronze:DelayedSlice","infinitespire:Gouge+1","bronze:CutThrough","bronze:CutThrough","bronze:WhirlingStrike","bronze:Shield+1","bronze:Iterate","bronze:Format","bronze:BitShift","bronze:Iterate","StuffTheSpire:WarGroove+1","StuffTheSpire:WarGroove+1","bronze:Terminator","bronze:WhirlingStrike","bronze:FineTuning","bronze:Iterate+1"],"relics":["bronze:BronzeCore","Old Coin","downfall:ShatteredFragment","RollingBoulder","aspiration:HiddenCompartment","hubris:Towel","hubris:HerbalPaste","hubris:MobiusCoin","infinitespire:WardingShard","energizedSpire:MagnifyingGlass","downfall:HeartBlessingGreen","Bottled Flame","Mercury Hourglass","downfall:HeartBlessingRed","downfall:HeartBlessingBlue","reliquary:Buckler","SacredBark","Busted Crown","Membership Card","hubris:Icosahedron","reliquary:Firecrackers","hubris:Potato","StuffTheSpire:BottledEssence","StuffTheSpire:CocoNut","Peace Pipe","hubris:SphereOfDissonance","reliquary:QuartzCube","bronze:SilverBullet"],"acts_visited":["Exordium","TheCity","TheBeyond"],"potions_floor_usage":[14,16,16,16,48],"damage_taken":[{"damage":6,"enemies":"Cultist","floor":2,"turns":4},{"damage":12,"enemies":"Small Slimes","floor":3,"turns":4},{"damage":0,"enemies":"2 Louse","floor":5,"turns":2},{"damage":2,"enemies":"Blue Slaver","floor":6,"turns":3},{"damage":4,"enemies":"3 Sentries","floor":8,"turns":4},{"damage":9,"enemies":"Exordium Thugs","floor":10,"turns":3},{"damage":0,"enemies":"Blue Slaver","floor":12,"turns":2},{"damage":0,"enemies":"downfall:FleeingMerchant","floor":13,"turns":4},{"damage":0,"enemies":"Gremlin Nob","floor":14,"turns":3},{"damage":5,"enemies":"Lots of Slimes","floor":15,"turns":2},{"damage":4,"enemies":"SI_SHIV_ARCHETYPE","floor":16,"turns":4},{"damage":0,"enemies":"Chosen","floor":19,"turns":3},{"damage":0,"enemies":"3 Byrds","floor":20,"turns":3},{"damage":10,"enemies":"Sentry and Sphere","floor":21,"turns":4},{"damage":3,"enemies":"Gremlin Leader","floor":25,"turns":3},{"damage":0,"enemies":"Book of Stabbing","floor":27,"turns":2},{"damage":4,"enemies":"3 Cultists","floor":28,"turns":3},{"damage":0,"enemies":"Centurion and Healer","floor":29,"turns":2},{"damage":27,"enemies":"Gremlin Leader","floor":31,"turns":4},{"damage":0,"enemies":"Snake Plant","floor":32,"turns":3},{"damage":12,"enemies":"WA_ARCHETYPE_CALM","floor":33,"turns":5},{"damage":18,"enemies":"3 Darklings","floor":36,"turns":3},{"damage":16,"enemies":"Orb Walker","floor":37,"turns":3},{"damage":6,"enemies":"Nemesis","floor":40,"turns":5},{"damage":10,"enemies":"downfall:FleeingMerchant","floor":42,"turns":3},{"damage":0,"enemies":"Reptomancer","floor":45,"turns":3},{"damage":82,"enemies":"Nightmare","floor":48,"turns":4}],"seed_played":"-2390126011826206766","potions_obtained":[{"floor":5,"key":"Strength Potion"},{"floor":6,"key":"hexamod:SoulburnPotion"},{"floor":10,"key":"Block Potion"},{"floor":12,"key":"bronze:BurnAndBuffPotion"},{"floor":14,"key":"LiquidMemories"},{"floor":19,"key":"Ancient Potion"},{"floor":21,"key":"LiquidMemories"},{"floor":28,"key":"SpeedPotion"},{"floor":29,"key":"Regen Potion"}],"is_trial":false,"path_per_floor":["R","M","M","?","M","M","T","E","?","M","?","M","$","E","M","B",null,"R","M","M","M","?","?","T","E","?","E","M","M","R","E","M","B",null,"R","M","M","AVR","?","E","T","$","?","$","E","R","$","NM"],"character_chosen":"THE_AUTOMATON","items_purchased":["hubris:HerbalPaste","hubris:MobiusCoin","StuffTheSpire:BottledEssence","StuffTheSpire:CocoNut","Peace Pipe","bronze:SilverBullet"],"campfire_rested":0,"item_purchase_floors":[13,13,42,42,42,47],"current_hp_per_floor":[63,57,45,24,24,22,22,18,18,9,9,9,9,14,12,14,63,63,63,63,54,63,43,43,45,45,48,49,52,62,41,46,40,73,73,57,46,46,46,64,64,66,66,66,71,71,71,0,0,0],"gold":154,"neow_bonus":"ONE_RARE_RELIC","is_daily":false,"chose_seed":false,"campfire_upgraded":4,"win_rate":0.0,"timestamp":1612886603,"path_taken":["R","M","M","?","M","M","T","E","?","M","?","M","?","E","M","BOSS","R","M","M","M","?","?","T","E","?","E","?","M","R","E","M","BOSS","R","M","M","AVR","?","E","T","$","?","$","E","R","?","NM"],"items_purchased_type":["Relic","Relic","Relic","Relic","Relic","Relic"],"build_version":"2020-12-22","purchased_purges":6,"victory":false,"max_hp_per_floor":[63,63,63,63,63,63,63,63,63,63,63,63,63,63,63,63,63,63,63,63,63,63,63,63,63,63,63,63,63,73,73,73,73,73,73,73,73,70,70,70,70,77,77,77,77,77,77,77,77,77],"card_choices":[{"not_picked":["bronze:Backtrace","bronze:GetLatest","bronze:ClassDefault"],"picked":"SKIP","floor":2},{"not_picked":["bronze:OilSpill","bronze:Invalidate"],"picked":"bronze:WhirlingStrike","floor":3},{"not_picked":["bronze:OilSpill","bronze:Turbo"],"picked":"bronze:DelayedSlice","floor":5},{"not_picked":["bronze:DarkDash","bronze:GetLatest","bronze:Mutator"],"picked":"SKIP","floor":6},{"not_picked":["bronze:Backtrace","bronze:Deprecate","bronze:OilSpill"],"picked":"SKIP","floor":8},{"not_picked":["infinitespire:Punishment","infinitespire:FutureSight"],"picked":"infinitespire:Gouge","floor":9},{"not_picked":["bronze:Safeguard","bronze:Shell"],"picked":"bronze:CutThrough","floor":10},{"not_picked":["bronze:NullPointer","bronze:BuggyMess"],"picked":"bronze:CutThrough","floor":12},{"not_picked":["bronze:OilSpill","bronze:BronzeArmor"],"picked":"bronze:WhirlingStrike","floor":13},{"not_picked":["bronze:CloningBeam","bronze:ThunderWave"],"picked":"bronze:Shield","floor":14},{"not_picked":["bronze:ChosenStrike","bronze:Shield"],"picked":"bronze:Iterate","floor":15},{"not_picked":["bronze:Mutator","bronze:FindAndReplace"],"picked":"bronze:Format","floor":16},{"not_picked":["bronze:Deprecate+1","bronze:Invalidate+1","bronze:BronzeArmor"],"picked":"SKIP","floor":19},{"not_picked":["bronze:Boost","bronze:Overheat"],"picked":"bronze:BitShift","floor":20},{"not_picked":["bronze:OilSpill+1","bronze:Format"],"picked":"bronze:Iterate","floor":21},{"not_picked":["bronze:DelayedSlice","bronze:BurnOut","bronze:Shield"],"picked":"SKIP","floor":25},{"not_picked":["bronze:Philosophize","bronze:GetLatest","bronze:BronzeOrb"],"picked":"SKIP","floor":27},{"not_picked":["bronze:Overheat","bronze:Constructor","bronze:WildBeam+1"],"picked":"SKIP","floor":28},{"not_picked":["bronze:Frontload","bronze:DelayedGuard","bronze:Shell+1"],"picked":"SKIP","floor":29},{"not_picked":["bronze:Separator","bronze:BuggyMess"],"picked":"bronze:Terminator","floor":31},{"not_picked":["bronze:Fortify","bronze:Backtrace+1"],"picked":"bronze:WhirlingStrike","floor":32},{"not_picked":["bronze:BitShift+1","bronze:Deprecate"],"picked":"bronze:FineTuning","floor":36},{"not_picked":["bronze:BitShift+1","bronze:BronzeOrb"],"picked":"bronze:Iterate+1","floor":37},{"not_picked":["bronze:WhirlingStrike+1"],"picked":"SKIP","floor":40},{"not_picked":["bronze:Shell+1"],"picked":"SKIP","floor":42},{"not_picked":["bronze:Overheat+1"],"picked":"SKIP","floor":45}],"player_experience":265786,"relics_obtained":[{"floor":7,"key":"RollingBoulder"},{"floor":8,"key":"aspiration:HiddenCompartment"},{"floor":14,"key":"infinitespire:WardingShard"},{"floor":25,"key":"Bottled Flame"},{"floor":27,"key":"Mercury Hourglass"},{"floor":31,"key":"reliquary:Buckler"},{"floor":40,"key":"reliquary:Firecrackers"},{"floor":41,"key":"hubris:Potato"},{"floor":43,"key":"hubris:SphereOfDissonance"},{"floor":45,"key":"reliquary:QuartzCube"}],"event_choices":[],"is_beta":false,"boss_relics":[{"not_picked":["reliquary:RedCape","hubris:Stopwatch"],"picked":"energizedSpire:MagnifyingGlass"},{"not_picked":["energizedSpire:DeadBattery","Velvet Choker"],"picked":"SacredBark"}],"items_purged_floors":[13,38,42,44,47,47],"is_endless":false,"potions_floor_spawned":[5,6,10,12,14,19,21,28,29,31,33,36],"killed_by":"Nightmare","ascension_level":1}}