{"host":"27wa8ufp4ryspt1p","time":1612849470,"event":{"mods":["2.2 Compatiblity","A Penny For Your Troubles","Abigail Mod","Act Like it!","Aspiration","BaseMod","Better Altar","Better Match","Better Note","Better Skull","Better Third Choice","Colored Map","Conspire","Curses Come First","Dota2Spire","Downfall-Rebalance","Elementarium","Energized Spire","Fox Events","Friendly Minions","Gensokyo","GifTheSpireLib","Gold Saver","Halation","Hallownest","HololiveMod","Hubris","Humility","Infinite Spire","Keyboard Shortcuts","Menagerie","Mimic Mod","Minty Spire (QoL Compilation)","Pale of the Ancients","Poor People Problems","Quarter Circle Forward PUNCH!","Reimu??????","Relic Filter Mod","Relic Sorter","Relic Stats","Reliquary","Replay The Spire","Reworked Bosses","Shop Mod","Spicy Shops","Spikes Relics","Spire Arcade","StSLib","Stuff the Spire","SuperFastMode","The Cursed","The Exalted","The Judge","The Necromancer","Trackpad","Waifu the Spire","Wandering Minibosses","[IsaacMod]????","??????REMEMod","????"],"gold_per_floor":[3546,3546,2569,2587,2587,2587,2617,2617,2647,2647,2662,2662,1503,1535,1535,1609,1643,1654,1654,1665,1713,1713,1713,1801,1831,1831,1890,1930,1993,1443,1480,1480,1525,1525,1729,1777,1809,1854,2092,1967,2018,2018,2092,1308,1455,1517,1517,1517,1517,1169,853,868,868,916,966,448,448,448,469,469,214,214],"floor_reached":61,"language":"SPA","playtime":3965,"items_purged":["Specialist+1","StuffTheSpire:CuriosityCurse","hubris:Sloth"],"score":3403,"play_id":"3c8f97f4-7322-4a67-9a15-13d91554422f","local_time":"20210208234430","daily_mods":["SealedDeck","Colorless Cards","Heirloom","Elite Swarm","Lethality"],"is_ascension_mode":true,"campfire_choices":[{"floor":6.0,"key":"RECALL"},{"data":"ReplayUltimateDefense","floor":8.0,"key":"SMITH"},{"data":"DependentForm:ReiMu","floor":10.0,"key":"SMITH"},{"data":"Apotheosis","floor":15.0,"key":"SMITH"},{"data":"conspire:Banana","floor":26.0,"key":"SMITH"},{"data":"DevaForm","floor":32.0,"key":"SMITH"},{"data":"Echo Form","floor":34.0,"key":"SMITH"},{"data":"Specialist","floor":42.0,"key":"SMITH"},{"data":"BlessedFruit","floor":47.0,"key":"SMITH"},{"data":"BlessedFruit","floor":48.0,"key":"SMITH"},{"data":"hubris:EnhanceAbility","floor":58.0,"key":"SMITH"},{"data":"Menagerie:Languish","floor":60.0,"key":"SMITH"}],"circlet_count":0,"master_deck":["AscendersBane","expansioncontent:Flail","Replay:Sssssssssshield","TheCursedMod:Obscuration","Replay:Sssssssssstrike","TheCursedMod:SurpriseAttack","expansioncontent:Flail","TheCursedMod:RavingStaff","Replay:Bootleg Shield Generator","TheCursedMod:Obscuration","Menagerie:Languish+1","TheCursedMod:LuckyCharm","expansioncontent:Hexaburn","ReplayUltimateDefense+1","TheCursedMod:WearCloak","DependentForm:ReiMu+1","TheCursedMod:CursedShiv","TheCursedMod:ShockAndAwe","TheCursedMod:WearCloak","TheCursedMod:FleshFromBone","Apotheosis+1","TheCursedMod:WearCloak+1","TheCursedMod:ForbiddenAlchemy","REME_AllRoundStrike","conspire:Banana+1","BettingIsNotGood","infinitespire:SevenWalls","expansioncontent:Chronoboost","REME_WheelOfFate","Poisoned Strike","TheCursedMod:SpitefulStrike","hubris:Greed","Alpha","hubris:EnhanceAbility+1","Gensokyo:HAARP","Gensokyo:Kunekune","hubris:Greed","DevaForm+1","REME_MawOfCthun","hubris:Greed","hubris:Greed","Echo Form+1","BlessedFruit+1","BlessedFruit+1","Mirror Shield","REME_HeartOfCthun","hubris:Greed","hubris:Greed","REME_Flogging","TheCursedMod:FleshFromBone","TheCursedMod:SpitefulStrike","TheCursedMod:SpitefulStrike","expansioncontent:GuardianWhirl","TheCursedMod:AntiAging","hubris:Disease","Languid","infinitespire:Oblivion","Decay","StuffTheSpire:CelestialWarden","ReplayTheSpireMod:Brewmster","TheCursedMod:FleshFromBone","expansioncontent:CaCaw","TheCursedMod:FleshFromBone","TheCursedMod:SpitefulPlan","TheCursedMod:LuckyCharm+1","TheCursedMod:Hemoplague","REME_BodyOfCthun","TheCursedMod:AntiAging"],"relics":["TheCursedMod:BlackMagic101","ForgetMeNow","wanderingMiniBosses:AbyssPearl","Hallownest:SoulVesselRelic","DeathBook","infinitespire:Joker Card","HushsDoor","REME_ComplimentaryCards","TungstenRod","D6","MerchantsRug","hubris:BottledRain","halation:EternalFortune","Orichalcum","Dota2Spire:UrnOfShadows","ReplayTheSpireMod:Ninjato","Lizard Tail","trackpad:ByrdBGone","reliquary:Firecrackers","Bromod:ArcaneTrickery","TheCursedMod:OminousMark","hubris:Backtick","Ice Cream","Frozen Eye","GuppysHead","halation:QuantumPhysicsTextbook","aspiration:HummingbirdHeart","Anchor","trackpad:AdjectivePendant","qcfpunch:Crimson_Sash","trackpad:SneckoScepter","StuffTheSpire:Saxophone","REME_CardOfGreed","ReplayTheSpireMod:CursedCoin","trackpad:DisasterInABottle","paleoftheancients:Timepiece","paleoftheancients:KeyRelic","Spirit Poop","paleoftheancients:SoulOfTheSilent","Blue Doll","reliquary:PartyBalloon","trackpad:CultistFigurine","conspire:GiftBox"],"acts_visited":["Menagerie:Menagerie","Gensokyo:Gensokyoer","Hallownest:KingdomsEdge","paleoftheancients:PaleOfTheAncients"],"potions_floor_usage":[],"damage_taken":[{"damage":0.0,"enemies":"Menagerie:WhisperingWraith","floor":4.0,"turns":4.0},{"damage":13.0,"enemies":"Menagerie:MaskedSummoner","floor":7.0,"turns":4.0},{"damage":9.0,"enemies":"Menagerie:MonstrousExperiment","floor":9.0,"turns":5.0},{"damage":0.0,"enemies":"Menagerie:MonstrousExperiment","floor":11.0,"turns":2.0},{"damage":0.0,"enemies":"Menagerie:Hydra","floor":14.0,"turns":2.0},{"damage":0.0,"enemies":"Menagerie:AVATARS","floor":16.0,"turns":5.0},{"damage":7.0,"enemies":"Gensokyo:AngelMirror","floor":18.0,"turns":2.0},{"damage":0.0,"enemies":"Gensokyo:3_Dogs","floor":20.0,"turns":3.0},{"damage":4.0,"enemies":"conspire:MimicChest","floor":21.0,"turns":4.0},{"damage":20.0,"enemies":"Gensokyo:Tenshi","floor":25.0,"turns":3.0},{"damage":0.0,"enemies":"Gensokyo:Reisen","floor":27.0,"turns":5.0},{"damage":0.0,"enemies":"Gensokyo:Wraith","floor":28.0,"turns":7.0},{"damage":7.0,"enemies":"Nightmare","floor":29.0,"turns":5.0},{"damage":0.0,"enemies":"Gensokyo:Reisen","floor":31.0,"turns":4.0},{"damage":5.0,"enemies":"Gensokyo:Tenshi","floor":33.0,"turns":5.0},{"damage":0.0,"enemies":"Gensokyo:Kaguya","floor":35.0,"turns":7.0},{"damage":0.0,"enemies":"Hallownest:3_Siblings","floor":37.0,"turns":4.0},{"damage":16.0,"enemies":"Hallownest:2_Littles","floor":38.0,"turns":4.0},{"damage":2.0,"enemies":"Hallownest:2_Wandering_and_1_Horned","floor":39.0,"turns":5.0},{"damage":0.0,"enemies":"Hallownest:Shield_Sturdy","floor":41.0,"turns":5.0},{"damage":0.0,"enemies":"Hallownest:StalkingDevout","floor":43.0,"turns":5.0},{"damage":2.0,"enemies":"Hallownest:2_Great","floor":45.0,"turns":8.0},{"damage":2.0,"enemies":"Hallownest:eliteHiveKnight","floor":46.0,"turns":4.0},{"damage":0.0,"enemies":"Hallownest:BossGreyPrinceZote","floor":52.0,"turns":6.0},{"damage":12.0,"enemies":"Hallownest:BossHollowKnight","floor":53.0,"turns":5.0},{"damage":3.0,"enemies":"Hallownest:BossHollowKnight","floor":54.0,"turns":4.0},{"damage":45.0,"enemies":"Hallownest:BossHollowKnight","floor":55.0,"turns":5.0},{"damage":8.0,"enemies":"Hallownest:BossHollowKnight","floor":59.0,"turns":7.0}],"seed_played":"2055909585331845602","potions_obtained":[{"floor":11.0,"key":"Regen Potion"},{"floor":18.0,"key":"MagicPotion:ReiMu"},{"floor":20.0,"key":"FearPotion"},{"floor":25.0,"key":"PowerPotion"},{"floor":37.0,"key":"Reflective Coating"},{"floor":39.0,"key":"Elixir"},{"floor":54.0,"key":"LiquidBronze"}],"is_trial":true,"path_per_floor":["?","?","$","M","?","R","E","R","MIM","R","M","?","R","E","R","B",null,"M","AVR","M","?","PTL","PTL","?","E","R","E","MIM","NM","COS","E","R","E","R","B",null,"M","M","M","?","M","R","E","R","MIM","E","R","R","?","$","R_BF","B","B","M","M","$","$","R","M","R","$"],"character_chosen":"THE_CURSED","items_purchased":["TheCursedMod:LuckyCharm","MerchantsRug","expansioncontent:Hexaburn","ReplayUltimateDefense","hubris:BottledRain","TheCursedMod:WearCloak","TheCursedMod:FleshFromBone","Lizard Tail","trackpad:ByrdBGone","Apotheosis","TheCursedMod:WearCloak+1","reliquary:Firecrackers","conspire:Banana","ForgetMeNow","trackpad:SneckoScepter","TheCursedMod:FleshFromBone","TheCursedMod:SpitefulStrike","StuffTheSpire:Saxophone","REME_CardOfGreed","ReplayTheSpireMod:Brewmster","ReplayTheSpireMod:CursedCoin","TheCursedMod:FleshFromBone","trackpad:DisasterInABottle","Blue Doll","reliquary:PartyBalloon","trackpad:CultistFigurine","TheCursedMod:FleshFromBone","TheCursedMod:SpitefulPlan","TheCursedMod:Hemoplague","REME_BodyOfCthun"],"campfire_rested":0,"item_purchase_floors":[3,3,3,3,3,3,13,13,13,13,13,13,17,44,44,44,44,50,50,50,51,51,51,56,56,56,56,56,61,61],"current_hp_per_floor":[37,37,37,37,40,40,30,30,21,21,21,21,21,21,21,43,41,34,34,35,36,36,36,22,28,28,30,51,46,46,48,48,50,50,56,59,59,44,44,44,45,45,47,47,49,48,48,48,48,48,48,66,76,96,61,61,61,61,60,60,87,87],"gold":214,"neow_bonus":"","is_daily":false,"chose_seed":false,"campfire_upgraded":11,"win_rate":0.0,"timestamp":1612849470,"path_taken":["?","?","$","?","?","R","E","R","MIM","R","M","?","R","E","R","BOSS","M","AVR","M","?","PTL","PTL","?","E","R","E","MIM","NM","COS","E","R","E","R","BOSS","M","M","?","?","M","R","E","R","MIM","E","R","R","?","$","R_BF","BOSS","BOSS","M","M","?","$","R","M","R","$"],"items_purchased_type":["Card","Relic","Card","Card","Relic","Card","Card","Relic","Relic","Card","Card","Relic","Card","Relic","Relic","Card","Card","Relic","Relic","Card","Relic","Card","Relic","Relic","Relic","Relic","Card","Card","Card","Card"],"build_version":"2020-12-22","purchased_purges":3,"victory":false,"max_hp_per_floor":[37,37,37,37,40,40,43,43,43,43,43,43,43,43,43,43,41,41,41,42,47,47,47,47,47,47,49,51,53,53,55,55,57,57,63,63,63,65,68,68,69,69,72,72,79,80,80,80,80,80,80,90,101,109,121,121,121,121,132,132,132,132],"relic_stats":{"Lizard Tail":0,"counters":[28,129],"Orichalcum":[204],"obtain_stats":[{"Ice Cream":19,"reliquary:PartyBalloon":56,"reliquary:Firecrackers":13,"Spirit Poop":53,"Blue Doll":56,"trackpad:ByrdBGone":13,"wanderingMiniBosses:AbyssPearl":39,"Replay:Mystery Machine":27,"HeavenlyBonsai":33,"trackpad:DisasterInABottle":51,"qcfpunch:Crimson_Sash":36,"trackpad:SneckoScepter":44,"Frozen Eye":19,"DeathBook":43,"Lizard Tail":13,"hubris:Backtick":19,"Bromod:ArcaneTrickery":14,"trackpad:AdjectivePendant":35,"trackpad:CultistFigurine":56,"KeepersGift":0,"TheCursedMod:BlackMagic101":0,"MerchantsRug":3,"paleoftheancients:KeyRelic":53,"Dota2Spire:UrnOfShadows":9,"ReplayTheSpireMod:Ninjato":12,"halation:QuantumPhysicsTextbook":25,"ReplayTheSpireMod:CursedCoin":51,"Hallownest:SoulVesselRelic":40,"StuffTheSpire:Saxophone":50,"infinitespire:Joker Card":52,"aspiration:HummingbirdHeart":29,"Orichalcum":7,"paleoftheancients:Timepiece":53,"D6":0,"Anchor":31,"conspire:GiftBox":61,"TheCursedMod:OminousMark":17,"qcfpunch:School_Backpack":28,"ForgetMeNow":44,"halation:EternalFortune":5,"Garlic":46,"paleoftheancients:SoulOfTheSilent":55,"GuppysHead":21,"REME_CardOfGreed":50,"HushsDoor":0,"TungstenRod":0,"REME_ComplimentaryCards":0,"hubris:BottledRain":3},{"Ice Cream":7,"reliquary:PartyBalloon":27,"reliquary:Firecrackers":4,"Spirit Poop":25,"Blue Doll":27,"trackpad:ByrdBGone":4,"wanderingMiniBosses:AbyssPearl":19,"Replay:Mystery Machine":11,"HeavenlyBonsai":15,"trackpad:DisasterInABottle":23,"qcfpunch:Crimson_Sash":16,"trackpad:SneckoScepter":21,"Frozen Eye":7,"DeathBook":21,"Lizard Tail":4,"hubris:Backtick":7,"Bromod:ArcaneTrickery":5,"trackpad:AdjectivePendant":16,"trackpad:CultistFigurine":27,"KeepersGift":0,"TheCursedMod:BlackMagic101":0,"MerchantsRug":0,"paleoftheancients:KeyRelic":25,"Dota2Spire:UrnOfShadows":3,"ReplayTheSpireMod:Ninjato":4,"halation:QuantumPhysicsTextbook":10,"ReplayTheSpireMod:CursedCoin":23,"Hallownest:SoulVesselRelic":19,"StuffTheSpire:Saxophone":23,"infinitespire:Joker Card":24,"aspiration:HummingbirdHeart":13,"Orichalcum":2,"paleoftheancients:Timepiece":25,"D6":0,"Anchor":14,"conspire:GiftBox":28,"TheCursedMod:OminousMark":6,"qcfpunch:School_Backpack":12,"ForgetMeNow":21,"halation:EternalFortune":1,"Garlic":23,"paleoftheancients:SoulOfTheSilent":27,"GuppysHead":9,"REME_CardOfGreed":23,"HushsDoor":0,"TungstenRod":0,"REME_ComplimentaryCards":0,"hubris:BottledRain":0},{"Ice Cream":24,"reliquary:PartyBalloon":122,"reliquary:Firecrackers":15,"Spirit Poop":113,"Blue Doll":122,"trackpad:ByrdBGone":15,"wanderingMiniBosses:AbyssPearl":80,"Replay:Mystery Machine":39,"HeavenlyBonsai":60,"trackpad:DisasterInABottle":102,"qcfpunch:Crimson_Sash":67,"trackpad:SneckoScepter":90,"Frozen Eye":24,"DeathBook":90,"Lizard Tail":15,"hubris:Backtick":24,"Bromod:ArcaneTrickery":17,"trackpad:AdjectivePendant":67,"trackpad:CultistFigurine":122,"KeepersGift":0,"TheCursedMod:BlackMagic101":0,"MerchantsRug":0,"paleoftheancients:KeyRelic":113,"Dota2Spire:UrnOfShadows":13,"ReplayTheSpireMod:Ninjato":15,"halation:QuantumPhysicsTextbook":34,"ReplayTheSpireMod:CursedCoin":102,"Hallownest:SoulVesselRelic":80,"StuffTheSpire:Saxophone":102,"infinitespire:Joker Card":104,"aspiration:HummingbirdHeart":51,"Orichalcum":8,"paleoftheancients:Timepiece":113,"D6":0,"Anchor":55,"conspire:GiftBox":129,"TheCursedMod:OminousMark":22,"qcfpunch:School_Backpack":46,"ForgetMeNow":90,"halation:EternalFortune":4,"Garlic":102,"paleoftheancients:SoulOfTheSilent":122,"GuppysHead":31,"REME_CardOfGreed":102,"HushsDoor":0,"TungstenRod":0,"REME_ComplimentaryCards":0,"hubris:BottledRain":0}],"TungstenRod":51},"card_choices":[{"not_picked":["Trip","TheCursedMod:RavingStaff"],"picked":"TheCursedMod:CursedShiv","floor":4.0},{"not_picked":["HandOfGreed","StuffTheSpire:Recharge"],"picked":"TheCursedMod:ShockAndAwe","floor":7.0},{"not_picked":["TheCursedMod:SaltUponWound","expansioncontent:AwakenDeath"],"picked":"TheCursedMod:WearCloak","floor":9.0},{"not_picked":["TheCursedMod:Stretching","TheCursedMod:CursedMace","TheCursedMod:Grudge"],"picked":"SKIP","floor":11.0},{"not_picked":["Secret Weapon","Feint"],"picked":"TheCursedMod:ForbiddenAlchemy","floor":14.0},{"not_picked":["Poisoned Strike","Battery"],"picked":"REME_AllRoundStrike","floor":16.0},{"not_picked":["TheCursedMod:CircleOfFlame","Good Instincts+1"],"picked":"BettingIsNotGood","floor":18.0},{"not_picked":["TheCursedMod:TacticalStrike","TheCursedMod:CursedAmulet","TheCursedMod:Grudge"],"picked":"SKIP","floor":20.0},{"not_picked":["TheCursedMod:TacticalStrike","TheCursedMod:Wield"],"picked":"expansioncontent:Chronoboost","floor":21.0},{"not_picked":["REME_AllRoundStrike","Metamorphosis"],"picked":"REME_WheelOfFate","floor":25.0},{"not_picked":["expansioncontent:Corrupt","expansioncontent:StudyTheSpire"],"picked":"Poisoned Strike","floor":27.0},{"not_picked":["TheCursedMod:RapidMovement","TheCursedMod:CircleOfAmplification"],"picked":"TheCursedMod:SpitefulStrike","floor":28.0},{"not_picked":["Brilliance","Replay:LoomingThreat"],"picked":"Alpha","floor":29.0},{"not_picked":["REME_BattleFury","Battery"],"picked":"hubris:EnhanceAbility","floor":29.0},{"not_picked":["Scrawl","Ragnarok"],"picked":"DevaForm","floor":31.0},{"not_picked":["Battery","Feint"],"picked":"REME_MawOfCthun","floor":31.0},{"not_picked":["Machine Learning","Rainbow"],"picked":"Echo Form","floor":33.0},{"not_picked":["REME_ProfessionalPlagiarism","TheCursedMod:CircleOfAbyss","TheCursedMod:UltimatePain"],"picked":"SKIP","floor":33.0},{"not_picked":["All For One","Reboot"],"picked":"Mirror Shield","floor":35.0},{"not_picked":["ChaosCard","TheCursedMod:DarkBarrier"],"picked":"REME_HeartOfCthun","floor":35.0},{"not_picked":["Replay:ManipulateFuture","ClearTheMind","TalkToTheHand"],"picked":"SKIP","floor":37.0},{"not_picked":["TheCursedMod:CircleOfCorruption","TheCursedMod:Wield","TheCursedMod:StingEye+1"],"picked":"SKIP","floor":37.0},{"not_picked":["Assess","TheCursedMod:TacticalStrike+1","TheCursedMod:Stigma"],"picked":"SKIP","floor":38.0},{"not_picked":["TheCursedMod:SurpriseAttack+1","expansioncontent:GoopSpray","ReplayTheSpireMod:Uncanny Aura"],"picked":"SKIP","floor":39.0},{"not_picked":["expansioncontent:Chronoboost","TheCursedMod:Torture"],"picked":"Specialist","floor":41.0},{"not_picked":["Battery","REME_AllRoundStrike"],"picked":"REME_Flogging","floor":43.0},{"not_picked":["expansioncontent:DonusPower","expansioncontent:SuperHexaguard"],"picked":"expansioncontent:GuardianWhirl","floor":45.0},{"not_picked":["Violence","Master of Strategy"],"picked":"TheCursedMod:AntiAging","floor":46.0},{"not_picked":["ReplayTheSpireMod:Haul","hubris:Rewind"],"picked":"infinitespire:Oblivion","floor":49.0},{"not_picked":["TheCursedMod:Obscuration+1","expansioncontent:AwakenDeath","TheCursedMod:Wield"],"picked":"SKIP","floor":54.0},{"not_picked":["expansioncontent:AwakenDeath","TheCursedMod:Wield"],"picked":"expansioncontent:CaCaw","floor":55.0},{"not_picked":["TheCursedMod:SurpriseAttack","StuffTheSpire:PlasmaPulse"],"picked":"TheCursedMod:LuckyCharm+1","floor":59.0},{"not_picked":["expansioncontent:QuickStudy","REME_Flogging"],"picked":"TheCursedMod:AntiAging","floor":61}],"player_experience":3998326,"relics_obtained":[{"floor":7.0,"key":"halation:EternalFortune"},{"floor":7.0,"key":"Orichalcum"},{"floor":9.0,"key":"Dota2Spire:UrnOfShadows"},{"floor":14.0,"key":"Bromod:ArcaneTrickery"},{"floor":21.0,"key":"GuppysHead"},{"floor":21.0,"key":"halation:EternalFortune"},{"floor":25.0,"key":"halation:QuantumPhysicsTextbook"},{"floor":27.0,"key":"Replay:Mystery Machine"},{"floor":28.0,"key":"qcfpunch:School_Backpack"},{"floor":29.0,"key":"aspiration:HummingbirdHeart"},{"floor":31.0,"key":"Anchor"},{"floor":33.0,"key":"HeavenlyBonsai"},{"floor":39.0,"key":"wanderingMiniBosses:AbyssPearl"},{"floor":43.0,"key":"DeathBook"},{"floor":46.0,"key":"Garlic"},{"floor":55.0,"key":"paleoftheancients:SoulOfTheSilent"},{"floor":59.0,"key":"paleoftheancients:SoulOfTheDefect"}],"event_choices":[{"damage_healed":0.0,"max_hp_gain":0.0,"max_hp_loss":0.0,"gold_gain":0.0,"cards_transformed":["TheCursedMod:SmokeScreen"],"event_name":"Menagerie:MagesHand","player_choice":"Grasp","floor":2.0,"gold_loss":0.0,"damage_taken":0.0,"cards_obtained":["Menagerie:Languish"]}],"is_beta":false,"boss_relics":[{"not_picked":["Philosopher\u0027s Stone","aspiration:RandomNobGenerator"],"picked":"TheCursedMod:OminousMark"},{"not_picked":[]},{"not_picked":["TheCursedMod:BlackMagicAdvanced","halation:HeavySnake"],"picked":"qcfpunch:Crimson_Sash"},{"not_picked":[]}],"items_purged_floors":[44,44,51],"is_endless":false,"potions_floor_spawned":[11,18,20,25,29,35,37,39,46,54],"ascension_level":20,"is_humility":true}}