{"host":"3y33rrrkia6pkpow","time":1612896253,"event":{"mods":["2.2 Compatiblity","AchievementEnabler","Act Like it!","BaseMod","BetterRewards","Block Reminder","Colored Map","Colored Powertips","DeckTracker","Faster Ascension Climbing","Gensokyo","Highlight Path","Infinite Spire","Minty Spire (QoL Compilation)","Quick Restart","Rare Cards Sparkle","Replay The Spire","Shop Mod","Spicy Shops","StSLib","Synergy Search","The Animator","The Blue Laboratory","Unknown Chances"],"gold_per_floor":[118,118,118,136,152,152,193,13,13,46,99,99,29,57,57,155,155,167,417,440,440,440,481,481,511,511,511,536,224,224,9,9,118,118,129,140,140,150,150,150,168,168,168,188,220,233,263,173,173,173],"floor_reached":51,"language":"ENG","playtime":7256,"items_purged":["ReplayTheSpireMod:Splinters","animator:Strike","animator:Strike","animator:Strike"],"score":1428,"play_id":"a9aaa960-a427-479e-a719-d8b72650cc61","local_time":"20210209124413","is_ascension_mode":true,"campfire_choices":[{"data":"animator:TomoeKashiwaba","floor":5.0,"key":"SMITH"},{"floor":6.0,"key":"REST"},{"data":"animator:UryuuIshida","floor":10.0,"key":"SMITH"},{"data":"animator:Suiseiseki","floor":14.0,"key":"SMITH"},{"data":"animator:Rorona","floor":15.0,"key":"SMITH"},{"data":"animator:Guy","floor":16.0,"key":"SMITH"},{"data":"animator:Konayuki","floor":18.0,"key":"SMITH"},{"data":"animator:Emonzaemon","floor":20.0,"key":"SMITH"},{"floor":24.0,"key":"REST"},{"data":"animator:HinaKagiyama","floor":27.0,"key":"SMITH"},{"data":"animator:Konayuki","floor":28.0,"key":"SMITH"},{"data":"animator:Emonzaemon","floor":30.0,"key":"SMITH"},{"data":"animator:Kuroyukihime","floor":32.0,"key":"SMITH"},{"data":"animator:SajinKomamura","floor":40.0,"key":"SMITH"},{"data":"animator:SilverFang","floor":41.0,"key":"SMITH"},{"floor":42.0,"key":"REST"},{"data":"animator:IkkakuMadarame","floor":46.0,"key":"SMITH"},{"floor":49.0,"key":"REST"}],"circlet_count":0,"master_deck":["AscendersBane","animator:Defend_Bleach","animator:Defend","animator:Defend","animator:Defend","animator:UryuuIshida","animator:UryuuIshida+1","animator:Guy+1","animator:RenjiArakai","animator:SilverFang","animator:Rorona+1","animator:RenjiArakai","animator:HiiragiShinya","animator:SilverFang+1","Clumsy","animator:TomoeKashiwaba+1","animator:HigakiRinne","animator:SajinKomamura+1","animator:Nyanta","animator:Konayuki+1","ReplayTheSpireMod:Splinters","animator:Emonzaemon+1","animator:Suiseiseki+1","animator:Shichika+1","animator:Shinku","CurseOfTheBell","CommonCold","CurseOfTheBell","animator:IkkakuMadarame+1","animator:IchigoKurosaki","animator:HinaKagiyama+1","animator:Curse_Dizziness","animator:Konayuki+1","animator:Kuribayashi+1","animator:Shichika+1","animator:Emonzaemon+1","animator:Shigure","animator:Tohya","animator:Tohya","animator:Kuroyukihime+1","animator:Guy","animator:Saitama","animator:Isuzu+1","animator:Shichika","Gensokyo:CustomPotion"],"relics":["animator:LivingPicture","animator:TheMissingPiece","animator:PurgingStone","ReplayTheSpireMod:CursedCoin","BargainBundle","Question Card","PreservedInsect","Paper Frog","Membership Card","Nunchaku","Gensokyo:NagashiBinaDoll","Happy Flower","animator:MantleOfTheStrategist","Art of War","Onion Ring","Replay:Wax Seal","infinitespire:PuzzleCube","Gremlin Horn","Replay:Ancient Bell","Boot","Singing Bowl","Torii","Blood Vial","infinitespire:WardingShard","Toy Ornithopter","Strange Spoon","Replay:Baseball","Pear","Pantograph","Busted Crown","Golden Egg","White Beast Statue","TungstenRod"],"acts_visited":["Gensokyo:Gensokyo","Gensokyo:Gensokyoer","Gensokyo:Gensokyoest"],"potions_floor_usage":[50,50],"damage_taken":[{"damage":1.0,"enemies":"Gensokyo:2_Kodama","floor":1.0,"turns":2.0},{"damage":1.0,"enemies":"Gensokyo:3_Fairies","floor":4.0,"turns":3.0},{"damage":17.0,"enemies":"Gensokyo:Gryphon","floor":5.0,"turns":5.0},{"damage":0.0,"enemies":"Gensokyo:Cirno","floor":7.0,"turns":4.0},{"damage":0.0,"enemies":"Gensokyo:Mamizou","floor":10.0,"turns":9.0},{"damage":0.0,"enemies":"Gensokyo:Aya","floor":14.0,"turns":3.0},{"damage":3.0,"enemies":"Gensokyo:Kokoro","floor":16.0,"turns":10.0},{"damage":14.0,"enemies":"Gensokyo:CosmicMonolith","floor":18.0,"turns":8.0},{"damage":13.0,"enemies":"Gensokyo:AngelMirror","floor":20.0,"turns":3.0},{"damage":1.0,"enemies":"Gensokyo:Tenshi","floor":23.0,"turns":6.0},{"damage":0.0,"enemies":"Gensokyo:Reisen","floor":25.0,"turns":3.0},{"damage":9.0,"enemies":"Gensokyo:Koishi","floor":28.0,"turns":6.0},{"damage":49.0,"enemies":"Gensokyo:Eiki","floor":33.0,"turns":9.0},{"damage":1.0,"enemies":"Gensokyo:3_Boulders","floor":35.0,"turns":4.0},{"damage":2.0,"enemies":"Gensokyo:AncientGuardian","floor":36.0,"turns":5.0},{"damage":9.0,"enemies":"Gensokyo:4_Bats","floor":38.0,"turns":3.0},{"damage":7.0,"enemies":"Gensokyo:Rafflesia","floor":41.0,"turns":8.0},{"damage":7.0,"enemies":"Gensokyo:Dusk_and_Dawn","floor":44.0,"turns":4.0},{"damage":11.0,"enemies":"Gensokyo:Doremy","floor":45.0,"turns":4.0},{"damage":29.0,"enemies":"Gensokyo:AtlasGolem","floor":46.0,"turns":5.0},{"damage":1.0,"enemies":"Gensokyo:Kasen","floor":47.0,"turns":5.0},{"damage":28,"enemies":"Gensokyo:Scarlet_Devils","floor":50,"turns":7}],"seed_played":"7782276251334801176","potions_obtained":[{"floor":1.0,"key":"LiquidMemories"},{"floor":7.0,"key":"Strength Potion"},{"floor":16.0,"key":"blueLaboratory:FruitPunch"},{"floor":20.0,"key":"blueLaboratory:FrostheartPotion"},{"floor":23.0,"key":"blueLaboratory:FruitPunch"},{"floor":25.0,"key":"GamblersBrew"},{"floor":35.0,"key":"Adrenaline Potion"},{"floor":45.0,"key":"Milkshake"},{"floor":47.0,"key":"DistilledChaos"}],"is_trial":false,"path_per_floor":["M","?","?","M","M","R","E","$","T","E","?","?","?","E","R","B",null,"M","?","M","?","?","E","R","E","T","R","E","$","R","$","R","B",null,"M","M","?","M","?","R","M","R","T","M","E","M","E","?","R","B",null],"character_chosen":"THE_ANIMATOR","items_purchased":["ReplayTheSpireMod:CursedCoin","animator:UryuuIshida","animator:Guy","BargainBundle","Question Card","PreservedInsect","animator:RenjiArakai","Paper Frog","animator:SilverFang","blueLaboratory:BottleOfVodka","SteroidPotion","blueLaboratory:FrostheartPotion","Membership Card","animator:Rorona","Nunchaku","animator:RenjiArakai","animator:HiiragiShinya","animator:Nyanta","Regal Pillow","Strange Spoon","Replay:Baseball","Pear","animator:Shigure","animator:Tohya","animator:Kuroyukihime","animator:Guy","Pantograph"],"campfire_rested":4,"item_purchase_floors":[0,0,0,0,0,0,0,0,0,0,0,0,0,0,0,0,0,8,8,29,29,29,29,31,31,31,31],"current_hp_per_floor":[44,44,44,43,26,45,45,45,45,45,45,45,45,45,45,42,60,47,47,36,36,36,35,55,57,57,57,50,60,60,60,60,30,67,70,70,70,65,65,65,62,85,85,80,76,51,59,59,86,65],"gold":173,"neow_bonus":"","is_daily":false,"chose_seed":true,"campfire_upgraded":14,"win_rate":0.0,"timestamp":1612896253,"path_taken":["M","?","?","M","?","R","E","$","T","E","?","?","?","E","R","BOSS","M","?","M","?","?","E","R","E","T","R","E","?","R","$","R","BOSS","M","M","?","?","?","R","M","R","T","M","E","M","E","?","R","BOSS"],"items_purchased_type":["Relic","Card","Card","Relic","Relic","Relic","Card","Relic","Card","Potion","Potion","Potion","Relic","Card","Relic","Card","Card","Card","Relic","Relic","Relic","Relic","Card","Card","Card","Card","Relic"],"build_version":"2020-12-22","purchased_purges":4,"victory":true,"max_hp_per_floor":[66,66,66,66,66,66,66,66,66,66,66,66,66,66,66,66,66,67,67,69,69,69,69,69,69,69,69,69,79,79,79,79,79,79,81,81,81,83,83,83,85,85,85,87,87,89,91,91,91,93],"card_choices":[{"not_picked":["animator:Gillette","animator:Hinaichigo","animator:Genos"],"picked":"animator:SilverFang","floor":1.0},{"not_picked":["animator:Mitsuba","animator:Ara","animator:Genos"],"picked":"animator:TomoeKashiwaba","floor":4.0},{"not_picked":["animator:Emonzaemon","animator:Chung","animator:YasutoraSado"],"picked":"animator:HigakiRinne","floor":5.0},{"not_picked":["animator:IchigoKurosaki","animator:RukiaKuchiki","animator:RenjiArakai"],"picked":"animator:SajinKomamura","floor":7.0},{"not_picked":["animator:Shigure","animator:Yoichi","animator:Suigintou"],"picked":"animator:Konayuki","floor":10.0},{"not_picked":["animator:Gillette","animator:Souseiseki","animator:YasutoraSado"],"picked":"animator:Emonzaemon","floor":11.0},{"not_picked":["animator:Ara","animator:Shigure","animator:AcuraShin"],"picked":"animator:Suiseiseki","floor":11.0},{"not_picked":["animator:Gillette","animator:Azekura","animator:IkkakuMadarame"],"picked":"animator:Shichika","floor":14.0},{"not_picked":["animator:Guren","animator:Boros","animator:ChaikaTrabant"],"picked":"animator:Shinku","floor":16.0},{"not_picked":["animator:Curse_Greed","ReplayTheSpireMod:Splinters","Shame"],"picked":"CurseOfTheBell","floor":17.0},{"not_picked":["Shame","ReplayTheSpireMod:IOU","Replay:Hysterical Blindness"],"picked":"CommonCold","floor":17.0},{"not_picked":["Doubt","animator:Curse_GriefSeed","animator:Curse_Rozen"],"picked":"CurseOfTheBell","floor":17.0},{"not_picked":["animator:Emonzaemon","animator:MayuriKurotsuchi","animator:Minori"],"picked":"animator:IkkakuMadarame","floor":18.0},{"not_picked":["animator:IkkakuMadarame","animator:MayuriKurotsuchi","animator:OrihimeInoue"],"picked":"animator:IchigoKurosaki","floor":20.0},{"not_picked":["animator:Suiseiseki","animator:Geryuganshoop","animator:Hinaichigo+1"],"picked":"animator:Kuribayashi+1","floor":23.0},{"not_picked":["animator:Marielle","animator:Rena","animator:YaoHaDucy+1"],"picked":"animator:Shichika+1","floor":25.0},{"not_picked":["animator:Saitama","animator:Tohya","animator:Mitsuba"],"picked":"animator:Emonzaemon","floor":28.0},{"not_picked":["animator:Shiroe","animator:ZarakiKenpachi","animator:Eve"],"picked":"animator:Saitama","floor":33.0},{"not_picked":["animator:OrihimeInoue","animator:UryuuIshida"],"picked":"Singing Bowl","floor":35.0},{"not_picked":["animator:UneriGinkaku+1"],"picked":"animator:Isuzu+1","floor":36.0},{"not_picked":["animator:Add+1","animator:Aisha"],"picked":"Singing Bowl","floor":38.0},{"not_picked":["animator:Suigintou","animator:MeguKakizaki"],"picked":"Singing Bowl","floor":41.0},{"not_picked":["animator:Marielle","animator:Rayneshia"],"picked":"Singing Bowl","floor":44.0},{"not_picked":["animator:TsurugaMeisai+1"],"picked":"animator:Shichika","floor":45.0},{"not_picked":["animator:Mikaela+1","animator:RenjiArakai"],"picked":"Singing Bowl","floor":46.0},{"not_picked":["animator:Chung","animator:Viivi"],"picked":"Singing Bowl","floor":47.0}],"player_experience":993624,"relics_obtained":[{"floor":7.0,"key":"animator:MantleOfTheStrategist"},{"floor":9.0,"key":"Art of War"},{"floor":10.0,"key":"Onion Ring"},{"floor":11.0,"key":"Replay:Wax Seal"},{"floor":14.0,"key":"Gremlin Horn"},{"floor":23.0,"key":"Blood Vial"},{"floor":26.0,"key":"infinitespire:WardingShard"},{"floor":28.0,"key":"Toy Ornithopter"},{"floor":43.0,"key":"Golden Egg"},{"floor":45.0,"key":"White Beast Statue"},{"floor":47.0,"key":"TungstenRod"}],"event_choices":[],"is_beta":false,"boss_relics":[{"not_picked":["Pandora\u0027s Box","Empty Cage"],"picked":"Replay:Ancient Bell"},{"not_picked":["Simple Rune","Red Skull"],"picked":"Boot"},{"not_picked":["Paper Crane","animator:BattleDrones"],"picked":"Singing Bowl"},{"not_picked":["animator:Mistletoe","Unceasing Top"],"picked":"Torii"},{"not_picked":["Astrolabe","Kintsugi"],"picked":"Busted Crown"}],"items_purged_floors":[0,0,0,0],"is_endless":false,"potions_floor_spawned":[1,7,16,20,23,25,35,38,45,46,47],"ascension_level":10}}