{"host":"u7lm8z2rvb4dg2oo","time":1612852386,"event":{"mods":["AchievementEnabler","BaseMod","Bestiary","Block Reminder","Colored Map","Colored Powertips","Curses Come First","DeckTracker","Googly Eyes","Highlight Path","Minty Spire (QoL Compilation)","Quick Restart","StSLib"],"gold_per_floor":[118,41,216,216,216,243,243,260,340,340,359,248,267,281,281,380,380,396,409,113,127,127,127,127],"floor_reached":23,"language":"ENG","playtime":1112,"items_purged":["Doubt"],"score":346,"play_id":"2b036c24-8280-443f-9489-69e4e85ed1fe","local_time":"20210209013306","is_ascension_mode":true,"campfire_choices":[{"data":"Terror","floor":7.0,"key":"SMITH"},{"data":"Footwork","floor":10.0,"key":"SMITH"},{"data":"Predator","floor":15.0,"key":"SMITH"}],"circlet_count":0,"master_deck":["AscendersBane","Strike_G","Strike_G","Strike_G","Strike_G","Strike_G","Defend_G+1","Defend_G","Defend_G","Defend_G+1","Defend_G","Survivor","Neutralize","Terror+1","Footwork+1","Well Laid Plans","Backstab","Dash","PiercingWail","Predator+1","After Image","CurseOfTheBell","Envenom"],"relics":["Ring of the Snake","NeowsBlessing","Matryoshka","Orichalcum","War Paint","Eternal Feather","Calling Bell","Omamori","Paper Crane","TungstenRod","Blood Vial","Sling","MutagenicStrength"],"acts_visited":["Exordium","TheCity"],"potions_floor_usage":[21,21],"damage_taken":[{"damage":0.0,"enemies":"Small Slimes","floor":1.0,"turns":1.0},{"damage":0.0,"enemies":"3 Sentries","floor":6.0,"turns":1.0},{"damage":0.0,"enemies":"Jaw Worm","floor":8.0,"turns":1.0},{"damage":0.0,"enemies":"2 Louse","floor":11.0,"turns":3.0},{"damage":5.0,"enemies":"Large Slime","floor":13.0,"turns":9.0},{"damage":3.0,"enemies":"Looter","floor":14.0,"turns":4.0},{"damage":4.0,"enemies":"The Guardian","floor":16.0,"turns":13.0},{"damage":0.0,"enemies":"Chosen","floor":18.0,"turns":5.0},{"damage":9.0,"enemies":"Spheric Guardian","floor":19.0,"turns":8.0},{"damage":46,"enemies":"3 Cultists","floor":21,"turns":8},{"damage":24,"enemies":"Gremlin Leader","floor":23,"turns":3}],"seed_played":"-3715661544113239416","potions_obtained":[{"floor":1.0,"key":"Strength Potion"},{"floor":13.0,"key":"EssenceOfSteel"},{"floor":16.0,"key":"SpeedPotion"},{"floor":19.0,"key":"Energy Potion"}],"is_trial":false,"path_per_floor":["M","$","?","?","?","E","R","M","T","R","M","$","M","M","R","B",null,"M","M","$","M","?","E"],"character_chosen":"THE_SILENT","items_purchased":["Footwork","Dash","Blood Vial","Sling"],"campfire_rested":0,"item_purchase_floors":[2,12,20,20],"current_hp_per_floor":[63,63,63,68,50,50,50,50,50,59,59,59,54,51,63,59,71,71,62,62,18,18,0,0],"gold":127,"neow_bonus":"THREE_ENEMY_KILL","is_daily":false,"chose_seed":false,"campfire_upgraded":3,"win_rate":0.0,"timestamp":1612852386,"path_taken":["M","$","?","?","?","E","R","M","T","R","M","$","M","M","R","BOSS","M","M","$","M","?","E"],"items_purchased_type":["Card","Card","Relic","Relic"],"build_version":"2020-12-22","purchased_purges":1,"victory":false,"max_hp_per_floor":[70,70,70,75,75,75,75,75,75,75,75,75,75,75,75,75,75,75,75,75,75,75,75,75],"card_choices":[{"not_picked":["Bane","Setup"],"picked":"Terror","floor":1.0},{"not_picked":["Backflip","Poisoned Stab"],"picked":"Well Laid Plans","floor":6.0},{"not_picked":["Bane","Heel Hook"],"picked":"Backstab","floor":8.0},{"not_picked":["Escape Plan","All Out Attack","Dagger Spray"],"picked":"SKIP","floor":11.0},{"not_picked":["Setup","Bane"],"picked":"PiercingWail","floor":13.0},{"not_picked":["Riddle With Holes","Outmaneuver"],"picked":"Predator","floor":14.0},{"not_picked":["Phantasmal Killer","Die Die Die"],"picked":"After Image","floor":16.0},{"not_picked":["Deflect","Concentrate","Acrobatics"],"picked":"SKIP","floor":18.0},{"not_picked":["Reflex","Dagger Throw","Crippling Poison"],"picked":"SKIP","floor":19.0},{"not_picked":["Noxious Fumes","Sucker Punch"],"picked":"Envenom","floor":21}],"player_experience":1066415,"relics_obtained":[{"floor":6.0,"key":"Orichalcum"},{"floor":9.0,"key":"War Paint"},{"floor":9.0,"key":"Eternal Feather"},{"floor":17.0,"key":"Omamori"},{"floor":17.0,"key":"Paper Crane"},{"floor":17.0,"key":"TungstenRod"}],"event_choices":[{"damage_healed":0.0,"max_hp_gain":0.0,"max_hp_loss":0.0,"gold_gain":175.0,"event_name":"Liars Game","player_choice":"AGREE","floor":3.0,"gold_loss":0.0,"damage_taken":0.0,"cards_obtained":["Doubt"]},{"damage_healed":0.0,"max_hp_gain":5.0,"max_hp_loss":0.0,"gold_gain":0.0,"event_name":"Big Fish","player_choice":"Donut","floor":4.0,"gold_loss":0.0,"damage_taken":0.0},{"damage_healed":0.0,"max_hp_gain":0.0,"max_hp_loss":0.0,"gold_gain":0.0,"event_name":"Scrap Ooze","player_choice":"Success","floor":5.0,"gold_loss":0.0,"damage_taken":18.0,"relics_obtained":["Matryoshka"]},{"damage_healed":0,"gold_gain":0,"player_choice":"Inject Mutagens","damage_taken":0,"relics_obtained":["MutagenicStrength"],"max_hp_gain":0,"max_hp_loss":0,"event_name":"Drug Dealer","floor":22,"gold_loss":0}],"is_beta":false,"boss_relics":[{"not_picked":["Tiny House","Empty Cage"],"picked":"Calling Bell"}],"items_purged_floors":[12],"is_endless":false,"potions_floor_spawned":[1,13,16,18,19],"killed_by":"Gremlin Leader","ascension_level":12}}