{"host":"nnt34ungdh9fkcmy","time":1612845167,"event":{"mods":["BaseMod","Minty Spire (QoL Compilation)","StSLib","SuperFastMode"],"gold_per_floor":[116,130,146,146,221,221,232,265,313,332,332,357,370,381,381,485,485,501,513,513,531,543,543,543],"floor_reached":23,"language":"ENG","playtime":591,"items_purged":[],"score":308,"play_id":"4c7080d9-f973-48fe-9084-6a5354548a4d","local_time":"20210208213247","is_ascension_mode":true,"campfire_choices":[{"data":"Streamline","floor":6,"key":"SMITH"},{"data":"Cold Snap","floor":11,"key":"SMITH"},{"data":"Darkness","floor":15,"key":"SMITH"}],"circlet_count":0,"master_deck":["Strike_B","Strike_B","Strike_B","Defend_B","Defend_B","Defend_B","Defend_B","Zap","Dualcast","Streamline+1","Cold Snap+1","Cold Snap","Gash","Darkness+1","All For One","Capacitor+1","Hologram","Streamline+1"],"relics":["Cracked Core","NeowsBlessing","Symbiotic Virus","Vajra","Anchor","Coffee Dripper"],"acts_visited":["Exordium","TheCity"],"potions_floor_usage":[7,12,21],"damage_taken":[{"damage":0,"enemies":"Jaw Worm","floor":1,"turns":1},{"damage":0,"enemies":"Small Slimes","floor":2,"turns":1},{"damage":0,"enemies":"Cultist","floor":3,"turns":1},{"damage":15,"enemies":"Gremlin Gang","floor":7,"turns":2},{"damage":14,"enemies":"Gremlin Nob","floor":8,"turns":4},{"damage":0,"enemies":"Large Slime","floor":10,"turns":2},{"damage":1,"enemies":"3 Sentries","floor":12,"turns":5},{"damage":0,"enemies":"Red Slaver","floor":13,"turns":2},{"damage":0,"enemies":"2 Fungi Beasts","floor":14,"turns":3},{"damage":0,"enemies":"Slime Boss","floor":16,"turns":4},{"damage":11,"enemies":"2 Thieves","floor":18,"turns":4},{"damage":0,"enemies":"Chosen","floor":19,"turns":3},{"damage":30,"enemies":"Sentry and Sphere","floor":21,"turns":6},{"damage":21,"enemies":"Cultist and Chosen","floor":22,"turns":6},{"damage":9,"enemies":"Shelled Parasite and Fungi","floor":23,"turns":2}],"seed_played":"7302468092409712229","potions_obtained":[{"floor":1,"key":"Explosive Potion"},{"floor":3,"key":"DistilledChaos"},{"floor":13,"key":"CultistPotion"},{"floor":16,"key":"Energy Potion"},{"floor":18,"key":"FearPotion"}],"is_trial":false,"path_per_floor":["M","M","M","?","?","R","M","E","T","M","R","E","M","M","R","B",null,"M","M","?","M","M","M"],"character_chosen":"DEFECT","items_purchased":[],"campfire_rested":0,"item_purchase_floors":[],"current_hp_per_floor":[75,75,75,68,61,61,46,32,32,32,32,31,31,31,31,31,75,64,64,58,28,7,0,0],"gold":543,"neow_bonus":"THREE_ENEMY_KILL","is_daily":false,"chose_seed":false,"campfire_upgraded":3,"win_rate":0.0,"timestamp":1612845167,"path_taken":["M","M","M","?","?","R","M","E","T","M","R","E","?","M","R","BOSS","M","?","?","?","M","M"],"items_purchased_type":[],"build_version":"2020-12-22","purchased_purges":0,"victory":false,"max_hp_per_floor":[75,75,75,75,75,75,75,75,75,75,75,75,75,75,75,75,75,75,75,75,75,75,75,75],"card_choices":[{"not_picked":["BootSequence","Double Energy"],"picked":"Streamline","floor":1},{"not_picked":["Rebound","Beam Cell"],"picked":"Cold Snap","floor":2},{"not_picked":["Stack","Beam Cell","Force Field"],"picked":"SKIP","floor":3},{"not_picked":["Leap","Conserve Battery"],"picked":"Cold Snap","floor":7},{"not_picked":["Redo","Buffer","Chaos"],"picked":"SKIP","floor":8},{"not_picked":["Hologram","Cold Snap","Scrape"],"picked":"SKIP","floor":10},{"not_picked":["Streamline","Stack"],"picked":"Gash","floor":12},{"not_picked":["Rip and Tear","Beam Cell"],"picked":"Darkness","floor":13},{"not_picked":["Stack","Compile Driver","Tempest"],"picked":"SKIP","floor":14},{"not_picked":["Fission","Amplify"],"picked":"All For One","floor":16},{"not_picked":["Blizzard","Cold Snap+1"],"picked":"Capacitor+1","floor":18},{"not_picked":["Coolheaded","Sweeping Beam+1"],"picked":"Hologram","floor":19},{"not_picked":["Melter+1","Compile Driver+1","Sweeping Beam"],"picked":"SKIP","floor":21},{"not_picked":["Beam Cell+1","Conserve Battery"],"picked":"Streamline+1","floor":22}],"player_experience":110137,"relics_obtained":[{"floor":8,"key":"Symbiotic Virus"},{"floor":9,"key":"Vajra"},{"floor":12,"key":"Anchor"}],"event_choices":[{"cards_removed":["Strike_B"],"damage_healed":0,"gold_gain":0,"player_choice":"Card Removal","damage_taken":7,"max_hp_gain":0,"max_hp_loss":0,"event_name":"Golden Wing","floor":4,"gold_loss":0},{"damage_healed":0,"gold_gain":75,"player_choice":"Touch","damage_taken":7,"max_hp_gain":0,"max_hp_loss":0,"event_name":"FaceTrader","floor":5,"gold_loss":0},{"damage_healed":0,"gold_gain":0,"player_choice":"","damage_taken":6,"max_hp_gain":0,"max_hp_loss":0,"event_name":"Knowing Skull","floor":20,"potions_obtained":[],"gold_loss":0,"cards_obtained":[]}],"is_beta":false,"boss_relics":[{"not_picked":["Calling Bell","Astrolabe"],"picked":"Coffee Dripper"}],"items_purged_floors":[],"is_endless":false,"potions_floor_spawned":[1,3,13,16,18],"killed_by":"Shelled Parasite and Fungi","ascension_level":4}}