{"host":"mychigd5o98hbqtx","time":1612889933,"event":{"mods":["2.2 Compatiblity","Act Like it!","Aspiration","BaseMod","Better Sensory Stone","Better Third Choice","BetterRewards","Block Reminder","Bossed Relics","Fox Events","Friendly Minions","GifTheSpireLib","Jedi Mod","Minty Spire (QoL Compilation)","Pale of the Ancients","Reliquary","Replay The Spire","StSLib","SuperFastMode","Wandering Minibosses"],"gold_per_floor":[112,112,123,169,169,169,198,198,198,225,235,245,273,290,290,387,387,398,7,27,37,37,70,70,70,70,70,82,99,99,119,119,219,219,232,57,71,84,96,125,142,142,142],"floor_reached":42,"language":"RUS","playtime":1806,"items_purged":["Defend_B","Defend_B"],"score":547,"play_id":"e4e1836d-4061-4df5-be53-fdd0d11f5345","local_time":"20210209195853","is_ascension_mode":false,"campfire_choices":[{"data":"Zap","floor":6,"key":"SMITH"},{"data":"Sunder","floor":8,"key":"SMITH"},{"data":"jedi:meditation","floor":15,"key":"SMITH"},{"floor":27,"key":"REST"},{"data":"jedi:meditation","floor":30,"key":"SMITH"},{"floor":32,"key":"REST"}],"circlet_count":0,"master_deck":["Strike_B","Strike_B","Strike_B","Strike_B","Defend_B","Defend_B","Zap+1","Gash","Sunder+1","jedi:BurstFrost","FTL","jedi:meditation+1","Gash","jedi:meditation+1","Glacier","Storm+1","White Noise","Leap","Cold Snap+1","Double Energy+1","ReplayRNGCard","Rainbow","ReplayTheSpireMod:Omega Cannon","Capacitor+1","Cold Snap","jedi:BurstFrost+1"],"relics":["Cracked Core","aspiration:Nostalgia","Ring of the Snake","FaceOfCleric","Replay:Bottled Snecko","reliquary:ExpiredCoupon","Ginger","reliquary:BallBearing","jedi:hotpepper","Frozen Egg 2","Juzu Bracelet","aspiration:RitualStick","jedi:heavyjacket","jedi:battlestandard","jedi:purplefairy"],"acts_visited":["Exordium","TheCity","TheBeyond"],"potions_floor_usage":[7,18,18,23,23,33,41],"damage_taken":[{"damage":0,"enemies":"Small Slimes","floor":1,"turns":4},{"damage":1,"enemies":"Cultist","floor":3,"turns":3},{"damage":8,"enemies":"Replay:BlueRogue","floor":7,"turns":4},{"damage":4,"enemies":"3 Sentries","floor":10,"turns":4},{"damage":1,"enemies":"Jaw Worm","floor":11,"turns":2},{"damage":7,"enemies":"Looter","floor":12,"turns":3},{"damage":11,"enemies":"Lagavulin","floor":13,"turns":4},{"damage":3,"enemies":"Lots of Slimes","floor":14,"turns":2},{"damage":31,"enemies":"Slime Boss","floor":16,"turns":7},{"damage":3,"enemies":"3 Byrds","floor":18,"turns":4},{"damage":2,"enemies":"Chosen","floor":20,"turns":5},{"damage":16,"enemies":"Snake Plant","floor":21,"turns":4},{"damage":23,"enemies":"Slavers","floor":23,"turns":6},{"damage":0,"enemies":"Snecko","floor":28,"turns":4},{"damage":6,"enemies":"3 Cultists","floor":29,"turns":5},{"damage":0,"enemies":"Chosen and Byrds","floor":31,"turns":6},{"damage":0,"enemies":"Automaton","floor":33,"turns":9},{"damage":0,"enemies":"3 Darklings","floor":35,"turns":3},{"damage":5,"enemies":"Orb Walker","floor":37,"turns":3},{"damage":28,"enemies":"Transient","floor":38,"turns":5},{"damage":0,"enemies":"Spire Growth","floor":39,"turns":4},{"damage":0,"enemies":"Giant Head","floor":40,"turns":7},{"damage":27,"enemies":"Sphere and 2 Shapes","floor":41,"turns":4},{"damage":26,"enemies":"Reptomancer","floor":42,"turns":2}],"seed_played":"8507376410512258235","potions_obtained":[{"floor":2,"key":"LiquidBronze"},{"floor":2,"key":"AttackPotion"},{"floor":2,"key":"SteroidPotion"},{"floor":7,"key":"Dexterity Potion"},{"floor":11,"key":"Dexterity Potion"},{"floor":16,"key":"AttackPotion"},{"floor":18,"key":"FearPotion"},{"floor":21,"key":"jedi:coolantleak"},{"floor":28,"key":"Strength Potion"},{"floor":33,"key":"jedi:hoardpotion"},{"floor":35,"key":"Elixir"},{"floor":39,"key":"AttackPotion"}],"is_trial":false,"path_per_floor":["M","?","M","T","?","R","E","R","T","E","M","M","E","M","R","B",null,"M","$","M","M","?","E","?","?","T","R","M","M","R","M","R","B",null,"M","$","M","M","M","E","M","E"],"character_chosen":"DEFECT","items_purchased":["Frozen Egg 2","Storm+1","Capacitor+1"],"campfire_rested":2,"item_purchase_floors":[19,19,36],"current_hp_per_floor":[75,75,74,74,74,74,67,67,67,64,64,58,48,46,46,16,61,59,59,58,43,43,21,21,8,8,27,28,23,23,24,44,45,69,70,70,66,39,40,41,15,0,0],"gold":142,"neow_bonus":"NOSTALGIA","is_daily":false,"chose_seed":false,"campfire_upgraded":4,"win_rate":0.0,"timestamp":1612889933,"path_taken":["M","?","?","?","?","R","E","R","T","E","M","M","E","M","R","BOSS","M","$","?","M","?","E","?","?","T","R","M","M","R","M","R","BOSS","M","$","M","M","M","E","M","E"],"items_purchased_type":["Relic","Card","Card"],"build_version":"2020-12-22","purchased_purges":2,"victory":false,"max_hp_per_floor":[75,75,75,75,75,75,76,76,76,77,78,79,80,81,81,82,61,62,62,63,64,64,65,65,65,65,65,66,67,67,68,68,69,69,70,70,71,72,73,74,75,75,75],"card_choices":[{"not_picked":["Cold Snap","Compile Driver"],"picked":"Gash","floor":1},{"not_picked":["Panic Button","BasicCrystalCard","ReplaySolidLightProjector"],"picked":"SKIP","floor":3},{"not_picked":["Stack","Chaos"],"picked":"Sunder","floor":7},{"not_picked":["Reprogram","Heatsinks","Time Bomb"],"picked":"SKIP","floor":10},{"not_picked":["jedi:blockon","Compile Driver"],"picked":"jedi:BurstFrost","floor":11},{"not_picked":["Ball Lightning","Auto Shields"],"picked":"FTL","floor":12},{"not_picked":["jedi:markofdeath","jedi:BurstLightning"],"picked":"jedi:meditation","floor":13},{"not_picked":["Barrage","Time Bomb"],"picked":"Gash","floor":14},{"not_picked":["Reboot","Meteor Strike"],"picked":"jedi:meditation","floor":16},{"not_picked":["Conserve Battery","Gash"],"picked":"Glacier","floor":18},{"not_picked":["Panic Button+1","Melter","Conserve Battery"],"picked":"SKIP","floor":20},{"not_picked":["Barrage","Doom and Gloom+1","Steam"],"picked":"SKIP","floor":21},{"not_picked":["Barrage","Panic Button+1"],"picked":"White Noise","floor":23},{"not_picked":["BasicCrystalCard+1","Ball Lightning+1"],"picked":"Cold Snap+1","floor":28},{"not_picked":["Beam Cell","Leap+1"],"picked":"Double Energy+1","floor":29},{"not_picked":["Melter+1","Rebound","Aggregate"],"picked":"SKIP","floor":31},{"not_picked":["Scrape","jedi:BurstLightning","Rebound"],"picked":"SKIP","floor":35},{"not_picked":["Ball Lightning","jedi:blockon","ReplaySort"],"picked":"SKIP","floor":37},{"not_picked":["Recycle+1","ReplayTheSpireMod:System Scan","Redo+1"],"picked":"SKIP","floor":38},{"not_picked":["Conserve Battery","Stack+1","ReplayTheSpireMod:Calculation Training+1"],"picked":"SKIP","floor":39},{"not_picked":["Reprogram+1","Go for the Eyes"],"picked":"Cold Snap","floor":40},{"not_picked":["Compile Driver","BootSequence+1"],"picked":"jedi:BurstFrost+1","floor":41}],"player_experience":174991,"relics_obtained":[{"floor":7,"key":"Replay:Bottled Snecko"},{"floor":9,"key":"reliquary:ExpiredCoupon"},{"floor":10,"key":"Ginger"},{"floor":13,"key":"reliquary:BallBearing"},{"floor":23,"key":"Juzu Bracelet"},{"floor":26,"key":"jedi:heavyjacket"},{"floor":40,"key":"jedi:purplefairy"}],"event_choices":[{"damage_healed":0,"gold_gain":0,"player_choice":"Got Potions","damage_taken":0,"max_hp_gain":0,"max_hp_loss":0,"event_name":"Lab","floor":2,"gold_loss":0},{"damage_healed":0,"gold_gain":0,"player_choice":"Trade","damage_taken":0,"relics_obtained":["FaceOfCleric"],"max_hp_gain":0,"max_hp_loss":0,"event_name":"FaceTrader","floor":5,"gold_loss":0},{"damage_healed":0,"gold_gain":0,"player_choice":"Ignored","damage_taken":0,"max_hp_gain":0,"max_hp_loss":0,"event_name":"Vampires","floor":22,"gold_loss":0},{"damage_healed":0,"gold_gain":0,"cards_transformed":["Dualcast"],"player_choice":"Transformed","damage_taken":0,"max_hp_gain":0,"max_hp_loss":0,"event_name":"Transmorgrifier","floor":24,"gold_loss":0,"cards_obtained":["Leap"]}],"is_beta":false,"boss_relics":[{"not_picked":["reliquary:Ember","Philosopher\u0027s Stone"],"picked":"jedi:hotpepper"},{"not_picked":["Replay:Drink Me","Tiny House"],"picked":"jedi:battlestandard"}],"items_purged_floors":[19,36],"is_endless":false,"potions_floor_spawned":[7,10,11,16,18,21,28,33,35,39],"killed_by":"Reptomancer","ascension_level":0}}