{"host":"8d3fefv2347kqkpz","time":1612871619,"event":{"mods":["AchievementEnabler","Act Like it!","BaseMod","Better Vampires","Colored Map","Colored Powertips","Downfall","GifTheSpireLib","Highlight Path","Minty Spire (QoL Compilation)","Quick Restart","Rare Cards Sparkle","Relic Stats","Replay The Spire","Spicy Shops","StSLib","Waifu the Spire"],"gold_per_floor":[99,111,129,148,148,164,164,164,177,194,224,26,26,40,50,152,152,152,168,186,198,210,241,241,241,258,258,46,57,57,86,105,202,202,202,219,71,87,87,87,87,87,87,87,104,104,117,134,134,134,134],"floor_reached":49,"language":"ZHS","playtime":2997,"items_purged":["bronze:NullPointer","bronze:Strike","bronze:Strike"],"score":550,"play_id":"754d13b8-2a88-4d7f-8754-eb283156ced8","local_time":"20210209195339","is_ascension_mode":false,"campfire_choices":[{"data":"bronze:Virus","floor":13.0,"key":"SMITH"},{"data":"bronze:Verify","floor":18.0,"key":"SMITH"},{"floor":25.0,"key":"REST"},{"data":"bronze:Return","floor":27.0,"key":"SMITH"},{"data":"bronze:AlphaBuild","floor":30.0,"key":"SMITH"},{"data":"bronze:Verify","floor":35.0,"key":"SMITH"},{"data":"bronze:BronzeOrb","floor":44.0,"key":"SMITH"},{"floor":46.0,"key":"REST"}],"circlet_count":0,"master_deck":["bronze:Strike","bronze:Defend","bronze:Defend","bronze:Defend","bronze:Defend","bronze:Replicate","bronze:FollowUp","bronze:GetLatest","bronze:Deprecate","bronze:Mutator+1","bronze:BronzeOrb+1","bronze:WildBeam","bronze:WildBeam","bronze:Virus+1","bronze:WildBeam","bronze:Verify+1","bronze:Iterate","bronze:Shield","bronze:WildBeam","bronze:Return+1","bronze:Repair","bronze:DarkDash","bronze:Shield","expansioncontent:DashGenerateEvil","bronze:AlphaBuild+1","bronze:Verify+1","bronze:Return","Parasite"],"relics":["bronze:PlatinumCore","Pen Nib","Pear","Membership Card","SlaversCollar","Bag of Marbles","bronze:CableSpool","DollysMirror","Counterbalance","Molten Egg 2","Vajra","bronze:BottledCode","FossilizedHelix"],"acts_visited":["Exordium","TheCity","TheBeyond"],"potions_floor_usage":[],"damage_taken":[{"damage":2.0,"enemies":"2 Louse","floor":2.0,"turns":3.0},{"damage":0.0,"enemies":"Small Slimes","floor":3.0,"turns":3.0},{"damage":0.0,"enemies":"Jaw Worm","floor":4.0,"turns":4.0},{"damage":4.0,"enemies":"Exordium Thugs","floor":6.0,"turns":6.0},{"damage":0.0,"enemies":"Exordium Wildlife","floor":9.0,"turns":2.0},{"damage":0.0,"enemies":"Blue Slaver","floor":10.0,"turns":3.0},{"damage":0.0,"enemies":"downfall:FleeingMerchant","floor":12.0,"turns":4.0},{"damage":5.0,"enemies":"2 Fungi Beasts","floor":14.0,"turns":3.0},{"damage":2.0,"enemies":"Large Slime","floor":15.0,"turns":5.0},{"damage":0.0,"enemies":"SI_SHIV_ARCHETYPE","floor":16.0,"turns":7.0},{"damage":4.0,"enemies":"3 Byrds","floor":19.0,"turns":6.0},{"damage":0.0,"enemies":"Chosen","floor":20.0,"turns":4.0},{"damage":39.0,"enemies":"Shelled Parasite and Fungi","floor":21.0,"turns":8.0},{"damage":2.0,"enemies":"Cultist and Chosen","floor":22.0,"turns":4.0},{"damage":8.0,"enemies":"Book of Stabbing","floor":23.0,"turns":3.0},{"damage":0.0,"enemies":"Snake Plant","floor":26.0,"turns":2.0},{"damage":0.0,"enemies":"downfall:FleeingMerchant","floor":28.0,"turns":4.0},{"damage":0.0,"enemies":"Chosen and Byrds","floor":29.0,"turns":4.0},{"damage":13.0,"enemies":"Gremlin Leader","floor":31.0,"turns":9.0},{"damage":4.0,"enemies":"Centurion and Healer","floor":32.0,"turns":5.0},{"damage":33.0,"enemies":"WA_ARCHETYPE_CALM","floor":33.0,"turns":8.0},{"damage":0.0,"enemies":"Orb Walker","floor":36.0,"turns":2.0},{"damage":0.0,"enemies":"downfall:FleeingMerchant","floor":37.0,"turns":4.0},{"damage":42.0,"enemies":"3 Darklings","floor":38.0,"turns":11.0},{"damage":40.0,"enemies":"Writhing Mass","floor":45.0,"turns":8.0},{"damage":10.0,"enemies":"Spire Growth","floor":47.0,"turns":6.0},{"damage":11,"enemies":"3 Darklings","floor":48,"turns":5},{"damage":106,"enemies":"Transient","floor":49,"turns":5}],"seed_played":"4518992311354033260","potions_obtained":[{"floor":4.0,"key":"Languid Potion"},{"floor":6.0,"key":"SteroidPotion"},{"floor":9.0,"key":"Reflective Coating"},{"floor":19.0,"key":"Swift Potion"},{"floor":26.0,"key":"SpeedPotion"},{"floor":31.0,"key":"Languid Potion"},{"floor":36.0,"key":"SkillPotion"},{"floor":45.0,"key":"bronze:CleanCodePotion"},{"floor":48,"key":"FearPotion"}],"is_trial":false,"path_per_floor":["R_BF","M","M","M","?","M","T","?","M","M","?","$","R","M","M","B",null,"R_BF","M","M","M","M","E","T","R","M","R","$","M","R","E","M","B",null,"R","M","$","M","?","T","T","?","T","R","M","R","M","M","M"],"character_chosen":"THE_AUTOMATON","items_purchased":["Membership Card","DollysMirror","expansioncontent:DashGenerateEvil","bronze:Return"],"campfire_rested":2,"item_purchase_floors":[12,28,28,37],"current_hp_per_floor":[77,75,75,75,75,71,71,76,76,76,86,86,86,81,79,79,92,92,88,88,49,47,39,39,66,66,66,80,80,80,74,77,51,92,92,92,92,50,50,50,50,50,50,50,24,48,45,34,0,0,0],"gold":134,"neow_bonus":"TEN_PERCENT_HP_BONUS","is_daily":false,"chose_seed":false,"campfire_upgraded":6,"win_rate":0.0,"timestamp":1612871619,"path_taken":["R_BF","M","M","M","?","M","T","?","M","M","?","?","R","?","M","BOSS","R_BF","M","M","M","M","E","T","R","M","R","$","M","R","E","M","BOSS","R","M","$","M","?","?","T","?","?","R","M","R","?","M","M"],"items_purchased_type":["Relic","Relic","Card","Card"],"build_version":"2020-12-22","purchased_purges":3,"victory":false,"max_hp_per_floor":[77,77,77,77,77,77,77,82,82,82,92,92,92,92,92,92,92,92,92,92,92,92,92,92,92,92,92,92,92,92,92,92,92,92,92,92,92,92,92,92,92,82,82,82,82,82,82,82,82,82,82],"relic_stats":{"counters":[28,138],"Pen Nib":[30],"obtain_stats":[{"bronze:PlatinumCore":34,"bronze:BronzeCore":0,"Pear":11,"Counterbalance":31,"Vajra":41,"Pen Nib":7,"bronze:CableSpool":24,"bronze:BottledCode":42,"SlaversCollar":17,"DollysMirror":28,"Molten Egg 2":40,"Bag of Marbles":23,"Membership Card":12,"FossilizedHelix":43},{"bronze:PlatinumCore":21,"bronze:BronzeCore":0,"Pear":6,"Counterbalance":19,"Vajra":24,"Pen Nib":4,"bronze:CableSpool":15,"bronze:BottledCode":24,"SlaversCollar":10,"DollysMirror":17,"Molten Egg 2":24,"Bag of Marbles":15,"Membership Card":7,"FossilizedHelix":24},{"bronze:PlatinumCore":97,"bronze:BronzeCore":0,"Pear":21,"Counterbalance":84,"Vajra":114,"Pen Nib":16,"bronze:CableSpool":65,"bronze:BottledCode":114,"SlaversCollar":40,"DollysMirror":71,"Molten Egg 2":114,"Bag of Marbles":65,"Membership Card":25,"FossilizedHelix":114}]},"card_choices":[{"not_picked":["bronze:WildBeam","bronze:Turbo"],"picked":"bronze:NullPointer","floor":2.0},{"not_picked":["bronze:OilSpill","bronze:Iterate"],"picked":"bronze:GetLatest","floor":3.0},{"not_picked":["bronze:DelayedSlice","bronze:DelayedGuard"],"picked":"bronze:Deprecate","floor":4.0},{"not_picked":["bronze:Branch","bronze:BugBarrage"],"picked":"bronze:BronzeOrb","floor":6.0},{"not_picked":["bronze:DelayedSlice","bronze:Safeguard"],"picked":"bronze:WildBeam","floor":9.0},{"not_picked":["bronze:BuggyMess","bronze:DelayedGuard"],"picked":"bronze:WildBeam","floor":10.0},{"not_picked":["bronze:Mutator","bronze:Turbo"],"picked":"bronze:Virus","floor":12.0},{"not_picked":["bronze:ChosenStrike","bronze:BugBarrage"],"picked":"bronze:WildBeam","floor":14.0},{"not_picked":["bronze:DelayedSlice","bronze:Branch","bronze:GetLatest"],"picked":"SKIP","floor":15.0},{"not_picked":["bronze:BurnOut","bronze:RecursiveStrike"],"picked":"bronze:Verify","floor":16.0},{"not_picked":["bronze:Overheat","bronze:WhirlingStrike","bronze:Iterate"],"picked":"SKIP","floor":19.0},{"not_picked":["bronze:Overheat","bronze:WhirlingStrike"],"picked":"bronze:Iterate","floor":19.0},{"not_picked":["bronze:Repulsor","bronze:CloningBeam"],"picked":"bronze:Shield","floor":20.0},{"not_picked":["bronze:GetLatest","bronze:DelayedGuard+1"],"picked":"bronze:WildBeam","floor":21.0},{"not_picked":["bronze:BugBarrage","bronze:Philosophize"],"picked":"bronze:Return","floor":22.0},{"not_picked":["bronze:WildBeam","bronze:FineTuning","bronze:DelayedGuard"],"picked":"SKIP","floor":23.0},{"not_picked":["bronze:WildBeam","bronze:FineTuning","bronze:DelayedGuard"],"picked":"SKIP","floor":23.0},{"not_picked":["bronze:Allocate","bronze:WhirlingStrike+1"],"picked":"bronze:Repair","floor":26.0},{"not_picked":["bronze:BronzeArmor","bronze:Iterate"],"picked":"bronze:DarkDash","floor":28.0},{"not_picked":["bronze:ClassDefault","bronze:FollowUp"],"picked":"bronze:AlphaBuild","floor":29.0},{"not_picked":["bronze:BuggyMess","bronze:Iterate","bronze:Overload+1"],"picked":"SKIP","floor":31.0},{"not_picked":["bronze:Shield","bronze:OilSpill","bronze:BuggyMess"],"picked":"SKIP","floor":32.0},{"not_picked":["bronze:SpaghettiCode","bronze:Virus"],"picked":"bronze:Verify","floor":33.0},{"not_picked":["bronze:Overheat+1","bronze:DelayedGuard","bronze:Deprecate"],"picked":"SKIP","floor":36.0},{"not_picked":["bronze:Allocate","bronze:OilSpill","bronze:ChosenStrike"],"picked":"SKIP","floor":37.0},{"not_picked":["bronze:Branch+1","bronze:Return+1","bronze:DarkDash+1"],"picked":"SKIP","floor":38.0},{"not_picked":["bronze:ForLoop+1","bronze:DelayedGuard+1","bronze:Turbo+1"],"picked":"SKIP","floor":45.0},{"not_picked":["bronze:Branch+1","bronze:Turbo","bronze:BitShift+1"],"picked":"SKIP","floor":47.0},{"not_picked":["bronze:BitShift+1","bronze:Iterate+1","bronze:Branch+1"],"picked":"SKIP","floor":48}],"player_experience":312464,"relics_obtained":[{"floor":7.0,"key":"Pen Nib"},{"floor":23.0,"key":"Bag of Marbles"},{"floor":24.0,"key":"bronze:CableSpool"},{"floor":31.0,"key":"Counterbalance"},{"floor":40.0,"key":"Molten Egg 2"},{"floor":41.0,"key":"Vajra"},{"floor":43.0,"key":"FossilizedHelix"}],"event_choices":[{"damage_healed":0.0,"max_hp_gain":5.0,"max_hp_loss":0.0,"gold_gain":0.0,"event_name":"Big Fish","player_choice":"Donut","floor":8.0,"gold_loss":0.0,"damage_taken":0.0}],"is_beta":false,"boss_relics":[{"not_picked":["Coffee Dripper","Fusion Hammer"],"picked":"SlaversCollar"},{"not_picked":["Calling Bell","Tiny House"],"picked":"bronze:PlatinumCore"}],"items_purged_floors":[12,37,37],"is_endless":false,"potions_floor_spawned":[4,6,9,14,15,19,23,26,31,33,36,45,48],"killed_by":"Transient","ascension_level":0}}