{"host":"8rgpnls124hwjv5t","time":1612912487,"event":{"mods":["BaseMod","Colored Map","Colored Powertips","DeckTracker","Highlight Path","Minty Spire (QoL Compilation)","Permanent Neow","Quick Restart","Relic Stats","Shop Mod","StSLib"],"gold_per_floor":[115,125,5,5,5,5,5,36,36,51,51,71,109,127,127,225,225,245,263,281,8,8,8,46,66,66,86,107,107,157,178,178,269,269,292,305,305,326,166,166,166,166],"floor_reached":41,"language":"ENG","playtime":3187,"items_purged":["Strike_B"],"score":765,"play_id":"bbb29d9e-50be-471b-902e-d739ec1a75d4","local_time":"20210209181447","is_ascension_mode":true,"campfire_choices":[{"data":"Auto Shields","floor":7,"key":"SMITH"},{"data":"Defragment","floor":11,"key":"SMITH"},{"data":"Leap","floor":15,"key":"SMITH"},{"floor":23,"key":"REST"},{"data":"Echo Form","floor":29,"key":"SMITH"},{"data":"Machine Learning","floor":32,"key":"SMITH"},{"floor":40,"key":"REST"}],"circlet_count":0,"master_deck":["AscendersBane","Strike_B","Strike_B","Strike_B","Defend_B","Defend_B","Defend_B","Defend_B","Zap","Dualcast","Auto Shields+1","Leap+1","Loop+1","Rip and Tear","Defragment+1","Self Repair","Conserve Battery","Self Repair","Machine Learning+1","Aggregate+1","Conserve Battery","Echo Form+1","Aggregate","Recycle","Cold Snap","Steam+1","Skim","Recycle","Meteor Strike","Coolheaded+1","Storm"],"relics":["Cracked Core","Calipers","Golden Idol","Meat on the Bone","Strawberry","Bag of Preparation","Runic Pyramid","Nilry\u0027s Codex","Ornamental Fan","Mummified Hand","Fusion Hammer"],"acts_visited":["Exordium","TheCity","TheBeyond"],"potions_floor_usage":[8,16,20,24,25,27,33,33,38,41],"damage_taken":[{"damage":0,"enemies":"Small Slimes","floor":1,"turns":3},{"damage":1,"enemies":"Jaw Worm","floor":2,"turns":4},{"damage":3,"enemies":"Gremlin Nob","floor":8,"turns":3},{"damage":6,"enemies":"2 Louse","floor":10,"turns":3},{"damage":8,"enemies":"Blue Slaver","floor":12,"turns":4},{"damage":11,"enemies":"Lagavulin","floor":13,"turns":6},{"damage":20,"enemies":"Exordium Thugs","floor":14,"turns":6},{"damage":44,"enemies":"Slime Boss","floor":16,"turns":11},{"damage":4,"enemies":"Shell Parasite","floor":18,"turns":8},{"damage":16,"enemies":"Spheric Guardian","floor":19,"turns":7},{"damage":44,"enemies":"Cultist and Chosen","floor":20,"turns":6},{"damage":34,"enemies":"Book of Stabbing","floor":24,"turns":6},{"damage":27,"enemies":"Shelled Parasite and Fungi","floor":25,"turns":7},{"damage":30,"enemies":"Snake Plant","floor":27,"turns":7},{"damage":16,"enemies":"Centurion and Healer","floor":28,"turns":7},{"damage":12,"enemies":"Shelled Parasite and Fungi","floor":31,"turns":8},{"damage":17,"enemies":"Automaton","floor":33,"turns":14},{"damage":30,"enemies":"3 Shapes","floor":35,"turns":6},{"damage":21,"enemies":"3 Darklings","floor":36,"turns":11},{"damage":49,"enemies":"Transient","floor":38,"turns":5},{"damage":66,"enemies":"Giant Head","floor":41,"turns":10}],"seed_played":"6790441883414476971","potions_obtained":[{"floor":2,"key":"FearPotion"},{"floor":8,"key":"Ancient Potion"},{"floor":16,"key":"Fire Potion"},{"floor":20,"key":"SpeedPotion"},{"floor":24,"key":"FocusPotion"},{"floor":25,"key":"SpeedPotion"},{"floor":28,"key":"LiquidMemories"},{"floor":33,"key":"DuplicationPotion"},{"floor":36,"key":"Ancient Potion"},{"floor":38,"key":"DuplicationPotion"}],"is_trial":false,"path_per_floor":["M","M","$","?","?","?","R","E","T","M","R","M","E","M","R","B",null,"M","M","M","$","?","R","E","M","T","M","M","R","?","M","R","B",null,"M","M","?","M","$","R","E"],"character_chosen":"DEFECT","items_purchased":["Loop","Rip and Tear","Echo Form","Aggregate","AttackPotion","Storm"],"campfire_rested":2,"item_purchase_floors":[3,3,21,21,21,39],"current_hp_per_floor":[64,63,63,68,63,63,63,60,67,61,61,60,56,50,50,32,61,70,68,50,50,29,50,42,41,41,44,61,61,61,70,70,67,69,60,53,53,30,30,51,0,0],"gold":166,"neow_bonus":"ONE_RARE_RELIC","is_daily":false,"chose_seed":false,"campfire_upgraded":5,"win_rate":0.0,"timestamp":1612912487,"path_taken":["M","M","$","?","?","?","R","E","T","M","R","M","E","M","R","BOSS","M","M","M","$","?","R","E","M","T","M","M","R","?","M","R","BOSS","M","M","?","M","$","R","E"],"items_purchased_type":["Card","Card","Card","Card","Potion","Card"],"build_version":"2020-12-22","purchased_purges":1,"victory":false,"max_hp_per_floor":[64,64,64,69,63,63,63,63,70,70,70,70,70,70,70,70,70,70,70,70,70,70,70,70,70,70,70,70,70,70,70,70,70,70,70,70,70,70,70,70,70,70],"relic_stats":{"counters":[21,141],"Golden Idol":111,"Ornamental Fan":[36],"Mummified Hand":[113],"Bag of Preparation":[30],"obtain_stats":[{"Calipers":0,"Golden Idol":5,"Nilry\u0027s Codex":22,"Ornamental Fan":24,"Mummified Hand":26,"Strawberry":9,"Fusion Hammer":34,"Bag of Preparation":13,"Cracked Core":0,"Meat on the Bone":8,"Runic Pyramid":17},{"Calipers":0,"Golden Idol":2,"Nilry\u0027s Codex":11,"Ornamental Fan":12,"Mummified Hand":13,"Strawberry":3,"Fusion Hammer":17,"Bag of Preparation":6,"Cracked Core":0,"Meat on the Bone":3,"Runic Pyramid":8},{"Calipers":0,"Golden Idol":7,"Nilry\u0027s Codex":60,"Ornamental Fan":66,"Mummified Hand":73,"Strawberry":10,"Fusion Hammer":109,"Bag of Preparation":22,"Cracked Core":0,"Meat on the Bone":10,"Runic Pyramid":39}],"Meat on the Bone":84},"card_choices":[{"not_picked":["Redo","Cold Snap"],"picked":"Auto Shields","floor":1},{"not_picked":["Stack","Storm"],"picked":"Leap","floor":2},{"not_picked":["Double Energy","Leap"],"picked":"Defragment","floor":8},{"not_picked":["Melter","Beam Cell"],"picked":"Self Repair","floor":10},{"not_picked":["Auto Shields","Leap"],"picked":"Conserve Battery","floor":12},{"not_picked":["Tempest","Gash"],"picked":"Self Repair","floor":13},{"not_picked":["Gash","Auto Shields","Scrape"],"picked":"SKIP","floor":14},{"not_picked":["Multi-Cast","Meteor Strike"],"picked":"Machine Learning","floor":16},{"not_picked":["BootSequence+1","Coolheaded"],"picked":"Aggregate+1","floor":18},{"not_picked":["Streamline","Skim","Undo"],"picked":"SKIP","floor":19},{"not_picked":["Hologram","Darkness"],"picked":"Conserve Battery","floor":20},{"not_picked":["Sweeping Beam","Fission"],"picked":"Recycle","floor":24},{"not_picked":["Steam","Undo","Heatsinks"],"picked":"SKIP","floor":25},{"not_picked":["Ball Lightning","Turbo"],"picked":"Cold Snap","floor":27},{"not_picked":["Heatsinks","Barrage"],"picked":"Steam+1","floor":28},{"not_picked":["Rebound","Cold Snap","Steam"],"picked":"SKIP","floor":31},{"not_picked":["Stack","Barrage","Conserve Battery"],"picked":"SKIP","floor":35},{"not_picked":["Beam Cell","Recycle"],"picked":"Skim","floor":36},{"not_picked":["Go for the Eyes","Beam Cell+1"],"picked":"Coolheaded+1","floor":38}],"player_experience":542346,"relics_obtained":[{"floor":8,"key":"Meat on the Bone"},{"floor":9,"key":"Strawberry"},{"floor":13,"key":"Bag of Preparation"},{"floor":22,"key":"Nilry\u0027s Codex"},{"floor":24,"key":"Ornamental Fan"},{"floor":26,"key":"Mummified Hand"}],"event_choices":[{"damage_healed":0,"gold_gain":0,"player_choice":"Donut","damage_taken":0,"max_hp_gain":5,"max_hp_loss":0,"event_name":"Big Fish","floor":4,"gold_loss":0},{"damage_healed":0,"gold_gain":0,"player_choice":"Lose Max HP","damage_taken":0,"relics_obtained":["Golden Idol"],"max_hp_gain":0,"max_hp_loss":6,"event_name":"Golden Idol","floor":5,"gold_loss":0},{"damage_healed":0,"gold_gain":0,"player_choice":"Grow","damage_taken":0,"max_hp_gain":0,"max_hp_loss":0,"event_name":"Living Wall","floor":6,"gold_loss":0,"cards_upgraded":["Loop"]},{"damage_healed":0,"gold_gain":0,"player_choice":"Obtained Book","damage_taken":21,"max_hp_gain":0,"max_hp_loss":0,"event_name":"Cursed Tome","floor":22,"gold_loss":0},{"damage_healed":0,"gold_gain":50,"player_choice":"Pray","damage_taken":0,"max_hp_gain":0,"max_hp_loss":0,"event_name":"Golden Shrine","floor":30,"gold_loss":0},{"damage_healed":0,"gold_gain":0,"player_choice":"2 cards matched","damage_taken":0,"max_hp_gain":0,"max_hp_loss":0,"event_name":"Match and Keep!","floor":37,"gold_loss":0,"cards_obtained":["Recycle","Meteor Strike"]}],"is_beta":false,"boss_relics":[{"not_picked":["Busted Crown","Philosopher\u0027s Stone"],"picked":"Runic Pyramid"},{"not_picked":["Empty Cage","SlaversCollar"],"picked":"Fusion Hammer"}],"items_purged_floors":[39],"is_endless":false,"potions_floor_spawned":[2,8,16,20,24,25,28,33,36,38],"killed_by":"Giant Head","ascension_level":16}}