{"host":"mo324zvkdr1xwprd","time":1612908391,"event":{"mods":["BaseMod","Better Note","BetterRewards","Hermit","Highlight Path","Hubris","Minty Spire (QoL Compilation)","Quick Restart","Rare Cards Sparkle","Shop Mod","StSLib","The Cursed","The Hierophant"],"gold_per_floor":[112,6,23,35,210,210,210],"floor_reached":6,"language":"ENG","playtime":424,"items_purged":[],"score":43,"play_id":"8065806c-97db-4221-a25e-0d80f7b2f31e","local_time":"20210209220631","is_ascension_mode":true,"campfire_choices":[],"circlet_count":0,"master_deck":["Strike_G","Strike_G","Strike_G","Strike_G","Strike_G","Defend_G","Defend_G","Defend_G","Defend_G","Defend_G","Survivor","Neutralize","PiercingWail","Well Laid Plans","hubris:Counter","Quick Slash","Setup","Concentrate","Cloak And Dagger","Flying Knee","Doubt"],"relics":["Ring of the Snake","Shuriken","hubris:GlazedTorus","Mummified Hand"],"acts_visited":["Exordium"],"potions_floor_usage":[6],"damage_taken":[{"damage":3.0,"enemies":"Cultist","floor":1.0,"turns":5.0},{"damage":4,"enemies":"Small Slimes","floor":3,"turns":4},{"damage":0,"enemies":"Jaw Worm","floor":4,"turns":4},{"damage":10,"enemies":"Gremlin Nob","floor":6,"turns":3}],"seed_played":"1903315086326037690","potions_obtained":[{"floor":4,"key":"Swift Potion"}],"is_trial":false,"path_per_floor":["M","$","M","M","?","E"],"character_chosen":"THE_SILENT","items_purchased":["PiercingWail","Shuriken","Well Laid Plans","Mummified Hand","Setup","Concentrate"],"campfire_rested":0,"item_purchase_floors":[0,0,0,0,2,2],"current_hp_per_floor":[17,17,13,13,13,3,3],"gold":210,"neow_bonus":"","is_daily":false,"chose_seed":false,"campfire_upgraded":0,"win_rate":0.0,"timestamp":1612908391,"path_taken":["M","$","M","?","?","E"],"items_purchased_type":["Card","Relic","Card","Relic","Card","Card"],"build_version":"2020-12-22","purchased_purges":0,"victory":false,"max_hp_per_floor":[70,70,70,70,70,70,70],"card_choices":[{"not_picked":["Deadly Poison","Dagger Throw"],"picked":"Quick Slash","floor":1},{"not_picked":["Tactician","Predator"],"picked":"Cloak And Dagger","floor":3},{"not_picked":["Deflect","Calculated Gamble"],"picked":"Flying Knee","floor":4}],"player_experience":552304,"relics_obtained":[],"event_choices":[{"damage_healed":0,"gold_gain":175,"player_choice":"AGREE","damage_taken":0,"max_hp_gain":0,"max_hp_loss":0,"event_name":"Liars Game","floor":5,"gold_loss":0,"cards_obtained":["Doubt"]}],"is_beta":false,"boss_relics":[],"items_purged_floors":[],"is_endless":false,"potions_floor_spawned":[4],"killed_by":"Gremlin Nob","ascension_level":4}}