{"host":"1u5b8mzv927aru3b","time":1612871502,"event":{"mods":["AchievementEnabler","BaseMod","Colored Map","Colored Powertips","Downfall","GifTheSpireLib","Googly Eyes","Minty Spire (QoL Compilation)","Quick Restart","Relic Sorter","StSLib","The IronCluck","Unceasing Turn Reminder"],"gold_per_floor":[99,116,134,23,35,68,140,157,57,75,95,106,106,122,133,233,233,233,252,262,262,279,279,279,279],"floor_reached":23,"language":"ENG","playtime":1202,"items_purged":[],"score":224,"play_id":"06094d35-115d-4737-9196-8eb3bfc1cfad","local_time":"20210209155142","is_ascension_mode":false,"campfire_choices":[{"data":"The Bomb","floor":1.0,"key":"SMITH"},{"floor":9.0,"key":"REST"},{"floor":13.0,"key":"REST"},{"data":"hexamod:GhostflameInferno","floor":18,"key":"SMITH"}],"circlet_count":0,"master_deck":["hexamod:Strike","hexamod:Strike","hexamod:Strike","hexamod:Strike","hexamod:Defend","hexamod:Defend","hexamod:Defend","hexamod:Defend","hexamod:Sear","hexamod:Float","The Bomb+1","hexamod:GhostOfSpirePast","hexamod:Rewind","hexamod:Rewind","expansioncontent:YouAreMine","hexamod:EtherealExpedition","hexamod:ThirdSeal","hexamod:AdvancingGuard","hexamod:GhostOfSpireFuture","hexamod:PhantomCloak","hexamod:GhostOfSpirePast","hexamod:GhostflameInferno+1","hexamod:VolcanoVisage","hexamod:GhostOfSpirePast","hexamod:GhostOfSpirePast","hexamod:AdvancingGuard+1"],"relics":["hexamod:SpiritBrand","Bag of Preparation","The Courier","downfall:HeartBlessingGreen","SlaversCollar"],"acts_visited":["Exordium","TheCity"],"potions_floor_usage":[15,16,16,16,23],"damage_taken":[{"damage":5.0,"enemies":"2 Louse","floor":2.0,"turns":4.0},{"damage":1.0,"enemies":"Jaw Worm","floor":3.0,"turns":3.0},{"damage":0.0,"enemies":"downfall:FleeingMerchant","floor":4.0,"turns":4.0},{"damage":10.0,"enemies":"Small Slimes","floor":5.0,"turns":3.0},{"damage":14.0,"enemies":"Lagavulin","floor":6.0,"turns":8.0},{"damage":0.0,"enemies":"2 Fungi Beasts","floor":8.0,"turns":3.0},{"damage":0.0,"enemies":"Large Slime","floor":10.0,"turns":4.0},{"damage":10.0,"enemies":"Exordium Wildlife","floor":11.0,"turns":5.0},{"damage":23.0,"enemies":"3 Louse","floor":12.0,"turns":3.0},{"damage":7.0,"enemies":"Large Slime","floor":14.0,"turns":3.0},{"damage":0,"enemies":"Red Slaver","floor":15,"turns":3},{"damage":6,"enemies":"DF_ARCHETYPE_STREAMLINE","floor":16,"turns":10},{"damage":10,"enemies":"Chosen","floor":19,"turns":6},{"damage":31,"enemies":"Shelled Parasite and Fungi","floor":20,"turns":6},{"damage":20,"enemies":"3 Cultists","floor":22,"turns":5},{"damage":14,"enemies":"Book of Stabbing","floor":23,"turns":5}],"seed_played":"6754459064494847354","potions_obtained":[{"floor":3.0,"key":"bronze:BurnAndBuffPotion"},{"floor":5.0,"key":"EssenceOfSteel"},{"floor":11.0,"key":"SkillPotion"},{"floor":12.0,"key":"Weak Potion"},{"floor":15,"key":"Block Potion"},{"floor":20,"key":"CultistPotion"}],"is_trial":false,"path_per_floor":["R","M","M","$","M","E","T","M","R","M","M","M","R","M","M","B",null,"R","M","M","?","M","E"],"character_chosen":"THE_SPIRIT","items_purchased":["expansioncontent:YouAreMine"],"campfire_rested":2,"item_purchase_floors":[4],"current_hp_per_floor":[49,44,43,43,33,19,19,19,40,40,30,7,28,21,21,15,70,70,60,29,29,9,0,0,0],"gold":279,"neow_bonus":"RANDOM_COLORLESS_2","is_daily":false,"chose_seed":false,"campfire_upgraded":2,"win_rate":0.0,"timestamp":1612871502,"path_taken":["R","M","M","$","M","E","T","M","R","M","M","M","R","M","M","BOSS","R","M","M","?","M","E"],"items_purchased_type":["Card"],"build_version":"2020-12-22","purchased_purges":0,"victory":false,"max_hp_per_floor":[70,70,70,70,70,70,70,70,70,70,70,70,70,70,70,70,70,70,70,70,70,70,70,70,70],"card_choices":[{"not_picked":["Magnetism","Chrysalis"],"picked":"The Bomb","floor":0.0},{"not_picked":["hexamod:HeatCrush","hexamod:EmpoweredFlame"],"picked":"hexamod:GhostOfSpirePast","floor":2.0},{"not_picked":["hexamod:NightmareGuise","hexamod:ShieldOfDarkness"],"picked":"hexamod:Rewind","floor":3.0},{"not_picked":["hexamod:SpectralAdrenaline","hexamod:UnleashSpirits"],"picked":"hexamod:Rewind","floor":4.0},{"not_picked":["hexamod:PhantomFireball","hexamod:HeatShield"],"picked":"hexamod:EtherealExpedition","floor":5.0},{"not_picked":["hexamod:BurningTouch","hexamod:TurnItUp"],"picked":"hexamod:ThirdSeal","floor":6.0},{"not_picked":["hexamod:ThirdSeal","hexamod:SoulSteal"],"picked":"hexamod:AdvancingGuard","floor":8.0},{"not_picked":["hexamod:GhostShield","hexamod:Incineration","hexamod:SwordOfDarkness"],"picked":"SKIP","floor":8.0},{"not_picked":["hexamod:GhostLash","hexamod:BacktrackSmack"],"picked":"hexamod:GhostOfSpireFuture","floor":10.0},{"not_picked":["hexamod:PhantomFireball","hexamod:NightmareStrike","hexamod:GhostLash"],"picked":"SKIP","floor":10.0},{"not_picked":["hexamod:DynamicBlow","hexamod:Firestarter"],"picked":"hexamod:PhantomCloak","floor":11.0},{"not_picked":["hexamod:ShieldOfDarkness","hexamod:EtherealExpedition","hexamod:FourthSeal"],"picked":"SKIP","floor":12.0},{"not_picked":["hexamod:ThermalTransfer","hexamod:BurningTouch","hexamod:Haunt"],"picked":"SKIP","floor":14.0},{"not_picked":["hexamod:NightmareGuise","hexamod:ThirdSeal"],"picked":"hexamod:GhostOfSpirePast","floor":15},{"not_picked":["hexamod:GhostflameBarrier","hexamod:Incineration","hexamod:BacktrackSmack"],"picked":"SKIP","floor":15},{"not_picked":["hexamod:VolcanoVisage","hexamod:SearingWound"],"picked":"hexamod:GhostflameInferno","floor":16},{"not_picked":["hexamod:UnlimitedPower","hexamod:GiftsFromTheDead"],"picked":"hexamod:VolcanoVisage","floor":16},{"not_picked":["hexamod:AdvancingGuard+1","hexamod:ThermalTransfer"],"picked":"hexamod:GhostOfSpirePast","floor":19},{"not_picked":["hexamod:Hexaguard","hexamod:BacktrackSmack","hexamod:AdvancingGuard"],"picked":"SKIP","floor":19},{"not_picked":["hexamod:ShieldOfDarkness+1","hexamod:Firestarter"],"picked":"hexamod:GhostOfSpirePast","floor":20},{"not_picked":["hexamod:BacktrackSmack","hexamod:NecessarySacrifice","hexamod:Incineration"],"picked":"SKIP","floor":20},{"not_picked":["hexamod:BacktrackSmack","hexamod:ThermalTransfer"],"picked":"hexamod:AdvancingGuard+1","floor":22},{"not_picked":["hexamod:ExtraCrispy+1","hexamod:SwordOfDarkness","hexamod:GhostShield"],"picked":"SKIP","floor":22}],"player_experience":184545,"relics_obtained":[{"floor":6.0,"key":"Bag of Preparation"},{"floor":7.0,"key":"The Courier"}],"event_choices":[],"is_beta":false,"boss_relics":[{"not_picked":["Coffee Dripper","Cursed Key"],"picked":"SlaversCollar"}],"items_purged_floors":[],"is_endless":false,"potions_floor_spawned":[3,5,11,12,15,20],"killed_by":"Book of Stabbing","ascension_level":0}}