{"host":"13o02hya6v6rzuva","time":1612899547,"event":{"mods":["BaseMod","Minty Spire (QoL Compilation)","Relic Stats"],"gold_per_floor":[118,128,143,143,218,218,231,262,289,319,336,355,383,413,413,413,413],"floor_reached":16,"language":"ENG","playtime":457,"items_purged":[],"score":195,"play_id":"97f24e4f-fa7e-4908-b226-80cd2b56c7cd","local_time":"20210209203907","is_ascension_mode":true,"campfire_choices":[{"data":"Hemokinesis","floor":6,"key":"SMITH"},{"data":"Searing Blow","floor":15,"key":"SMITH"}],"circlet_count":0,"master_deck":["AscendersBane","Strike_R","Strike_R","Strike_R","Strike_R","Strike_R","Defend_R","Defend_R","Defend_R","Defend_R","Bash+1","Clothesline","Shrug It Off","Hemokinesis+1","Anger","Searing Blow+1","Pummel","Inflame"],"relics":["Burning Blood","Lantern","Red Skull","Bronze Scales","Omamori","Turnip"],"acts_visited":["Exordium"],"potions_floor_usage":[10,16],"damage_taken":[{"damage":0,"enemies":"Small Slimes","floor":1,"turns":3},{"damage":5,"enemies":"Jaw Worm","floor":2,"turns":5},{"damage":0,"enemies":"Cultist","floor":3,"turns":3},{"damage":3,"enemies":"Looter","floor":7,"turns":2},{"damage":26,"enemies":"3 Sentries","floor":8,"turns":8},{"damage":24,"enemies":"Lagavulin","floor":10,"turns":5},{"damage":0,"enemies":"3 Louse","floor":11,"turns":2},{"damage":0,"enemies":"2 Fungi Beasts","floor":12,"turns":2},{"damage":18,"enemies":"Gremlin Nob","floor":13,"turns":3},{"damage":41,"enemies":"The Guardian","floor":16,"turns":8}],"seed_played":"1150847383082029582","potions_obtained":[{"floor":1,"key":"SpeedPotion"},{"floor":2,"key":"SpeedPotion"},{"floor":7,"key":"SteroidPotion"},{"floor":10,"key":"FearPotion"},{"floor":13,"key":"AttackPotion"}],"is_trial":false,"path_per_floor":["M","M","M","?","?","R","M","E","T","E","M","M","E","?","R","B"],"character_chosen":"IRONCLAD","items_purchased":[],"campfire_rested":0,"item_purchase_floors":[],"current_hp_per_floor":[78,79,80,80,69,69,72,52,52,34,40,46,34,34,34,0,0],"gold":413,"neow_bonus":"RANDOM_COMMON_RELIC","is_daily":false,"chose_seed":false,"campfire_upgraded":2,"win_rate":0.0,"timestamp":1612899547,"path_taken":["M","M","M","?","?","R","M","E","T","E","M","M","E","?","R","BOSS"],"items_purchased_type":[],"build_version":"2020-12-22","purchased_purges":0,"victory":false,"max_hp_per_floor":[80,80,80,80,80,80,80,80,80,80,80,80,80,80,80,80,80],"relic_stats":{"counters":[10,41],"Bronze Scales":[33],"Turnip":[0],"obtain_stats":[{"Lantern":0,"Bronze Scales":9,"Turnip":13,"Omamori":10,"Burning Blood":0,"Red Skull":8},{"Lantern":0,"Bronze Scales":5,"Turnip":9,"Omamori":6,"Burning Blood":0,"Red Skull":5},{"Lantern":0,"Bronze Scales":21,"Turnip":33,"Omamori":26,"Burning Blood":0,"Red Skull":21}],"Burning Blood":49},"card_choices":[{"not_picked":["Burning Pact","Anger"],"picked":"Clothesline","floor":1},{"not_picked":["Combust","Sword Boomerang"],"picked":"Shrug It Off","floor":2},{"not_picked":["Clash","Whirlwind"],"picked":"Hemokinesis","floor":3},{"not_picked":["Clash","Infernal Blade"],"picked":"Anger","floor":7},{"not_picked":["Body Slam","Sever Soul"],"picked":"Searing Blow","floor":8},{"not_picked":["Blood for Blood","Clash"],"picked":"Pummel","floor":10},{"not_picked":["Anger","Perfected Strike","Warcry"],"picked":"SKIP","floor":11},{"not_picked":["Entrench","Warcry","Wild Strike"],"picked":"SKIP","floor":12},{"not_picked":["Sever Soul","Rampage"],"picked":"Inflame","floor":13}],"player_experience":1207959,"relics_obtained":[{"floor":8,"key":"Red Skull"},{"floor":9,"key":"Bronze Scales"},{"floor":10,"key":"Omamori"},{"floor":13,"key":"Turnip"}],"event_choices":[{"damage_healed":0,"gold_gain":0,"player_choice":"Grow","damage_taken":0,"max_hp_gain":0,"max_hp_loss":0,"event_name":"Living Wall","floor":4,"gold_loss":0,"cards_upgraded":["Bash"]},{"damage_healed":0,"gold_gain":75,"player_choice":"Gather Gold","damage_taken":11,"max_hp_gain":0,"max_hp_loss":0,"event_name":"World of Goop","floor":5,"gold_loss":0},{"damage_healed":0,"gold_gain":30,"player_choice":"Searched \u00271\u0027 times","damage_taken":0,"max_hp_gain":0,"max_hp_loss":0,"event_name":"Dead Adventurer","floor":14,"gold_loss":0}],"is_beta":false,"boss_relics":[],"items_purged_floors":[],"is_endless":false,"potions_floor_spawned":[1,2,7,10,13],"killed_by":"The Guardian","ascension_level":12}}