{"host":"gp3usc0dpezjueuv","time":1612879174,"event":{"mods":["100% Spire Juice","Act Like it!","BaseMod","BetterRewards","CapriCore","Colored Powertips","Dota2Spire","HololiveMod","Jedi Mod","Minty Spire (QoL Compilation)","Quick Restart","Remove Card Discount Mod","Replay The Spire","Spicy Shops","StSLib","Swap Starting Deck Mod"],"gold_per_floor":[117,130,140,18,18,49,49,66,92,92,92,110,110,110,110,210,20,30,43,61,78,91,91,91,91,141,141,152,67,80,96,96,200,200,210,226,244,244,51,84,84,119,119,148,198,211,61,61,61,61,61],"floor_reached":50,"language":"ZHS","playtime":4474,"items_purged":["Moonworks:Strike","Moonworks:Strike","Moonworks:Strike","Moonworks:Strike","Moonworks:LongDistanceShot","Moonworks:Ambush","Moonworks:CloudOfSeagulls","Moonworks:EvilMastermind","Moonworks:Defend","Moonworks:Defend","Moonworks:EvilSpyWorkPreparation+1","Moonworks:IntelligenceOfficer"],"score":786,"play_id":"57861919-ab9b-491a-b342-b936525799cc","local_time":"20210209215934","is_ascension_mode":false,"campfire_choices":[{"data":"Moonworks:Accelerator","floor":7,"key":"SMITH"},{"floor":11,"key":"REST"},{"data":"Moonworks:EvilSpyWorkPreparation","floor":15,"key":"SMITH"},{"data":"Moonworks:SakisCookie","floor":23,"key":"SMITH"},{"floor":25,"key":"REST"},{"data":"Moonworks:JonathanRush","floor":27,"key":"SMITH"},{"data":"Moonworks:DeployBits","floor":32,"key":"SMITH"},{"data":"Pot Of Greed","floor":41,"key":"SMITH"}],"circlet_count":0,"master_deck":["Moonworks:Defend+1","Moonworks:Accelerator+1","Moonworks:EvilSpyWorkPreparation+1","Moonworks:EvilSpyWorkPreparation+1","Moonworks:JonathanRush","Moonworks:JonathanRush+1","Moonworks:NicePresent","Moonworks:SakisCookie+1","Moonworks:DeployBits+1","Moonworks:AnotherUltimateWeapon+1","Moonworks:ForcedRevival","Moonworks:JonathanRush","Pot Of Greed","Pot Of Greed+1","Parasite"],"relics":["Moonworks:BrokenBomb","Moonworks:Homemark","StoneCalendar","Sling","Replay:Baseball","Vajra","Bag of Preparation","jedi:angrymask","Tiny House","ReplayTheSpireMod:TigerMarble","Centennial Puzzle","Dota2Spire:Bloodstone","Hololive_LightStick","Grinning Jar","Orichalcum","Dota2Spire:Dagon","Art of War","jedi:firstaidkit","jedi:ominousloannote","Shuriken","Dota2Spire:ArcaneBoots","jedi:windupbox"],"acts_visited":["Exordium","TheCity","TheBeyond"],"potions_floor_usage":[20,22,33,48,50],"damage_taken":[{"damage":4,"enemies":"2 Louse","floor":1,"turns":3},{"damage":2,"enemies":"Jaw Worm","floor":2,"turns":3},{"damage":0,"enemies":"Cultist","floor":3,"turns":4},{"damage":2,"enemies":"3 Sentries","floor":6,"turns":3},{"damage":0,"enemies":"3 Louse","floor":8,"turns":1},{"damage":3,"enemies":"Looter","floor":12,"turns":2},{"damage":16,"enemies":"Fading Forest","floor":16,"turns":11},{"damage":23,"enemies":"2 Thieves","floor":18,"turns":3},{"damage":0,"enemies":"Chosen","floor":19,"turns":3},{"damage":15,"enemies":"Snake Plant","floor":20,"turns":5},{"damage":8,"enemies":"Centurion and Healer","floor":21,"turns":3},{"damage":0,"enemies":"Chosen and Byrds","floor":22,"turns":4},{"damage":0,"enemies":"3 Cultists","floor":28,"turns":3},{"damage":5,"enemies":"Snake Plant","floor":30,"turns":2},{"damage":0,"enemies":"Centurion and Healer","floor":31,"turns":4},{"damage":37,"enemies":"Pondfish","floor":33,"turns":7},{"damage":11,"enemies":"3 Darklings","floor":35,"turns":2},{"damage":0,"enemies":"Orb Walker","floor":36,"turns":3},{"damage":18,"enemies":"3 Darklings","floor":37,"turns":2},{"damage":0,"enemies":"Reptomancer","floor":40,"turns":3},{"damage":0,"enemies":"R_Hoarder","floor":42,"turns":4},{"damage":14,"enemies":"Nemesis","floor":44,"turns":3},{"damage":0,"enemies":"Mind Bloom Boss Battle","floor":45,"turns":1},{"damage":0,"enemies":"Sphere and 2 Shapes","floor":46,"turns":1},{"damage":0,"enemies":"Writhing Mass","floor":48,"turns":2},{"damage":85,"enemies":"Time Eater","floor":50,"turns":5}],"seed_played":"-5867213575142000125","potions_obtained":[{"floor":2,"key":"jedi:tentaclejuice"},{"floor":17,"key":"Languid Potion"},{"floor":19,"key":"Energy Potion"},{"floor":21,"key":"Dexterity Potion"},{"floor":30,"key":"SpeedPotion"},{"floor":31,"key":"AttackPotion"},{"floor":42,"key":"jedi:wingpotion"},{"floor":46,"key":"Adrenaline Potion"},{"floor":48,"key":"SkillPotion"}],"is_trial":false,"path_per_floor":["M","M","M","$","?","E","R","M","T","?","R","M","T","$","R","B",null,"M","M","M","M","M","R","?","R","T","R","M","$","M","M","R","B",null,"M","M","M","?","$","E","R","E","T","E","?","M","$","M","R","B"],"character_chosen":"THE_STARBREAKER","items_purchased":["StoneCalendar","Sling","Moonworks:CloudOfSeagulls","Replay:Baseball","Centennial Puzzle","Hololive_LightStick","Moonworks:JonathanRush","jedi:ominousloannote","Shuriken","Dota2Spire:ArcaneBoots","jedi:windupbox"],"campfire_rested":2,"item_purchase_floors":[0,0,0,0,29,39,39,47,47,47,47],"current_hp_per_floor":[29,27,27,27,27,25,25,25,25,13,31,28,28,28,28,22,65,42,42,27,19,19,19,16,35,35,35,38,38,36,39,39,5,65,54,57,47,47,47,55,55,63,63,51,59,62,62,65,65,0,0],"gold":61,"neow_bonus":"","is_daily":false,"chose_seed":false,"campfire_upgraded":6,"win_rate":0.0,"timestamp":1612879174,"path_taken":["M","M","M","$","?","E","R","M","T","?","R","M","?","?","R","BOSS","M","M","M","M","M","R","?","R","T","R","M","$","M","M","R","BOSS","M","M","M","?","$","E","R","E","T","E","?","M","$","M","R","BOSS"],"items_purchased_type":["Relic","Relic","Card","Relic","Relic","Relic","Card","Relic","Relic","Relic","Relic"],"build_version":"2020-12-22","purchased_purges":12,"victory":false,"max_hp_per_floor":[60,60,60,60,60,60,60,60,60,60,60,60,60,60,60,60,65,65,65,65,65,65,65,65,65,65,65,65,65,65,65,65,65,65,65,65,65,65,65,65,65,65,65,65,65,65,65,65,65,65,65],"card_choices":[{"not_picked":["Moonworks:JonathanRush","Moonworks:LulusLuckyEgg"],"picked":"Moonworks:EvilSpyWorkPreparation","floor":1},{"not_picked":["Moonworks:ImOnFire","Moonworks:SweetBattle"],"picked":"Moonworks:Accelerator","floor":2},{"not_picked":["Moonworks:TacticalRetreat","Moonworks:BackdoorTrade"],"picked":"Moonworks:EvilSpyWorkPreparation","floor":3},{"not_picked":["Moonworks:CookingTime","Moonworks:CloudOfSeagulls","Moonworks:AngelHand"],"picked":"SKIP","floor":6},{"not_picked":["Moonworks:SweetBattle","Moonworks:SakisCookie"],"picked":"Moonworks:EvilSpyWorkPreparation","floor":8},{"not_picked":["Moonworks:LulusLuckyEgg","Moonworks:NicePresent","Moonworks:IndiscriminateFireSupport"],"picked":"SKIP","floor":12},{"not_picked":["Moonworks:ShieldCounter","Moonworks:Encore"],"picked":"Moonworks:EvilMastermind","floor":16},{"not_picked":["Moonworks:BigMagnum+1","Moonworks:ScrambledEve+1"],"picked":"Moonworks:JonathanRush","floor":18},{"not_picked":["Moonworks:RagingMadness","Moonworks:UnpaidWork"],"picked":"Moonworks:JonathanRush","floor":19},{"not_picked":["Moonworks:Flamethrower","Moonworks:IndiscriminateFireSupport"],"picked":"Moonworks:NicePresent","floor":20},{"not_picked":["Moonworks:ImOnFire+1","Moonworks:AngelHand+1"],"picked":"Moonworks:SakisCookie","floor":21},{"not_picked":["Moonworks:ImOnFire+1","Moonworks:IndiscriminateFireSupport","Moonworks:CloudOfSeagulls"],"picked":"SKIP","floor":22},{"not_picked":["Moonworks:RagingMadness+1","Moonworks:ShieldCounter"],"picked":"Moonworks:DeployBits","floor":28},{"not_picked":["Moonworks:EvilSpyWorkPreparation","Moonworks:WindyEnchantment","Moonworks:NicePresent"],"picked":"SKIP","floor":30},{"not_picked":["Moonworks:CloudOfSeagulls","Moonworks:ImOnFire"],"picked":"Moonworks:IntelligenceOfficer","floor":31},{"not_picked":["Moonworks:GoAway","Moonworks:StarBlastingFuse"],"picked":"Moonworks:AnotherUltimateWeapon","floor":33},{"not_picked":["Moonworks:NicePresent+1","Moonworks:BigMagnum","Moonworks:ImOnFire"],"picked":"SKIP","floor":35},{"not_picked":["Moonworks:IndiscriminateFireSupport","Moonworks:UnpaidWork"],"picked":"Moonworks:ForcedRevival","floor":36},{"not_picked":["Moonworks:IndiscriminateFireSupport","Moonworks:FinalSurgery","Moonworks:ExtendedPhotonRifle"],"picked":"SKIP","floor":37},{"not_picked":["Moonworks:SakisCookie+1","Moonworks:CloudOfSeagulls+1","Moonworks:NicePresent"],"picked":"SKIP","floor":40},{"not_picked":["Moonworks:CloudOfSeagulls","Moonworks:BigBangBell+1","Moonworks:SakisCookie+1"],"picked":"SKIP","floor":42},{"not_picked":["Moonworks:ImOnFire+1","Moonworks:StiffCrystal","Moonworks:ImmovableObject+1"],"picked":"SKIP","floor":44},{"not_picked":["Moonworks:SakisCookie","Moonworks:CompletionReward","Moonworks:BigMagnum+1"],"picked":"SKIP","floor":46},{"not_picked":["Moonworks:SealedMemories","Moonworks:Dinner","Moonworks:NicePresent+1"],"picked":"SKIP","floor":48}],"player_experience":508148,"relics_obtained":[{"floor":6,"key":"Vajra"},{"floor":9,"key":"Bag of Preparation"},{"floor":13,"key":"jedi:angrymask"},{"floor":26,"key":"ReplayTheSpireMod:TigerMarble"},{"floor":40,"key":"Grinning Jar"},{"floor":42,"key":"Orichalcum"},{"floor":43,"key":"Dota2Spire:Dagon"},{"floor":44,"key":"Art of War"},{"floor":45,"key":"jedi:firstaidkit"}],"event_choices":[{"damage_healed":0,"gold_gain":0,"player_choice":"Ignored","damage_taken":0,"max_hp_gain":0,"max_hp_loss":0,"event_name":"Golden Wing","floor":5,"gold_loss":0},{"damage_healed":0,"gold_gain":0,"player_choice":"Entered Light","damage_taken":12,"max_hp_gain":0,"max_hp_loss":0,"event_name":"Shining Light","floor":10,"gold_loss":0,"cards_upgraded":["Moonworks:EvilSpyWorkPreparation","Moonworks:EvilSpyWorkPreparation"]},{"damage_healed":0,"gold_gain":0,"player_choice":"Punched","damage_taken":3,"max_hp_gain":0,"max_hp_loss":0,"event_name":"Designer","floor":24,"gold_loss":0},{"cards_removed":["Moonworks:Defend"],"damage_healed":0,"gold_gain":0,"player_choice":"Removed Skill","damage_taken":0,"max_hp_gain":0,"max_hp_loss":0,"event_name":"Falling","floor":38,"gold_loss":0},{"damage_healed":0,"gold_gain":0,"player_choice":"Fight","damage_taken":0,"max_hp_gain":0,"max_hp_loss":0,"event_name":"MindBloom","floor":45,"gold_loss":0}],"is_beta":false,"boss_relics":[{"not_picked":["Philosopher\u0027s Stone","Painkiller Herb"],"picked":"Tiny House"},{"not_picked":["Hololive_TopUpMoneyS","SacredBark"],"picked":"Dota2Spire:Bloodstone"}],"items_purged_floors":[0,0,0,0,0,0,4,29,29,29,29,39],"is_endless":false,"potions_floor_spawned":[2,19,21,30,31,42,46,48],"killed_by":"Time Eater","ascension_level":0}}