{"host":"zksvs3x2ysy9npnz","time":1612838899,"event":{"mods":["Aspiration","BaseMod","Beaked The Cultist","BetterRewards","Clockwork Mod","Colored Map","Conspire","Downfall","Halation","Highlight Path","Hubris","Infinite Spire","Jedi Mod","Magitek Elite","Minty Spire (QoL Compilation)","Permanent Neow","Quick Restart","Relic Stats","Shop Mod","StSLib","The Runesmith","The Witch"],"gold_per_floor":[99,110,133,37,52,66,66,66,100,60,60,77,77,89,99,199,199,99,113,113,133,143,43,43,43,43,55,70,70,102,102,122,224,224,224,238,238,288,307,335,385,385,416,466,67,67,99,119,129,129],"floor_reached":51,"language":"FRA","playtime":11061,"items_purged":["hubris:Greed","champ:Strike","hubris:Gluttony"],"score":970,"play_id":"c0ea3e5c-a9e1-4657-9509-ae4c0bcd674a","local_time":"20210209034819","is_ascension_mode":true,"campfire_choices":[{"floor":1,"key":"RECALL"},{"data":"champ:Backstep","floor":8,"key":"SMITH"},{"data":"champ:Execute","floor":11,"key":"SMITH"},{"data":"Madness","floor":13,"key":"SMITH"},{"data":"champ:Improvising","floor":18,"key":"SMITH"},{"data":"champ:Taunt","floor":23,"key":"SMITH"},{"data":"champ:TornadoPunch","floor":26,"key":"SMITH"},{"data":"champ:CrownThrow","floor":29,"key":"SMITH"},{"data":"champ:Defend","floor":35,"key":"SMITH"},{"data":"infinitespire:Oblivion","floor":42,"key":"SMITH"},{"data":"champ:Defend","floor":46,"key":"SMITH"}],"circlet_count":0,"master_deck":["champ:Strike","champ:Strike","champ:Strike","champ:Defend+1","champ:Defend+1","champ:Defend+1","champ:Defend+1","champ:Execute+1","champ:Taunt+1","champ:Backstep+1","Madness+1","champ:CrownThrow+1","champ:RageSigil+1","champ:ShieldSigil+1","champ:TornadoPunch+1","champ:FocusedDefense+1","champ:Backstep+1","champ:Improvising+1","champ:RageSigil+1","champ:Taunt+1","champ:Circumvent+1","champ:PreemptiveStrike+1","infinitespire:Collect+1","infinitespire:Fortify+1","champ:SkillfulDodge+1","champ:EnGarde+1","champ:HoldFirm+1","infinitespire:Execution+1","infinitespire:Oblivion+1","champ:ViciousMockery+1","champ:RageSigil+1","champ:Circumvent+1","Cloak And Dagger+1","Bewitch+1"],"relics":["champ:ChampionCrown","Akabeko","infinitespire:PuzzleCube","Toxic Egg 2","hubris:Potato","Cursed Key","downfall:HeartBlessingRed","downfall:HeartBlessingGreen","hubris:64BitClover","hubris:TinFlute","Bottled Flame","aspiration:PoetsPen_weak","hubris:FunFungus","Lizard Tail","Letter Opener","aspiration:EmptySkull","hubris:Teleporter","halation:VictoryRuler","War Paint","PrismaticShard","Darkstone Periapt","Tintinnabulum"],"acts_visited":["Exordium","TheCity","TheBeyond"],"potions_floor_usage":[22,44,44,49,50,50],"damage_taken":[{"damage":10,"enemies":"Cultist","floor":2,"turns":2},{"damage":20,"enemies":"downfall:FleeingMerchant","floor":4,"turns":4},{"damage":10,"enemies":"2 Louse","floor":5,"turns":3},{"damage":17,"enemies":"Small Slimes","floor":6,"turns":4},{"damage":30,"enemies":"Lagavulin","floor":9,"turns":7},{"damage":5,"enemies":"downfall:FleeingMerchant","floor":10,"turns":4},{"damage":4,"enemies":"3 Louse","floor":12,"turns":4},{"damage":9,"enemies":"Lots of Slimes","floor":14,"turns":4},{"damage":3,"enemies":"Large Slime","floor":15,"turns":4},{"damage":56,"enemies":"WA_ARCHETYPE_RETAIN","floor":16,"turns":10},{"damage":22,"enemies":"Spheric Guardian","floor":19,"turns":4},{"damage":2,"enemies":"Snake Plant","floor":21,"turns":4},{"damage":28,"enemies":"Centurion and Healer","floor":22,"turns":6},{"damage":23,"enemies":"Snecko","floor":27,"turns":5},{"damage":5,"enemies":"3 Cultists","floor":28,"turns":4},{"damage":0,"enemies":"conspire:SneckoGhost","floor":30,"turns":4},{"damage":1,"enemies":"Centurion and Healer","floor":32,"turns":4},{"damage":28,"enemies":"DF_ARCHETYPE_CLAW","floor":33,"turns":9},{"damage":0,"enemies":"3 Darklings","floor":36,"turns":4},{"damage":0,"enemies":"3 Darklings","floor":38,"turns":4},{"damage":0,"enemies":"Orb Walker","floor":39,"turns":2},{"damage":0,"enemies":"Giant Head","floor":40,"turns":5},{"damage":0,"enemies":"Nemesis","floor":43,"turns":7},{"damage":1,"enemies":"2 Orb Walkers","floor":44,"turns":4},{"damage":0,"enemies":"downfall:FleeingMerchant","floor":45,"turns":4},{"damage":0,"enemies":"Giant Head","floor":47,"turns":6},{"damage":2,"enemies":"Spire Growth","floor":48,"turns":4},{"damage":14,"enemies":"Transient","floor":49,"turns":5},{"damage":55,"enemies":"SI_POISON_ARCHETYPE","floor":50,"turns":6}],"seed_played":"-7867005624426941588","potions_obtained":[{"floor":6,"key":"champ:OpenerPotion"},{"floor":14,"key":"LiquidBronze"},{"floor":15,"key":"Ancient Potion"},{"floor":22,"key":"Fire Potion"},{"floor":40,"key":"LiquidMemories"},{"floor":47,"key":"SkillPotion"},{"floor":49,"key":"AttackPotion"}],"is_trial":false,"path_per_floor":["R","M","T","$","M","M","T","R","E","$","R","M","R","M","M","B",null,"R","M","?","M","M","R","T","AVR","R","M","M","R","E","?","M","B",null,"R","M","AVR","?","M","E","T","R","E","?","$","R","E","M","M","B",null],"character_chosen":"THE_CHAMP","items_purchased":["Madness","champ:ShieldSigil+1","War Paint","PrismaticShard"],"campfire_rested":0,"item_purchase_floors":[4,10,45,45],"current_hp_per_floor":[90,90,90,90,90,83,83,83,73,68,68,79,79,70,77,66,90,90,68,68,76,73,73,73,73,73,70,70,70,80,80,89,66,90,90,90,90,90,90,90,90,90,90,90,90,90,90,90,76,33],"gold":129,"neow_bonus":"RANDOM_COMMON_RELIC","is_daily":false,"chose_seed":false,"campfire_upgraded":10,"win_rate":0.0,"timestamp":1612838899,"path_taken":["R","M","?","$","M","M","T","R","E","$","R","?","R","M","M","BOSS","R","M","?","M","M","R","T","AVR","R","?","M","R","E","?","M","BOSS","R","M","AVR","?","M","E","T","R","E","?","$","R","E","M","M","BOSS"],"items_purchased_type":["Card","Card","Relic","Relic"],"build_version":"2020-12-22","purchased_purges":3,"victory":true,"max_hp_per_floor":[90,90,90,90,90,90,90,90,90,90,90,90,90,90,90,90,90,90,90,90,90,90,90,90,90,90,90,90,90,90,90,90,90,90,90,90,90,90,90,90,90,90,90,90,90,90,90,90,90,90],"relic_stats":{"Darkstone Periapt":0,"Lizard Tail":0,"counters":[29,137],"Letter Opener":[209],"War Paint":["champ:Defend","champ:Defend"],"Cursed Key":2,"obtain_stats":[{"Darkstone Periapt":47,"hubris:Teleporter":43,"downfall:HeartBlessingRed":18,"hubris:64BitClover":24,"champ:ChampionCrown":0,"downfall:HeartBlessingGreen":23,"aspiration:PoetsPen_weak":34,"Letter Opener":40,"War Paint":45,"Cursed Key":17,"PrismaticShard":45,"Akabeko":0,"Bottled Flame":30,"Lizard Tail":38,"aspiration:EmptySkull":41,"halation:VictoryRuler":44,"Tintinnabulum":48,"hubris:FunFungus":37,"Toxic Egg 2":7,"infinitespire:PuzzleCube":3,"hubris:Potato":9,"hubris:TinFlute":25},{"Darkstone Periapt":26,"hubris:Teleporter":23,"downfall:HeartBlessingRed":10,"hubris:64BitClover":13,"champ:ChampionCrown":0,"downfall:HeartBlessingGreen":13,"aspiration:PoetsPen_weak":18,"Letter Opener":22,"War Paint":25,"Cursed Key":10,"PrismaticShard":25,"Akabeko":0,"Bottled Flame":16,"Lizard Tail":20,"aspiration:EmptySkull":22,"halation:VictoryRuler":24,"Tintinnabulum":27,"hubris:FunFungus":19,"Toxic Egg 2":4,"infinitespire:PuzzleCube":1,"hubris:Potato":5,"hubris:TinFlute":13},{"Darkstone Periapt":122,"hubris:Teleporter":108,"downfall:HeartBlessingRed":46,"hubris:64BitClover":60,"champ:ChampionCrown":0,"downfall:HeartBlessingGreen":60,"aspiration:PoetsPen_weak":86,"Letter Opener":101,"War Paint":116,"Cursed Key":46,"PrismaticShard":116,"Akabeko":0,"Bottled Flame":73,"Lizard Tail":94,"aspiration:EmptySkull":101,"halation:VictoryRuler":112,"Tintinnabulum":126,"hubris:FunFungus":90,"Toxic Egg 2":13,"infinitespire:PuzzleCube":2,"hubris:Potato":20,"hubris:TinFlute":60}]},"card_choices":[{"not_picked":["champ:Encircle","champ:RecklessLeap","champ:Shatter"],"picked":"SKIP","floor":2},{"not_picked":["champ:EndlessRage","champ:ShieldSigil"],"picked":"champ:Backstep","floor":4},{"not_picked":["champ:LastStand","champ:ShieldSigil","champ:Parry"],"picked":"SKIP","floor":5},{"not_picked":["champ:StanceDance","champ:FocusedBerserking"],"picked":"champ:CrownThrow","floor":6},{"not_picked":["champ:BringItOn+1","champ:CrownThrow"],"picked":"champ:RageSigil+1","floor":9},{"not_picked":["champ:BringItOn+1","champ:HeartStrike","champ:PreciseThrust"],"picked":"SKIP","floor":10},{"not_picked":["champ:MurderStrike","champ:PerfectedStrike"],"picked":"champ:TornadoPunch","floor":12},{"not_picked":["champ:TornadoPunch","champ:BerserkerStyle"],"picked":"champ:FocusedDefense+1","floor":14},{"not_picked":["champ:ViciousMockery+1","champ:HeartStrike"],"picked":"champ:Backstep+1","floor":15},{"not_picked":["champ:HeavySlash","champ:SteelEdge"],"picked":"champ:Improvising","floor":16},{"not_picked":["champ:BladeFlurry","champ:Encircle"],"picked":"champ:RageSigil+1","floor":19},{"not_picked":["champ:BladeFlurry","champ:FanOfKnives"],"picked":"champ:Circumvent+1","floor":21},{"not_picked":["champ:DeathBlow","champ:TripleStrike"],"picked":"champ:PreemptiveStrike+1","floor":22},{"not_picked":["champ:CrownThrow+1","champ:PreciseThrust"],"picked":"champ:SkillfulDodge+1","floor":27},{"not_picked":["champ:TornadoPunch","champ:CrownThrow","champ:PreciseThrust"],"picked":"SKIP","floor":28},{"not_picked":["champ:Haymaker","champ:TornadoPunch+1","champ:PreciseThrust+1"],"picked":"SKIP","floor":30},{"not_picked":["champ:BladeFlurry","champ:EnchantSword+1"],"picked":"champ:EnGarde+1","floor":32},{"not_picked":["champ:EnchantShield+1","champ:Improvising"],"picked":"champ:HoldFirm+1","floor":33},{"not_picked":["champ:BringItOn+1","champ:FanOfKnives","champ:EnragedBash+1"],"picked":"SKIP","floor":36},{"not_picked":["champ:FocusedBerserking+1","champ:FlashCut+1"],"picked":"champ:ViciousMockery+1","floor":38},{"not_picked":["champ:TornadoPunch+1","champ:PerfectedStrike+1","champ:StanceDance+1"],"picked":"SKIP","floor":39},{"not_picked":["champ:IgnorePain+1","champ:BringItOn+1"],"picked":"champ:RageSigil+1","floor":40},{"not_picked":["champ:StanceDance+1","champ:Parry+1","champ:BladeFlurry+1"],"picked":"SKIP","floor":43},{"not_picked":["champ:DefensiveStyle","champ:CrownThrow+1"],"picked":"champ:Circumvent+1","floor":45},{"not_picked":["bronze:BitShift+1","Broomstick","hexamod:Firestarter"],"picked":"SKIP","floor":47},{"not_picked":["Crystal_Sword","sneckomod:UnknownCommonSkill+1"],"picked":"Cloak And Dagger+1","floor":48},{"not_picked":["Falchion","hexamod:ParanormalForm"],"picked":"Bewitch+1","floor":49}],"player_experience":1874287,"relics_obtained":[{"floor":3,"key":"infinitespire:PuzzleCube"},{"floor":7,"key":"Toxic Egg 2"},{"floor":9,"key":"hubris:Potato"},{"floor":24,"key":"hubris:64BitClover"},{"floor":30,"key":"Bottled Flame"},{"floor":38,"key":"Lizard Tail"},{"floor":40,"key":"Letter Opener"},{"floor":41,"key":"aspiration:EmptySkull"},{"floor":43,"key":"hubris:Teleporter"},{"floor":44,"key":"halation:VictoryRuler"},{"floor":47,"key":"Darkstone Periapt"},{"floor":48,"key":"Tintinnabulum"}],"event_choices":[{"damage_healed":0,"gold_gain":0,"player_choice":"Leave","damage_taken":0,"max_hp_gain":0,"max_hp_loss":0,"event_name":"conspire:Investor","floor":31,"gold_loss":0},{"damage_healed":0,"gold_gain":0,"player_choice":"Fight","damage_taken":0,"max_hp_gain":0,"max_hp_loss":0,"event_name":"Mysterious Sphere","floor":44,"gold_loss":0}],"is_beta":false,"boss_relics":[{"not_picked":["Empty Cage","halation:CatFaceCupcake"],"picked":"Cursed Key"},{"not_picked":["halation:Risk","hubris:RunicObelisk"],"picked":"aspiration:PoetsPen_weak"}],"items_purged_floors":[25,37,45],"is_endless":false,"potions_floor_spawned":[6,14,15,16,22,27,33,40,47,49],"ascension_level":2}}