{"host":"8u1cu4kisw6g21am","time":1612883420,"event":{"mods":["AchievementEnabler","BaseMod","Bestiary","BetterRewards","Minty Spire (QoL Compilation)","Quick Restart","Shop Mod","StSLib"],"gold_per_floor":[118,132,132,150,163,193,193,193,216,230,242,242,256,286,286,286,286],"floor_reached":16,"language":"ENG","playtime":1048,"items_purged":[],"score":164,"play_id":"24d5f720-7641-48d2-8bf6-1ed0e094fe75","local_time":"20210209101020","is_ascension_mode":false,"campfire_choices":[{"data":"Dark Embrace","floor":7.0,"key":"SMITH"},{"data":"Cleave","floor":12.0,"key":"SMITH"},{"data":"Whirlwind","floor":15.0,"key":"SMITH"}],"circlet_count":0,"master_deck":["Strike_R","Strike_R","Strike_R","Strike_R","Strike_R","Defend_R","Defend_R","Defend_R","Bash","Iron Wave","Twin Strike","Clothesline","Dark Embrace+1","Cleave+1","Whirlwind+1","Feel No Pain"],"relics":["Burning Blood","Ice Cream","Pen Nib","Potion Belt","Omamori"],"acts_visited":["Exordium"],"potions_floor_usage":[16],"damage_taken":[{"damage":0.0,"enemies":"2 Louse","floor":1.0,"turns":3.0},{"damage":6.0,"enemies":"Cultist","floor":2.0,"turns":3.0},{"damage":6.0,"enemies":"Jaw Worm","floor":4.0,"turns":2.0},{"damage":16.0,"enemies":"Lots of Slimes","floor":5.0,"turns":5.0},{"damage":45.0,"enemies":"Lagavulin","floor":6.0,"turns":7.0},{"damage":0.0,"enemies":"Exordium Wildlife","floor":10.0,"turns":2.0},{"damage":21.0,"enemies":"Gremlin Gang","floor":11.0,"turns":3.0},{"damage":12.0,"enemies":"2 Fungi Beasts","floor":13.0,"turns":2.0},{"damage":4.0,"enemies":"3 Sentries","floor":14.0,"turns":2.0},{"damage":89,"enemies":"The Guardian","floor":16,"turns":10}],"seed_played":"-5743024445555665277","potions_obtained":[{"floor":2.0,"key":"Dexterity Potion"},{"floor":5.0,"key":"LiquidMemories"},{"floor":10.0,"key":"Ancient Potion"},{"floor":13.0,"key":"SmokeBomb"},{"floor":14.0,"key":"Block Potion"}],"is_trial":false,"path_per_floor":["M","M","?","M","M","E","R","?","T","M","M","R","M","E","R","B"],"character_chosen":"IRONCLAD","items_purchased":[],"campfire_rested":0,"item_purchase_floors":[],"current_hp_per_floor":[80,80,80,80,70,31,31,80,80,80,65,65,59,61,61,0,0],"gold":286,"neow_bonus":"","is_daily":false,"chose_seed":false,"campfire_upgraded":3,"win_rate":0.0,"timestamp":1612883420,"path_taken":["M","M","?","?","M","E","R","?","T","M","?","R","M","E","R","BOSS"],"items_purchased_type":[],"build_version":"2020-12-22","purchased_purges":0,"victory":false,"max_hp_per_floor":[80,80,80,80,80,80,80,80,80,80,80,80,80,80,80,80,80],"card_choices":[{"not_picked":["Anger","Intimidate"],"picked":"Iron Wave","floor":1.0},{"not_picked":["Warcry","True Grit"],"picked":"Twin Strike","floor":2.0},{"not_picked":["Havoc","Rupture"],"picked":"Clothesline","floor":4.0},{"not_picked":["True Grit","Twin Strike"],"picked":"Fire Breathing","floor":5.0},{"not_picked":["Battle Trance","Metallicize"],"picked":"Dark Embrace","floor":6.0},{"not_picked":["Pommel Strike","Metallicize"],"picked":"Cleave","floor":10.0},{"not_picked":["Metallicize","Heavy Blade","Wild Strike"],"picked":"SKIP","floor":11.0},{"not_picked":["Thunderclap","Headbutt"],"picked":"Whirlwind","floor":13.0},{"not_picked":["True Grit","Wild Strike"],"picked":"Feel No Pain","floor":14.0}],"player_experience":40508,"relics_obtained":[{"floor":6.0,"key":"Pen Nib"},{"floor":9.0,"key":"Potion Belt"},{"floor":14.0,"key":"Omamori"}],"event_choices":[{"cards_removed":["Defend_R"],"damage_healed":0.0,"max_hp_gain":0.0,"max_hp_loss":0.0,"gold_gain":0.0,"event_name":"Purifier","player_choice":"Purged","floor":3.0,"gold_loss":0.0,"damage_taken":0.0},{"cards_removed":["Fire Breathing"],"damage_healed":49.0,"max_hp_gain":0.0,"max_hp_loss":0.0,"gold_gain":0.0,"event_name":"Bonfire Elementals","player_choice":"Offered Uncommon","floor":8.0,"gold_loss":0.0,"damage_taken":0.0}],"is_beta":false,"boss_relics":[],"items_purged_floors":[],"is_endless":false,"potions_floor_spawned":[2,5,10,13,14],"killed_by":"The Guardian","ascension_level":0}}