{"host":"xhy9gc4eyomy2i9o","time":1612857516,"event":{"mods":["AchievementEnabler","Act Like it!","BaseMod","Better Vampires","Minty Spire (QoL Compilation)","Permanent Neow","Quick Restart","Shop Mod","StSLib","Waifu the Spire"],"gold_per_floor":[366,379,252,252,252,252,285,285,334,409,409,409,430,463,463,583,583,566,414,429,444,22,55,55,93,93,93,93,4,28,42,42,168,168,182,32,32,32],"floor_reached":39,"language":"ZHS","playtime":2760,"items_purged":["Zap","Strike_B","Dualcast","Strike_B+1"],"score":942,"play_id":"1e81d98d-fe96-45e7-95a3-bd0bd8bdfd7c","local_time":"20210209155836","is_ascension_mode":true,"campfire_choices":[{"data":"Reprogram","floor":6.0,"key":"SMITH"},{"floor":11.0,"key":"REST"},{"data":"Go for the Eyes","floor":15.0,"key":"SMITH"},{"floor":24.0,"key":"REST"},{"floor":28.0,"key":"REST"},{"floor":32.0,"key":"REST"}],"circlet_count":0,"master_deck":["AscendersBane","Strike_B+1","Defend_B","Defend_B+1","Reprogram+1","Seek","Beam Cell+1","Leap","Go for the Eyes+1","Buffer","Skim","Gash","Sweeping Beam","Streamline","Conserve Battery","Impatience","Hologram+1","Buffer","Buffer+1","Core Surge+1","Melter+1"],"relics":["Cracked Core","Golden Idol","Darkstone Periapt","Whetstone","Incense Burner","Cursed Key","Kunai","Bottled Flame","Ancient Tea Set","Astrolabe"],"acts_visited":["Exordium","TheCity","TheBeyond"],"potions_floor_usage":[38,38],"damage_taken":[{"damage":7.0,"enemies":"2 Louse","floor":1.0,"turns":3.0},{"damage":6.0,"enemies":"Jaw Worm","floor":2.0,"turns":5.0},{"damage":26.0,"enemies":"3 Sentries","floor":7.0,"turns":9.0},{"damage":5.0,"enemies":"Small Slimes","floor":13.0,"turns":3.0},{"damage":9.0,"enemies":"Lagavulin","floor":14.0,"turns":8.0},{"damage":24.0,"enemies":"Slime Boss","floor":16.0,"turns":13.0},{"damage":11.0,"enemies":"2 Thieves","floor":18.0,"turns":4.0},{"damage":13.0,"enemies":"3 Byrds","floor":20.0,"turns":11.0},{"damage":16.0,"enemies":"Sentry and Sphere","floor":21.0,"turns":6.0},{"damage":1.0,"enemies":"Book of Stabbing","floor":23.0,"turns":6.0},{"damage":24.0,"enemies":"Slavers","floor":25.0,"turns":11.0},{"damage":9.0,"enemies":"Centurion and Healer","floor":30.0,"turns":6.0},{"damage":3.0,"enemies":"Snecko","floor":31.0,"turns":7.0},{"damage":9.0,"enemies":"Champ","floor":33.0,"turns":21.0},{"damage":19.0,"enemies":"3 Shapes","floor":35.0,"turns":4.0},{"damage":31,"enemies":"Time Eater","floor":38,"turns":14}],"seed_played":"8961248667614519912","potions_obtained":[{"floor":2.0,"key":"GamblersBrew"},{"floor":14.0,"key":"Dexterity Potion"},{"floor":16.0,"key":"AttackPotion"},{"floor":23.0,"key":"Energy Potion"},{"floor":25.0,"key":"DuplicationPotion"},{"floor":30.0,"key":"FearPotion"}],"is_trial":false,"path_per_floor":["M","M","$","?","?","R","E","?","T","?","R","?","M","E","R","B",null,"M","$","M","M","$","E","R","E","T","?","R","$","M","M","R","B",null,"M","$","?","B",null],"character_chosen":"DEFECT","items_purchased":["Beam Cell","Gash","ColorlessPotion","Kunai","Impatience"],"campfire_rested":4,"item_purchase_floors":[3,19,22,22,29],"current_hp_per_floor":[61,55,55,41,41,41,15,36,36,25,43,43,38,29,29,5,49,38,38,25,9,9,8,26,2,2,2,20,20,11,8,26,17,52,33,33,33,2],"gold":32,"neow_bonus":"TWO_FIFTY_GOLD","is_daily":false,"chose_seed":false,"campfire_upgraded":2,"win_rate":0.0,"timestamp":1612857516,"path_taken":["M","M","$","?","?","R","E","?","T","?","R","?","?","E","R","BOSS","M","$","M","M","$","E","R","E","T","?","R","$","M","M","R","BOSS","M","$","?","BOSS"],"items_purchased_type":["Card","Card","Potion","Relic","Card"],"build_version":"2020-12-22","purchased_purges":4,"victory":true,"max_hp_per_floor":[68,68,68,68,63,63,63,63,63,63,63,63,63,63,63,63,63,63,63,63,63,63,63,63,63,63,63,63,63,63,63,63,63,63,63,63,63,63],"card_choices":[{"not_picked":["Steam","Cold Snap"],"picked":"Reprogram","floor":1.0},{"not_picked":["Turbo","Rebound"],"picked":"Seek","floor":2.0},{"not_picked":["Double Energy","Coolheaded","Stack"],"picked":"SKIP","floor":7.0},{"not_picked":["Coolheaded","Blizzard"],"picked":"Leap","floor":13.0},{"not_picked":["Consume","Rebound"],"picked":"Go for the Eyes","floor":14.0},{"not_picked":["Echo Form","Fission"],"picked":"Buffer","floor":16.0},{"not_picked":["Cold Snap+1","Defragment"],"picked":"Skim","floor":18.0},{"not_picked":["Turbo","Beam Cell+1"],"picked":"Sweeping Beam","floor":20.0},{"not_picked":["Rebound","Coolheaded"],"picked":"Streamline","floor":21.0},{"not_picked":["Lockon","Compile Driver","Undo+1"],"picked":"SKIP","floor":23.0},{"not_picked":["Loop","Doom and Gloom"],"picked":"Conserve Battery","floor":25.0},{"not_picked":["Leap","Go for the Eyes"],"picked":"Hologram+1","floor":30.0},{"not_picked":["Compile Driver","Aggregate"],"picked":"Buffer","floor":31.0},{"not_picked":["Turbo","Skim","Go for the Eyes"],"picked":"SKIP","floor":35.0}],"player_experience":550796,"relics_obtained":[{"floor":7.0,"key":"Darkstone Periapt"},{"floor":9.0,"key":"Whetstone"},{"floor":14.0,"key":"Incense Burner"},{"floor":23.0,"key":"Bottled Flame"},{"floor":25.0,"key":"Ancient Tea Set"}],"event_choices":[{"damage_healed":0.0,"max_hp_gain":0.0,"max_hp_loss":0.0,"gold_gain":0.0,"event_name":"Shining Light","player_choice":"Entered Light","floor":4.0,"gold_loss":0.0,"damage_taken":14.0,"cards_upgraded":["Defend_B","Strike_B"]},{"damage_healed":0.0,"max_hp_gain":0.0,"max_hp_loss":5.0,"gold_gain":0.0,"event_name":"Golden Idol","player_choice":"Lose Max HP","floor":5.0,"gold_loss":0.0,"damage_taken":0.0,"relics_obtained":["Golden Idol"]},{"damage_healed":21.0,"max_hp_gain":0.0,"max_hp_loss":0.0,"gold_gain":0.0,"event_name":"Big Fish","player_choice":"Banana","floor":8.0,"gold_loss":0.0,"damage_taken":0.0},{"damage_healed":0.0,"max_hp_gain":0.0,"max_hp_loss":0.0,"gold_gain":75.0,"event_name":"World of Goop","player_choice":"Gather Gold","floor":10.0,"gold_loss":0.0,"damage_taken":11.0},{"damage_healed":0.0,"max_hp_gain":0.0,"max_hp_loss":0.0,"gold_gain":0.0,"event_name":"Scrap Ooze","player_choice":"Fled","floor":12.0,"gold_loss":0.0,"damage_taken":0.0},{"damage_healed":0.0,"max_hp_gain":0.0,"max_hp_loss":0.0,"gold_gain":0.0,"event_name":"Cursed Tome","player_choice":"Ignored","floor":27.0,"gold_loss":0.0,"damage_taken":0.0},{"damage_healed":0.0,"max_hp_gain":0.0,"max_hp_loss":0.0,"gold_gain":0.0,"event_name":"SecretPortal","player_choice":"Took Portal","floor":37.0,"gold_loss":0.0,"damage_taken":0.0}],"is_beta":false,"boss_relics":[{"not_picked":["FrozenCore","Snecko Eye"],"picked":"Cursed Key"},{"not_picked":["SacredBark","Velvet Choker"],"picked":"Astrolabe"}],"items_purged_floors":[3,19,22,36],"is_endless":false,"potions_floor_spawned":[2,14,16,23,25,30,33],"ascension_level":12}}