{"host":"BK","time":1612853993,"event":{"mods":["BaseMod","Highlight Path","Minty Spire (QoL Compilation)","StSLib"],"gold_per_floor":[114,134,29,29,48,48,22,56,56,21,21,21,53,70,70,149,149,161,161,180,230,242,242,261,276,276,276,288,322,339,372,372,372,372],"floor_reached":33,"language":"ENG","playtime":1772,"items_purged":["Strike_B"],"score":594,"play_id":"87e6458c-226b-4ef9-bddc-394dffbc130b","local_time":"20210208235953","is_ascension_mode":true,"campfire_choices":[{"data":"Ball Lightning","floor":6.0,"key":"SMITH"},{"data":"Sweeping Beam","floor":12.0,"key":"SMITH"},{"data":"Coolheaded","floor":15.0,"key":"SMITH"},{"data":"Zap","floor":23.0,"key":"SMITH"},{"data":"Buffer","floor":27.0,"key":"SMITH"},{"data":"Echo Form","floor":32,"key":"SMITH"}],"circlet_count":0,"master_deck":["AscendersBane","Strike_B+1","Strike_B+1","Strike_B+1","Defend_B+1","Defend_B+1","Defend_B+1","Defend_B+1","Zap+1","Dualcast","Ball Lightning+1","Cold Snap","Cold Snap","Sweeping Beam+1","Reboot","Coolheaded+1","Buffer+1","Auto Shields+1","Self Repair","White Noise","Echo Form+1","Glacier"],"relics":["Coffee Dripper","White Beast Statue","Ornamental Fan","Singing Bowl","SacredBark","Matryoshka","Nunchaku","Eternal Feather"],"acts_visited":["Exordium","TheCity"],"potions_floor_usage":[31,31,33],"damage_taken":[{"damage":14.0,"enemies":"Jaw Worm","floor":1.0,"turns":4.0},{"damage":11.0,"enemies":"Small Slimes","floor":2.0,"turns":3.0},{"damage":5.0,"enemies":"2 Louse","floor":5.0,"turns":3.0},{"damage":12.0,"enemies":"Lagavulin","floor":8.0,"turns":5.0},{"damage":2.0,"enemies":"3 Sentries","floor":13.0,"turns":6.0},{"damage":4.0,"enemies":"Looter","floor":14.0,"turns":2.0},{"damage":23.0,"enemies":"Hexaghost","floor":16.0,"turns":11.0},{"damage":8.0,"enemies":"3 Byrds","floor":18.0,"turns":6.0},{"damage":5.0,"enemies":"Shell Parasite","floor":20.0,"turns":6.0},{"damage":0.0,"enemies":"Centurion and Healer","floor":22.0,"turns":9.0},{"damage":4.0,"enemies":"Shelled Parasite and Fungi","floor":24.0,"turns":6.0},{"damage":3.0,"enemies":"Snake Plant","floor":25.0,"turns":8.0},{"damage":1.0,"enemies":"Sentry and Sphere","floor":28.0,"turns":8.0},{"damage":22.0,"enemies":"Gremlin Leader","floor":29.0,"turns":10.0},{"damage":0.0,"enemies":"Snecko","floor":30.0,"turns":7.0},{"damage":13,"enemies":"Book of Stabbing","floor":31,"turns":9},{"damage":134,"enemies":"Automaton","floor":33,"turns":14}],"seed_played":"7443628060409907340","potions_obtained":[{"floor":5.0,"key":"Fire Potion"},{"floor":13.0,"key":"EntropicBrew"},{"floor":14.0,"key":"Dexterity Potion"},{"floor":16.0,"key":"SkillPotion"},{"floor":18.0,"key":"SteroidPotion"},{"floor":20.0,"key":"SpeedPotion"},{"floor":22.0,"key":"EntropicBrew"},{"floor":24.0,"key":"PowerPotion"},{"floor":28.0,"key":"FocusPotion"},{"floor":29.0,"key":"Weak Potion"},{"floor":31,"key":"Regen Potion"}],"is_trial":false,"path_per_floor":["M","M","$","?","M","R","$","E","T","?","?","R","E","M","R","B",null,"M","?","M","?","M","R","M","M","T","R","M","E","M","E","R","B"],"character_chosen":"DEFECT","items_purchased":["Cold Snap","Sweeping Beam"],"campfire_rested":0,"item_purchase_floors":[3,7],"current_hp_per_floor":[50,39,39,39,34,34,34,22,22,22,45,45,45,41,41,18,59,53,53,48,48,50,50,46,52,52,52,58,43,57,60,72,0,0],"gold":372,"neow_bonus":"BOSS_RELIC","is_daily":false,"chose_seed":false,"campfire_upgraded":6,"win_rate":0.0,"timestamp":1612853993,"path_taken":["M","M","$","?","M","R","$","E","T","?","?","R","E","M","R","BOSS","M","?","M","?","M","R","M","M","T","R","M","E","M","E","R","BOSS"],"items_purchased_type":["Card","Card"],"build_version":"2020-12-18","purchased_purges":1,"victory":false,"max_hp_per_floor":[71,71,71,71,71,71,71,71,71,71,71,71,73,73,73,73,73,75,75,75,75,77,77,77,79,79,79,79,79,79,81,81,81,81],"card_choices":[{"not_picked":["Compile Driver","Barrage"],"picked":"Ball Lightning","floor":1.0},{"not_picked":["Static Discharge","Redo"],"picked":"Cold Snap","floor":2.0},{"not_picked":["Barrage","Cold Snap","Ball Lightning"],"picked":"SKIP","floor":5.0},{"not_picked":["Turbo","Static Discharge"],"picked":"Reboot","floor":8.0},{"not_picked":["Redo","Melter","Stack"],"picked":"Singing Bowl","floor":13.0},{"not_picked":["Rebound","Compile Driver"],"picked":"Coolheaded","floor":14.0},{"not_picked":["Seek","Creative AI"],"picked":"Buffer","floor":16.0},{"not_picked":["Sweeping Beam+1","Cold Snap","Darkness"],"picked":"Singing Bowl","floor":18.0},{"not_picked":["Coolheaded","Go for the Eyes"],"picked":"Auto Shields+1","floor":20.0},{"not_picked":["Barrage+1","Stack+1","Sweeping Beam"],"picked":"Singing Bowl","floor":22.0},{"not_picked":["Barrage+1","Storm+1"],"picked":"Self Repair","floor":24.0},{"not_picked":["Self Repair","Hello World","Ball Lightning"],"picked":"Singing Bowl","floor":25.0},{"not_picked":["Steam Power","Meteor Strike"],"picked":"White Noise","floor":28.0},{"not_picked":["Hello World","Redo"],"picked":"Echo Form","floor":29.0},{"not_picked":["Beam Cell","Rebound"],"picked":"Glacier","floor":30.0},{"not_picked":["Compile Driver","Leap","Turbo+1"],"picked":"Singing Bowl","floor":31}],"player_experience":2539798,"relics_obtained":[{"floor":8.0,"key":"White Beast Statue"},{"floor":9.0,"key":"Ornamental Fan"},{"floor":13.0,"key":"Singing Bowl"},{"floor":26.0,"key":"Matryoshka"},{"floor":29.0,"key":"Nunchaku"},{"floor":31,"key":"Eternal Feather"}],"event_choices":[{"damage_healed":0.0,"max_hp_gain":0.0,"max_hp_loss":0.0,"gold_gain":0.0,"event_name":"Liars Game","player_choice":"Ignored","floor":4.0,"gold_loss":0.0,"damage_taken":0.0},{"damage_healed":0.0,"max_hp_gain":0.0,"max_hp_loss":0.0,"gold_gain":0.0,"event_name":"World of Goop","player_choice":"Left Gold","floor":10.0,"gold_loss":35.0,"damage_taken":0.0},{"damage_healed":23.0,"max_hp_gain":0.0,"max_hp_loss":0.0,"gold_gain":0.0,"event_name":"Big Fish","player_choice":"Banana","floor":11.0,"gold_loss":0.0,"damage_taken":0.0},{"damage_healed":0.0,"max_hp_gain":0.0,"max_hp_loss":0.0,"gold_gain":0.0,"event_name":"Back to Basics","player_choice":"Simplicity","floor":19.0,"gold_loss":0.0,"damage_taken":0.0,"cards_upgraded":["Strike_B","Strike_B","Strike_B","Defend_B","Defend_B","Defend_B","Defend_B"]},{"damage_healed":0.0,"max_hp_gain":0.0,"max_hp_loss":0.0,"gold_gain":50.0,"event_name":"Nest","player_choice":"Stole From Cult","floor":21.0,"gold_loss":0.0,"damage_taken":0.0}],"is_beta":true,"boss_relics":[{"not_picked":["Runic Dome","Velvet Choker"],"picked":"SacredBark"}],"items_purged_floors":[3],"is_endless":false,"potions_floor_spawned":[5,13,14,16,18,20,22,24,25,28,29,30,31],"killed_by":"Automaton","ascension_level":20}}