{"host":"pqs17sqrgflf4eqa","time":1612898373,"event":{"mods":["AchievementEnabler","BaseMod","Bestiary","Better Altar","Colored Map","Colored Powertips","Emptier Cage","Googly Eyes","Highlight Path","Minty Spire (QoL Compilation)","Quick Restart","StSLib","SuperFastMode","Transform Curses","slay the spire mod where everything is the same but ironclad has a cowboy hat"],"gold_per_floor":[110,5,20,20,20,20,46,46,72,112,135,12,12,33,33,147,147,173,173,215,215,236,236,255,255,306,306,327,370,399,508,508,508,508],"floor_reached":33,"language":"ENG","playtime":739,"items_purged":[],"score":358,"play_id":"d1bce8ec-9db6-4a36-aec1-d3136fe95650","local_time":"20210209141933","is_ascension_mode":true,"campfire_choices":[{"data":"FlyingSleeves","floor":6,"key":"SMITH"},{"data":"CrushJoints","floor":8,"key":"SMITH"},{"floor":13,"key":"REST"},{"data":"FearNoEvil","floor":15,"key":"SMITH"},{"data":"DevaForm","floor":23,"key":"SMITH"},{"floor":27,"key":"REST"},{"data":"Prostrate","floor":32,"key":"SMITH"}],"circlet_count":0,"master_deck":["Strike_P+1","Strike_P+1","Strike_P+1","Strike_P+1","Defend_P+1","Defend_P+1","Defend_P+1","Defend_P+1","Eruption+1","Vigilance","FlyingSleeves+1","CrushJoints+1","Conclude","FearNoEvil+1","CutThroughFate","EmptyFist","Evaluate","EmptyBody","DevaForm+1","Consecrate+1","Halt","DeceiveReality","Perseverance","Prostrate+1","PathToVictory+1","ClearTheMind+1","FlurryOfBlows+1"],"relics":["PureWater","NeowsBlessing","War Paint","betterAltar:BloodRelic","CeramicFish","Bronze Scales","VioletLotus","Red Mask","PreservedInsect","Damaru","Lizard Tail","InkBottle"],"acts_visited":["Exordium","TheCity"],"potions_floor_usage":[16,24,29,31,31,31],"damage_taken":[{"damage":0,"enemies":"Jaw Worm","floor":1,"turns":1},{"damage":0,"enemies":"Cultist","floor":3,"turns":1},{"damage":0,"enemies":"Gremlin Nob","floor":7,"turns":1},{"damage":39,"enemies":"3 Sentries","floor":10,"turns":5},{"damage":0,"enemies":"2 Louse","floor":11,"turns":1},{"damage":11,"enemies":"Exordium Thugs","floor":14,"turns":2},{"damage":35,"enemies":"The Guardian","floor":16,"turns":11},{"damage":28,"enemies":"Shell Parasite","floor":18,"turns":4},{"damage":12,"enemies":"Masked Bandits","floor":20,"turns":3},{"damage":0,"enemies":"Spheric Guardian","floor":22,"turns":3},{"damage":10,"enemies":"3 Cultists","floor":24,"turns":5},{"damage":2,"enemies":"Centurion and Healer","floor":28,"turns":5},{"damage":8,"enemies":"Gremlin Leader","floor":29,"turns":3},{"damage":25,"enemies":"Sentry and Sphere","floor":30,"turns":5},{"damage":20,"enemies":"Colosseum Slavers","floor":31,"turns":4},{"damage":0,"enemies":"Colosseum Nobs","floor":31,"turns":2},{"damage":71,"enemies":"Automaton","floor":33,"turns":6}],"seed_played":"2077417030740896527","potions_obtained":[{"floor":10,"key":"Swift Potion"},{"floor":14,"key":"DistilledChaos"},{"floor":20,"key":"PowerPotion"},{"floor":24,"key":"Fruit Juice"},{"floor":29,"key":"PowerPotion"},{"floor":30,"key":"Explosive Potion"}],"is_trial":false,"path_per_floor":["M","?","M","?","$","R","E","R","T","E","M","$","R","M","R","B",null,"M","?","?","?","M","R","M","?","T","R","M","E","M","?","R","B"],"character_chosen":"WATCHER","items_purchased":["EmptyFist","FearPotion","Evaluate"],"campfire_rested":2,"item_purchase_floors":[12,12,12],"current_hp_per_floor":[72,72,72,72,72,72,72,72,72,33,35,35,56,47,47,14,72,44,40,32,32,36,36,35,35,35,58,60,56,35,23,23,0,0],"gold":508,"neow_bonus":"THREE_ENEMY_KILL","is_daily":false,"chose_seed":false,"campfire_upgraded":5,"win_rate":0.0,"timestamp":1612898373,"path_taken":["M","?","?","?","$","R","E","R","T","E","M","$","R","M","R","BOSS","M","?","?","?","M","R","M","?","T","R","M","E","M","?","R","BOSS"],"items_purchased_type":["Card","Potion","Card"],"build_version":"2020-12-22","purchased_purges":0,"victory":false,"max_hp_per_floor":[72,72,72,72,72,72,72,72,72,72,72,72,72,72,72,72,72,72,72,72,72,72,72,77,77,77,77,77,77,77,77,77,77,77],"card_choices":[{"not_picked":["Protect","Prostrate"],"picked":"FlyingSleeves","floor":1},{"not_picked":["Sanctity","Collect"],"picked":"CrushJoints","floor":3},{"not_picked":["Protect","FlurryOfBlows"],"picked":"Conclude","floor":7},{"not_picked":["BowlingBash","Weave"],"picked":"FearNoEvil","floor":10},{"not_picked":["Evaluate","EmptyMind"],"picked":"CutThroughFate","floor":11},{"not_picked":["PathToVictory","ThirdEye"],"picked":"EmptyBody","floor":14},{"not_picked":["Blasphemy","Ragnarok"],"picked":"DevaForm","floor":16},{"not_picked":["CutThroughFate","Crescendo"],"picked":"Consecrate+1","floor":18},{"not_picked":["Crescendo","Wish"],"picked":"Halt","floor":20},{"not_picked":["WaveOfTheHand","ReachHeaven"],"picked":"DeceiveReality","floor":22},{"not_picked":["SandsOfTime","Study"],"picked":"Perseverance","floor":24},{"not_picked":["Collect+1","ClearTheMind"],"picked":"Prostrate","floor":28},{"not_picked":["Ragnarok","EmptyBody"],"picked":"PathToVictory+1","floor":29},{"not_picked":["BattleHymn","WaveOfTheHand+1"],"picked":"ClearTheMind+1","floor":30},{"not_picked":["Consecrate","Nirvana"],"picked":"FlurryOfBlows+1","floor":31}],"player_experience":154345,"relics_obtained":[{"floor":7,"key":"Blood Vial"},{"floor":9,"key":"CeramicFish"},{"floor":10,"key":"Bronze Scales"},{"floor":20,"key":"Red Mask"},{"floor":26,"key":"PreservedInsect"},{"floor":29,"key":"Damaru"},{"floor":31,"key":"Lizard Tail"},{"floor":31,"key":"InkBottle"}],"event_choices":[{"damage_healed":0,"gold_gain":0,"player_choice":"Paid Gold","damage_taken":0,"relics_obtained":["War Paint"],"max_hp_gain":0,"max_hp_loss":0,"event_name":"WeMeetAgain","floor":2,"gold_loss":105},{"damage_healed":0,"gold_gain":0,"player_choice":"Upgraded","damage_taken":0,"max_hp_gain":0,"max_hp_loss":0,"event_name":"Upgrade Shrine","floor":4,"gold_loss":0,"cards_upgraded":["Eruption"]},{"damage_healed":0,"gold_gain":0,"player_choice":" RottenVial ","damage_taken":4,"relics_obtained":["betterAltar:BloodRelic"],"max_hp_gain":44,"max_hp_loss":40,"event_name":"betterAltar:BetterAltar","floor":19,"potions_obtained":[],"relics_lost":["Blood Vial"],"gold_loss":0},{"damage_healed":0,"gold_gain":0,"player_choice":"Fought Bandits","damage_taken":0,"max_hp_gain":0,"max_hp_loss":0,"event_name":"Masked Bandits","floor":20,"gold_loss":0},{"damage_healed":0,"gold_gain":0,"player_choice":"Simplicity","damage_taken":0,"max_hp_gain":0,"max_hp_loss":0,"event_name":"Back to Basics","floor":21,"gold_loss":0,"cards_upgraded":["Strike_P","Strike_P","Strike_P","Strike_P","Defend_P","Defend_P"]},{"damage_healed":0,"gold_gain":0,"player_choice":"Ignored","damage_taken":0,"max_hp_gain":0,"max_hp_loss":0,"event_name":"Ghosts","floor":25,"gold_loss":0},{"damage_healed":0,"gold_gain":0,"player_choice":"Fight","damage_taken":0,"max_hp_gain":0,"max_hp_loss":0,"event_name":"Colosseum","floor":31,"gold_loss":0},{"damage_healed":0,"gold_gain":0,"player_choice":"Fought Nobs","damage_taken":0,"max_hp_gain":0,"max_hp_loss":0,"event_name":"Colosseum","floor":31,"gold_loss":0}],"is_beta":false,"boss_relics":[{"not_picked":["Busted Crown","Cursed Key"],"picked":"VioletLotus"}],"items_purged_floors":[],"is_endless":false,"potions_floor_spawned":[10,14,20,24,29,30],"killed_by":"Automaton","ascension_level":4}}