{"host":"lnnm69al9x392px5","time":1612843841,"event":{"mods":["BaseMod","Downfall","Minty Spire (QoL Compilation)","Reliquary","Replay The Spire","StSLib"],"gold_per_floor":[14,32,32,51,51,86,86,121,121,137,107,119,119,133,133,237,237,254,169,36,32,13,43,43,43,43,77,17,34,61,71,71,166,166,178,178,46,63,81,81,107,134,172,184,196,208,252,284,296,308,320,332,28,58,58,58],"floor_reached":55,"language":"ENG","playtime":2950,"items_purged":[],"score":1069,"play_id":"f7f2ef9e-9059-404a-bb5a-92b76f6b29bd","local_time":"20210208201041","is_ascension_mode":true,"campfire_choices":[{"floor":7,"key":"REST"},{"data":"Wraith Form v2","floor":25,"key":"SMITH"},{"floor":32,"key":"REST"},{"floor":40,"key":"RECALL"},{"data":"Corpse Explosion","floor":45,"key":"SMITH"},{"data":"Terror","floor":45,"key":"SMITH"},{"floor":49,"key":"DIG"},{"data":"ReplayTheSpireMod:Necrosis","floor":52,"key":"SMITH"},{"data":"Crippling Poison","floor":52,"key":"SMITH"}],"circlet_count":0,"master_deck":["Defend_G+1","Survivor+1","Neutralize","Crippling Poison+1","Infinite Blades","ReplayTheSpireMod:Speed Training","A Thousand Cuts+1","Quick Slash","Dagger Spray","Escape Plan+1","Cloak And Dagger","Infinite Blades","Wraith Form v2+1","Draining Mist","Specialist","Hidden Blade","Deadly Poison","Distraction+1","Sneak Up","Toxin Wave","Adrenaline","Dagger Throw+1","ReplayTheSpireMod:Tripwire","Poisoned Stab","Bane","Venomology","Night Terror+1","Quick Slash+1","Choke+1","Mayhem","Terror+1","Prepared","Venomology","Parasite","ReplayTheSpireMod:Tripwire+1","Doubt","Corpse Explosion+1","Cloak And Dagger+1","ReplayTheSpireMod:Necrosis+1","Infinite Blades","Grand Finale","Die Die Die+1"],"relics":["Ring of the Serpent","Incense Burner","The Courier","Replay:PocketPolymizer","Replay:Towering Pillar of Hats","Potion Belt","Replay:Wax Seal","reliquary:QuartzCube","Replay:Arrowhead","Mango","Astrolabe","MawBank","Oddly Smooth Stone","Ring of Panic","Orichalcum","Pear","reliquary:Stiletto","Gremlin Horn","Golden Egg"],"acts_visited":["Exordium","TheCity","TheBeyond","TheEnding"],"potions_floor_usage":[6,8,21,27,30,39,39,41,41,42,47,47,50,50,54,54,54,55,55],"damage_taken":[{"damage":3,"enemies":"Jaw Worm","floor":1,"turns":5},{"damage":0,"enemies":"Small Slimes","floor":2,"turns":4},{"damage":0,"enemies":"2 Louse","floor":4,"turns":3},{"damage":31,"enemies":"Lagavulin","floor":6,"turns":12},{"damage":24,"enemies":"Gremlin Nob","floor":8,"turns":6},{"damage":0,"enemies":"Exordium Thugs","floor":10,"turns":6},{"damage":1,"enemies":"2 Fungi Beasts","floor":12,"turns":5},{"damage":1,"enemies":"Blue Slaver","floor":14,"turns":3},{"damage":29,"enemies":"The Guardian","floor":16,"turns":12},{"damage":0,"enemies":"3 Byrds","floor":18,"turns":4},{"damage":9,"enemies":"2 Thieves","floor":21,"turns":4},{"damage":6,"enemies":"Replay:Snechameleon","floor":23,"turns":6},{"damage":10,"enemies":"Slavers","floor":27,"turns":5},{"damage":27,"enemies":"Centurion and Healer","floor":29,"turns":5},{"damage":11,"enemies":"Book of Stabbing","floor":30,"turns":6},{"damage":2,"enemies":"Snecko","floor":31,"turns":7},{"damage":49,"enemies":"Pondfish","floor":33,"turns":10},{"damage":0,"enemies":"3 Shapes","floor":35,"turns":3},{"damage":22,"enemies":"3 Darklings","floor":38,"turns":6},{"damage":10,"enemies":"Jaw Worm Horde","floor":39,"turns":4},{"damage":33,"enemies":"Nemesis","floor":41,"turns":11},{"damage":1,"enemies":"Writhing Mass","floor":42,"turns":5},{"damage":8,"enemies":"Giant Head","floor":47,"turns":7},{"damage":0,"enemies":"Transient","floor":48,"turns":5},{"damage":57,"enemies":"Awakened One","floor":50,"turns":12},{"damage":82,"enemies":"Shield and Spear","floor":54,"turns":5},{"damage":13,"enemies":"The Heart","floor":55,"turns":2}],"seed_played":"-7412975356467091616","potions_obtained":[{"floor":4,"key":"SkillPotion"},{"floor":6,"key":"PowerPotion"},{"floor":8,"key":"Block Potion"},{"floor":11,"key":"SkillPotion"},{"floor":11,"key":"FairyPotion"},{"floor":21,"key":"DistilledChaos"},{"floor":27,"key":"SpeedPotion"},{"floor":33,"key":"PowerPotion"},{"floor":38,"key":"ColorlessPotion"},{"floor":41,"key":"AttackPotion"},{"floor":48,"key":"ColorlessPotion"}],"is_trial":false,"path_per_floor":["M","M","?","M","?","E","R","E","T","M","?","M","?","M","R","B",null,"M","?","$","M","$","E","?","R","T","E","$","M","E","M","R","B",null,"M","?","$","M","M","R","E","M","T","?","R","?","E","M","R","B",null,"R","$","E","B"],"character_chosen":"THE_SILENT","items_purchased":["Replay:Wax Seal","Specialist","Deadly Poison","Adrenaline","Mayhem","reliquary:Stiletto","Gremlin Horn"],"campfire_rested":2,"item_purchase_floors":[20,20,22,28,37,53,53],"current_hp_per_floor":[67,67,67,67,53,22,43,19,19,19,19,18,18,17,38,9,70,70,70,70,61,61,55,42,42,42,32,32,5,34,32,58,9,89,89,85,85,63,53,53,20,19,19,85,85,85,77,77,87,30,95,95,95,13,0,0],"gold":58,"neow_bonus":"ONE_RARE_RELIC","is_daily":false,"chose_seed":false,"campfire_upgraded":5,"win_rate":0.0,"timestamp":1612843841,"path_taken":["M","M","?","M","?","E","R","E","T","M","?","?","?","M","R","BOSS","M","?","$","M","$","E","?","R","T","E","?","?","E","M","R","BOSS","M","?","$","M","M","R","E","M","T","?","R","?","E","M","R","BOSS","R","$","E","BOSS"],"items_purchased_type":["Relic","Card","Card","Card","Card","Relic","Relic"],"build_version":"2020-12-22","purchased_purges":0,"victory":false,"max_hp_per_floor":[70,70,70,70,70,70,70,70,70,70,70,70,70,70,70,70,70,70,70,70,70,70,70,75,75,75,75,75,75,89,89,89,89,89,89,85,85,85,85,85,85,85,85,85,85,85,85,85,95,95,95,95,95,95,95,95],"card_choices":[{"not_picked":["Prepared","Blade Dance"],"picked":"Crippling Poison","floor":1},{"not_picked":["Dodge and Roll","PiercingWail"],"picked":"Infinite Blades","floor":2},{"not_picked":["Predator","Bane"],"picked":"ReplayTheSpireMod:Speed Training","floor":4},{"not_picked":["Tactician","Masterful Stab"],"picked":"A Thousand Cuts","floor":6},{"not_picked":["Dodge and Roll","Accuracy"],"picked":"Quick Slash","floor":8},{"not_picked":["Riddle With Holes","Backflip"],"picked":"Dagger Spray","floor":10},{"not_picked":["Dagger Spray","ReplayTheSpireMod:Shiv Toss"],"picked":"Escape Plan","floor":12},{"not_picked":["Slice","Deadly Poison"],"picked":"Cloak And Dagger","floor":14},{"not_picked":["Night Terror","Grand Finale"],"picked":"Wraith Form v2","floor":16},{"not_picked":["Sucker Punch","Bouncing Flask"],"picked":"Draining Mist","floor":18},{"not_picked":["Distraction","Underhanded Strike"],"picked":"Hidden Blade","floor":21},{"not_picked":["Blade Dance","Dagger Throw"],"picked":"Distraction+1","floor":23},{"not_picked":["ReplayTheSpireMod:Scrap Shanks+1","Outmaneuver"],"picked":"Toxin Wave","floor":27},{"not_picked":["Underhanded Strike+1","Infinite Blades"],"picked":"Dagger Throw+1","floor":29},{"not_picked":["Deadly Poison","Dagger Spray"],"picked":"ReplayTheSpireMod:Tripwire","floor":30},{"not_picked":["Sneak Up","Slice"],"picked":"Poisoned Stab","floor":31},{"not_picked":["ReplayTheSpireMod:From All Sides","Storm of Steel"],"picked":"Venomology","floor":33},{"not_picked":["Sneak Up+1","Backflip+1"],"picked":"Choke+1","floor":35},{"not_picked":["Poisoned Stab","Infinite Blades+1"],"picked":"Terror","floor":38},{"not_picked":["Predator","Quick Slash+1"],"picked":"Prepared","floor":39},{"not_picked":["Acrobatics","Sucker Punch+1","Well Laid Plans"],"picked":"SKIP","floor":41},{"not_picked":["Dagger Spray","Calculated Gamble+1"],"picked":"ReplayTheSpireMod:Tripwire+1","floor":42},{"not_picked":["Dodge and Roll","ReplayTheSpireMod:Exploit Weakness+1"],"picked":"Cloak And Dagger+1","floor":47},{"not_picked":["Slice+1","Bane+1"],"picked":"ReplayTheSpireMod:Necrosis","floor":48},{"not_picked":["Poisoned Stab+1","Expertise+1"],"picked":"Die Die Die","floor":54}],"player_experience":286268,"relics_obtained":[{"floor":6,"key":"The Courier"},{"floor":8,"key":"Replay:PocketPolymizer"},{"floor":9,"key":"Replay:Towering Pillar of Hats"},{"floor":23,"key":"reliquary:QuartzCube"},{"floor":27,"key":"Replay:Arrowhead"},{"floor":30,"key":"Mango"},{"floor":41,"key":"MawBank"},{"floor":43,"key":"Oddly Smooth Stone"},{"floor":46,"key":"Ring of Panic"},{"floor":47,"key":"Orichalcum"},{"floor":49,"key":"Pear"},{"floor":54,"key":"Golden Egg"}],"event_choices":[{"damage_healed":0,"gold_gain":0,"player_choice":"Entered Light","damage_taken":14,"max_hp_gain":0,"max_hp_loss":0,"event_name":"Shining Light","floor":5,"gold_loss":0,"cards_upgraded":["Strike_G","Survivor"]},{"damage_healed":0,"gold_gain":0,"player_choice":"Bought 2 Potions","damage_taken":0,"max_hp_gain":0,"max_hp_loss":0,"event_name":"The Woman in Blue","floor":11,"gold_loss":0},{"damage_healed":0,"gold_gain":0,"player_choice":"Grow","damage_taken":0,"max_hp_gain":0,"max_hp_loss":0,"event_name":"Living Wall","floor":13,"gold_loss":0,"cards_upgraded":["A Thousand Cuts"]},{"damage_healed":0,"gold_gain":0,"player_choice":"Obtained Relic","damage_taken":0,"relics_obtained":["Potion Belt"],"max_hp_gain":0,"max_hp_loss":0,"event_name":"Addict","floor":19,"gold_loss":85},{"damage_healed":0,"gold_gain":0,"player_choice":"Shed Blood","damage_taken":18,"max_hp_gain":5,"max_hp_loss":0,"event_name":"Forgotten Altar","floor":24,"gold_loss":0},{"damage_healed":0,"gold_gain":0,"player_choice":"Max HP","damage_taken":0,"max_hp_gain":0,"max_hp_loss":4,"event_name":"Winding Halls","floor":36,"gold_loss":0},{"damage_healed":66,"gold_gain":0,"player_choice":"Heal","damage_taken":0,"max_hp_gain":0,"max_hp_loss":0,"event_name":"MindBloom","floor":44,"gold_loss":0,"cards_obtained":["Doubt"]}],"is_beta":false,"boss_relics":[{"not_picked":["Snecko Heart","Sozu"],"picked":"Ring of the Serpent"},{"not_picked":["reliquary:RedCape","reliquary:KinkedSpring"],"picked":"Astrolabe"}],"items_purged_floors":[],"is_endless":false,"potions_floor_spawned":[4,6,8,16,18,21,27,33,38,41,48],"killed_by":"The Heart","ascension_level":1}}