{"host":"995ppxxqmb2p2due","time":1612908735,"event":{"mods":["BaseMod","Downfall","Minty Spire (QoL Compilation)","StSLib"],"gold_per_floor":[115,71,246,246,123,123,139,139,162,183,183,218,233,210,210,331,331,356,381,34,34,47,80,80,135,161,173,206,233,90,90,90,90,90],"floor_reached":33,"language":"ENG","playtime":862,"items_purged":["Doubt"],"score":263,"play_id":"23d6627c-628f-4c51-87cb-f72f10539b49","local_time":"20210209171215","is_ascension_mode":false,"campfire_choices":[{"data":"Bane","floor":6,"key":"SMITH"},{"data":"Poisoned Stab","floor":8,"key":"SMITH"},{"data":"Poisoned Stab","floor":15,"key":"SMITH"},{"data":"Envenom","floor":24,"key":"SMITH"},{"data":"Sadistic Nature","floor":32,"key":"SMITH"}],"circlet_count":0,"master_deck":["Strike_G","Strike_G","Strike_G","Strike_G","Strike_G","Defend_G","Defend_G","Defend_G","Defend_G","Defend_G","Survivor","Neutralize+1","Poisoned Stab+1","Injury","Bane+1","Poisoned Stab+1","Dash","Deadly Poison","Poisoned Stab+1","Sadistic Nature+1","Neutralize","Envenom+1","Sucker Punch","Bane","PiercingWail","Corpse Explosion"],"relics":["Coffee Dripper","Golden Idol","Sundial","Busted Crown","Lee\u0027s Waffle","Bag of Marbles","Art of War","MawBank"],"acts_visited":["Exordium","TheCity"],"potions_floor_usage":[23,23],"damage_taken":[{"damage":0,"enemies":"Cultist","floor":1,"turns":5},{"damage":0,"enemies":"Jaw Worm","floor":7,"turns":3},{"damage":7,"enemies":"Small Slimes","floor":10,"turns":3},{"damage":23,"enemies":"3 Sentries","floor":12,"turns":12},{"damage":0,"enemies":"2 Fungi Beasts","floor":13,"turns":3},{"damage":37,"enemies":"Slime Boss","floor":16,"turns":12},{"damage":17,"enemies":"Spheric Guardian","floor":18,"turns":4},{"damage":3,"enemies":"Shell Parasite","floor":19,"turns":4},{"damage":22,"enemies":"3 Cultists","floor":22,"turns":5},{"damage":22,"enemies":"Book of Stabbing","floor":23,"turns":4},{"damage":12,"enemies":"Snake Plant","floor":28,"turns":3},{"damage":3,"enemies":"Snecko","floor":29,"turns":3},{"damage":7,"enemies":"Collector","floor":33,"turns":3}],"seed_played":"-6918885108216099215","potions_obtained":[{"floor":10,"key":"BlessingOfTheForge"},{"floor":12,"key":"DuplicationPotion"},{"floor":16,"key":"hexamod:SoulburnPotion"},{"floor":29,"key":"BlessingOfTheForge"}],"is_trial":false,"path_per_floor":["M","?","?","?","$","R","M","R","T","M","?","E","M","$","R","B",null,"M","M","$","?","M","E","R","T","T","$","M","M","$","?","R","B"],"character_chosen":"THE_SILENT","items_purchased":["Bane","Deadly Poison","Sadistic Nature","Lee\u0027s Waffle","Corpse Explosion"],"campfire_rested":0,"item_purchase_floors":[5,14,20,20,30],"current_hp_per_floor":[70,70,70,70,70,70,70,70,70,63,63,40,40,40,40,3,70,53,50,77,77,55,33,33,33,33,33,21,18,18,18,18,11,11],"gold":90,"neow_bonus":"BOSS_RELIC","is_daily":false,"chose_seed":false,"campfire_upgraded":5,"win_rate":0.0,"timestamp":1612908735,"path_taken":["M","?","?","?","$","R","M","R","T","M","?","E","?","$","R","BOSS","M","M","$","?","?","E","R","?","T","$","M","?","$","?","R","BOSS"],"items_purchased_type":["Card","Card","Card","Relic","Card"],"build_version":"2020-12-22","purchased_purges":1,"victory":false,"max_hp_per_floor":[70,70,70,70,70,70,70,70,70,70,70,70,70,70,70,70,70,70,70,77,77,77,77,77,77,77,77,77,77,77,77,77,77,77],"card_choices":[{"not_picked":["Quick Slash","Dodge and Roll"],"picked":"Poisoned Stab","floor":1},{"not_picked":["Bane","Backflip"],"picked":"Poisoned Stab","floor":7},{"not_picked":["Flying Knee","Flechettes","Acrobatics"],"picked":"SKIP","floor":10},{"not_picked":["Heel Hook","Adrenaline","Riddle With Holes"],"picked":"SKIP","floor":12},{"not_picked":["Blade Dance","Outmaneuver"],"picked":"Dash","floor":13},{"not_picked":[],"picked":"Poisoned Stab+1","floor":18},{"not_picked":["Slice"],"picked":"SKIP","floor":19},{"not_picked":[],"picked":"Sucker Punch","floor":22},{"not_picked":["Dagger Spray"],"picked":"SKIP","floor":23},{"not_picked":[],"picked":"Bane","floor":28},{"not_picked":[],"picked":"PiercingWail","floor":29}],"player_experience":130681,"relics_obtained":[{"floor":12,"key":"Sundial"},{"floor":23,"key":"Bag of Marbles"},{"floor":25,"key":"Art of War"},{"floor":26,"key":"MawBank"}],"event_choices":[{"damage_healed":0,"gold_gain":0,"player_choice":"Left Gold","damage_taken":0,"max_hp_gain":0,"max_hp_loss":0,"event_name":"World of Goop","floor":2,"gold_loss":44},{"damage_healed":0,"gold_gain":175,"player_choice":"AGREE","damage_taken":0,"max_hp_gain":0,"max_hp_loss":0,"event_name":"Liars Game","floor":3,"gold_loss":0,"cards_obtained":["Doubt"]},{"damage_healed":0,"gold_gain":0,"player_choice":"Take Wound","damage_taken":0,"relics_obtained":["Golden Idol"],"max_hp_gain":0,"max_hp_loss":0,"event_name":"Golden Idol","floor":4,"gold_loss":0,"cards_obtained":["Injury"]},{"damage_healed":0,"gold_gain":0,"player_choice":"Upgraded","damage_taken":0,"max_hp_gain":0,"max_hp_loss":0,"event_name":"Upgrade Shrine","floor":11,"gold_loss":0,"cards_upgraded":["Neutralize"]},{"damage_healed":0,"gold_gain":0,"player_choice":"2 cards matched","damage_taken":0,"max_hp_gain":0,"max_hp_loss":0,"event_name":"Match and Keep!","floor":21,"gold_loss":0,"cards_obtained":["Neutralize","Envenom"]}],"is_beta":false,"boss_relics":[{"not_picked":["bronze:MakeshiftBattery","Fusion Hammer"],"picked":"Busted Crown"}],"items_purged_floors":[5],"is_endless":false,"potions_floor_spawned":[10,12,16,18,29],"killed_by":"Collector","ascension_level":0}}