{"host":"2i0myh7fqij2ti1z","time":1612854735,"event":{"mods":["Aspiration","BaseMod","Better Third Choice","Colored Powertips","Conspire","Evolution","FoggyMod","GifTheSpireLib","Highlight Path","Hubris","Minty Spire (QoL Compilation)","Permanent Neow","Quick Restart","Random Character Button","Random Character Mod","Replay The Spire","Shop Mod","StSLib","Stuff the Spire","Transform Curses","Wandering Minibosses","óô»ðÖ¸ÄÏ"],"gold_per_floor":[109,109,109,109,9,40,40,66,66,166,166,166,191,191,191,292,292,312,212,212,212,212,212,240,240,240,270,270,270,270,270,270],"floor_reached":31,"language":"ENG","playtime":1219,"items_purged":["Injury","Pommel Strike","Run Through","Sword Boomerang"],"score":656,"play_id":"defc3685-ef12-4887-8218-af89035c497c","local_time":"20210209151215","is_ascension_mode":true,"campfire_choices":[{"floor":15,"key":"REST"},{"data":"StuffTheSpire:Ambrosia","floor":23,"key":"SMITH"},{"data":"Armaments","floor":25,"key":"SMITH"}],"circlet_count":0,"master_deck":["AscendersBane","Iron Wave","Armaments+1","Bash","conspire:HitWhereItHurts+1","Reckless Charge+1","Dark Embrace+1","StuffTheSpire:Slingshot+1","StuffTheSpire:Slingshot+1","Feed+1","StuffTheSpire:Ambrosia","Double Tap","Headbutt+1","StuffTheSpire:Ambrosia+1","Armaments"],"relics":["EVO:Axolotl","Astrolabe","Black Star","Juzu Bracelet","hubris:Towel","Molten Egg 2","Blue Doll","hubris:Metronome","Shuriken","Pet Ghost","Vajra","hubris:FruitBowl","Replay:Bottled Eggs","Self Forming Clay","Ring of Chaos","ReplayTheSpireMod:Ring of Collecting","ReplayTheSpireMod:Ring of Challenge","Incense Burner","Akabeko","conspire:InfiniteJournal","Frozen Egg 2","aspiration:Stabinomicon","Mirror","hubris:Icosahedron"],"acts_visited":["Exordium","TheCity"],"potions_floor_usage":[],"damage_taken":[{"damage":7,"enemies":"Jaw Worm","floor":1,"turns":2},{"damage":0,"enemies":"Lagavulin","floor":6,"turns":4},{"damage":12,"enemies":"Replay:BlueRogue","floor":8,"turns":2},{"damage":0,"enemies":"Lagavulin","floor":13,"turns":2},{"damage":0,"enemies":"Slime Boss","floor":16,"turns":2},{"damage":12,"enemies":"3 Byrds","floor":18,"turns":3},{"damage":25,"enemies":"Replay:Snechameleon","floor":24,"turns":4},{"damage":11,"enemies":"Book of Stabbing","floor":27,"turns":3},{"damage":35,"enemies":"Slavers","floor":31,"turns":3}],"seed_played":"2700750519067755324","potions_obtained":[{"floor":1,"key":"Explosive Potion"},{"floor":16,"key":"Block Potion"},{"floor":18,"key":"BloodPotion"}],"is_trial":false,"path_per_floor":["M","?","?","?","$","E","$","E","T","?","$","?","E","?","R","B",null,"M","$","?","T","?","R","E","R","T","E","?","?","?","E"],"character_chosen":"IRONCLAD","items_purchased":["StuffTheSpire:Slingshot+1","hubris:FruitBowl"],"campfire_rested":1,"item_purchase_floors":[5,11],"current_hp_per_floor":[65,65,70,70,70,70,70,62,62,62,31,6,6,6,32,33,76,71,71,71,71,71,71,56,56,56,49,29,29,29,0,0],"gold":270,"neow_bonus":"BOSS_RELIC","is_daily":false,"chose_seed":false,"campfire_upgraded":2,"win_rate":0.0,"timestamp":1612854735,"path_taken":["M","?","?","?","$","E","?","E","T","?","?","?","E","?","R","BOSS","M","$","?","?","?","R","E","R","T","E","?","?","?","E"],"items_purchased_type":["Card","Relic"],"build_version":"2020-12-22","purchased_purges":4,"victory":false,"max_hp_per_floor":[80,80,85,85,85,85,85,89,89,89,89,89,89,89,89,90,90,97,97,97,97,97,97,107,107,107,111,111,111,111,115,115],"card_choices":[{"not_picked":["Perfected Strike","Reckless Charge"],"picked":"StuffTheSpire:Slingshot","floor":1},{"not_picked":["Offering","Wild Strike+1"],"picked":"Feed+1","floor":6},{"not_picked":["Warcry","True Grit","Fire Breathing"],"picked":"SKIP","floor":8},{"not_picked":["Demonic Infusion","Carnage+1","Warcry"],"picked":"SKIP","floor":13},{"not_picked":["StuffTheSpire:Perfection","StuffTheSpire:Vigor"],"picked":"StuffTheSpire:Ambrosia","floor":14},{"not_picked":["Fiend Fire+1","Impervious"],"picked":"Double Tap","floor":16},{"not_picked":["Iron Wave+1","Havoc"],"picked":"Headbutt+1","floor":18},{"not_picked":["Shockwave","Sever Soul+1","Inflame+1"],"picked":"SKIP","floor":24},{"not_picked":["Shockwave+1","Wild Strike+1"],"picked":"Armaments","floor":27}],"player_experience":331871,"relics_obtained":[{"floor":6,"key":"Blue Doll"},{"floor":6,"key":"hubris:Metronome"},{"floor":8,"key":"Shuriken"},{"floor":8,"key":"Pet Ghost"},{"floor":9,"key":"Vajra"},{"floor":13,"key":"Replay:Bottled Eggs"},{"floor":13,"key":"Self Forming Clay"},{"floor":20,"key":"ReplayTheSpireMod:Ring of Collecting"},{"floor":21,"key":"ReplayTheSpireMod:Ring of Challenge"},{"floor":21,"key":"Incense Burner"},{"floor":24,"key":"Akabeko"},{"floor":24,"key":"conspire:InfiniteJournal"},{"floor":26,"key":"Frozen Egg 2"},{"floor":27,"key":"aspiration:Stabinomicon"},{"floor":27,"key":"Mirror"}],"event_choices":[{"damage_healed":0,"gold_gain":0,"player_choice":"Leave","damage_taken":0,"max_hp_gain":0,"max_hp_loss":0,"event_name":"conspire:Investor","floor":2,"gold_loss":0},{"damage_healed":0,"gold_gain":0,"player_choice":"Donut","damage_taken":0,"max_hp_gain":5,"max_hp_loss":0,"event_name":"Big Fish","floor":3,"gold_loss":0},{"damage_healed":0,"gold_gain":100,"player_choice":"Pray","damage_taken":0,"max_hp_gain":0,"max_hp_loss":0,"event_name":"Golden Shrine","floor":10,"gold_loss":0},{"damage_healed":0,"gold_gain":0,"player_choice":"Relic ","damage_taken":25,"max_hp_gain":0,"max_hp_loss":0,"event_name":"betterThird:BetterScrap","floor":12,"gold_loss":0,"cards_obtained":["ReplayTheSpireMod:Tripwire"]},{"damage_healed":0,"gold_gain":0,"player_choice":"Copied","damage_taken":0,"max_hp_gain":0,"max_hp_loss":0,"event_name":"Duplicator","floor":22,"gold_loss":0,"cards_obtained":["StuffTheSpire:Ambrosia"]},{"cards_removed":["Twin Strike"],"damage_healed":0,"gold_gain":0,"player_choice":"Elegance","damage_taken":0,"max_hp_gain":0,"max_hp_loss":0,"event_name":"betterThird:BetterWriting","floor":29,"gold_loss":0}],"is_beta":false,"boss_relics":[{"not_picked":["Pandora\u0027s Box","Replay:Drink Me"],"picked":"Ring of Chaos"}],"items_purged_floors":[5,11,11,19],"is_endless":false,"potions_floor_spawned":[1,16,18],"killed_by":"Slavers","ascension_level":10}}