{"host":"6bsan6hkua32tfq7","time":1612854149,"event":{"mods":["BaseMod","Better Third Choice","Colored Map","Highlight Path","Minty Spire (QoL Compilation)","StSLib"],"gold_per_floor":[113,2,17,17,0,26,44,76,76,92,106,106,116,134,134,206,206,223,173,185,195,195,195],"floor_reached":22,"language":"ENG","playtime":646,"items_purged":[],"score":400,"play_id":"f041a511-1046-4511-8212-a7dbdb2611c7","local_time":"20210209080229","is_ascension_mode":true,"campfire_choices":[{"floor":12,"key":"REST"},{"data":"Noxious Fumes","floor":15,"key":"SMITH"}],"circlet_count":0,"master_deck":["AscendersBane","Strike_G","Strike_G","Strike_G","Strike_G","Strike_G","Defend_G","Defend_G","Defend_G","Defend_G","Defend_G","Survivor","Neutralize","Choke","Dagger Spray","Dagger Throw","Dagger Throw","Infinite Blades","Dash","Storm of Steel","Underhanded Strike+1","Dagger Spray+1","Noxious Fumes+1","Crippling Poison","Die Die Die+1","Leg Sweep"],"relics":["SlaversCollar","betterThird:SlimedRelic","MealTicket","Mango","Molten Egg 2","Sozu"],"acts_visited":["Exordium","TheCity"],"potions_floor_usage":[6,13,16],"damage_taken":[{"damage":3,"enemies":"Small Slimes","floor":1,"turns":5},{"damage":19,"enemies":"Jaw Worm","floor":3,"turns":4},{"damage":21,"enemies":"Lagavulin","floor":6,"turns":9},{"damage":6,"enemies":"Cultist","floor":7,"turns":4},{"damage":15,"enemies":"3 Sentries","floor":8,"turns":6},{"damage":0,"enemies":"2 Fungi Beasts","floor":10,"turns":3},{"damage":11,"enemies":"Exordium Wildlife","floor":11,"turns":5},{"damage":3,"enemies":"3 Louse","floor":13,"turns":5},{"damage":8,"enemies":"Red Slaver","floor":14,"turns":4},{"damage":1,"enemies":"Hexaghost","floor":16,"turns":8},{"damage":22,"enemies":"Spheric Guardian","floor":18,"turns":5},{"damage":0,"enemies":"Chosen","floor":20,"turns":5},{"damage":30,"enemies":"Snake Plant","floor":21,"turns":4},{"damage":23,"enemies":"Shelled Parasite and Fungi","floor":22,"turns":1}],"seed_played":"-5311583452436171941","potions_obtained":[{"floor":1,"key":"EssenceOfSteel"},{"floor":6,"key":"PowerPotion"},{"floor":10,"key":"SpeedPotion"},{"floor":13,"key":"Dexterity Potion"}],"is_trial":false,"path_per_floor":["M","$","M","?","?","E","M","E","T","M","M","R","M","M","R","B",null,"M","?","M","M","M"],"character_chosen":"THE_SILENT","items_purchased":["Dagger Spray","Dagger Throw"],"campfire_rested":1,"item_purchase_floors":[2,2],"current_hp_per_floor":[56,56,37,59,48,27,21,20,20,20,9,33,30,22,22,21,65,43,43,43,13,0,0],"gold":195,"neow_bonus":"BOSS_RELIC","is_daily":false,"chose_seed":false,"campfire_upgraded":1,"win_rate":0.0,"timestamp":1612854149,"path_taken":["M","$","M","?","?","E","M","E","T","M","M","R","M","M","R","BOSS","M","?","?","M","M"],"items_purchased_type":["Card","Card"],"build_version":"2020-12-22","purchased_purges":0,"victory":false,"max_hp_per_floor":[66,66,66,66,66,66,66,80,80,80,80,80,80,80,80,80,80,80,80,80,80,80,80],"card_choices":[{"not_picked":["Distraction","PiercingWail"],"picked":"Choke","floor":1},{"not_picked":["Skewer","Outmaneuver"],"picked":"Dagger Throw","floor":3},{"not_picked":["Flechettes","Burst"],"picked":"Infinite Blades","floor":6},{"not_picked":["PiercingWail","Sucker Punch"],"picked":"Dash","floor":7},{"not_picked":["Catalyst","Cloak And Dagger"],"picked":"Storm of Steel","floor":8},{"not_picked":["Tactician","Bouncing Flask"],"picked":"Underhanded Strike+1","floor":10},{"not_picked":["Sucker Punch+1","Poisoned Stab+1"],"picked":"Dagger Spray+1","floor":11},{"not_picked":["Escape Plan","Choke+1"],"picked":"Noxious Fumes","floor":13},{"not_picked":["Cloak And Dagger","Dagger Throw+1"],"picked":"Crippling Poison","floor":14},{"not_picked":["Malaise","Unload+1"],"picked":"Die Die Die+1","floor":16},{"not_picked":["Flechettes+1","Deflect+1"],"picked":"Leg Sweep","floor":18},{"not_picked":["Choke+1","Flying Knee+1","Expertise"],"picked":"SKIP","floor":20},{"not_picked":["Noxious Fumes","Poisoned Stab+1","Concentrate"],"picked":"SKIP","floor":21}],"player_experience":5423907,"relics_obtained":[{"floor":6,"key":"MealTicket"},{"floor":8,"key":"Mango"},{"floor":9,"key":"Molten Egg 2"}],"event_choices":[{"damage_healed":22,"gold_gain":0,"player_choice":"Banana","damage_taken":0,"max_hp_gain":0,"max_hp_loss":0,"event_name":"Big Fish","floor":4,"gold_loss":0},{"damage_healed":0,"gold_gain":0,"player_choice":"Slimed","damage_taken":11,"max_hp_gain":0,"max_hp_loss":0,"event_name":"betterThird:BetterGoop","floor":5,"gold_loss":17},{"damage_healed":0,"gold_gain":0,"player_choice":"Bet on Murderer","damage_taken":0,"max_hp_gain":0,"max_hp_loss":0,"event_name":"The Joust","floor":19,"gold_loss":50}],"is_beta":false,"boss_relics":[{"not_picked":["Velvet Choker","Calling Bell"],"picked":"Sozu"}],"items_purged_floors":[],"is_endless":false,"potions_floor_spawned":[1,6,10,13],"killed_by":"Shelled Parasite and Fungi","ascension_level":20}}