{"host":"dlqyscxstsnu98l1","time":1612846811,"event":{"mods":["AchievementEnabler","BaseMod","Colored Map","Colored Powertips","Downfall","GifTheSpireLib","Highlight Path","Minty Spire (QoL Compilation)","Random Character Button","SacredBarkPlus","StSLib","everything is the same but u backflip on backflip"],"gold_per_floor":[113,124,124,135,146,181,151,426,426,444,456,51,51,70,70,70,70],"floor_reached":16,"language":"ENG","playtime":1049,"items_purged":[],"score":170,"play_id":"e89de552-0c71-4448-8712-d7306a946e9e","local_time":"20210208230011","is_ascension_mode":true,"campfire_choices":[{"floor":13,"key":"REST"},{"floor":15,"key":"REST"}],"circlet_count":0,"master_deck":["Strike_P","Strike_P","Strike_P","Strike_P","Defend_P","Defend_P","Defend_P","Eruption","Vigilance","Prostrate","Prostrate","Wish","Prostrate","Protect","SandsOfTime","Regret","JustLucky","Tantrum","Prostrate","Sanctity","Wish"],"relics":["PureWater","TungstenRod","Pear","Calipers"],"acts_visited":["Exordium"],"potions_floor_usage":[5,5,7,11,16],"damage_taken":[{"damage":6,"enemies":"Cultist","floor":1,"turns":5},{"damage":0,"enemies":"Jaw Worm","floor":2,"turns":5},{"damage":11,"enemies":"Small Slimes","floor":4,"turns":3},{"damage":12,"enemies":"Gremlin Gang","floor":5,"turns":5},{"damage":19,"enemies":"Lagavulin","floor":6,"turns":11},{"damage":1,"enemies":"Looter","floor":7,"turns":4},{"damage":7,"enemies":"Red Slaver","floor":10,"turns":5},{"damage":20,"enemies":"Gremlin Gang","floor":11,"turns":7},{"damage":19,"enemies":"3 Louse","floor":14,"turns":4},{"damage":47,"enemies":"Hexaghost","floor":16,"turns":8}],"seed_played":"-3690135889404994620","potions_obtained":[{"floor":2,"key":"Strength Potion"},{"floor":4,"key":"EssenceOfSteel"},{"floor":5,"key":"Fruit Juice"},{"floor":10,"key":"ColorlessPotion"},{"floor":14,"key":"FearPotion"}],"is_trial":false,"path_per_floor":["M","M","?","M","M","E","M","?","T","M","M","$","R","M","R","B"],"character_chosen":"WATCHER","items_purchased":["Calipers","Prostrate","Sanctity"],"campfire_rested":2,"item_purchase_floors":[12,12,12],"current_hp_per_floor":[73,73,66,55,43,24,28,28,38,31,11,11,39,20,48,1,1],"gold":70,"neow_bonus":"TEN_PERCENT_HP_BONUS","is_daily":false,"chose_seed":false,"campfire_upgraded":0,"win_rate":0.0,"timestamp":1612846811,"path_taken":["M","M","?","M","M","E","M","?","T","M","?","$","R","M","R","BOSS"],"items_purchased_type":["Relic","Card","Card"],"build_version":"2020-12-22","purchased_purges":0,"victory":false,"max_hp_per_floor":[79,79,79,79,79,79,84,84,94,94,94,94,94,94,94,94,94],"card_choices":[{"not_picked":["Consecrate","ClearTheMind"],"picked":"Prostrate","floor":1},{"not_picked":["FlurryOfBlows","CrushJoints"],"picked":"Prostrate","floor":2},{"not_picked":["TalkToTheHand","ReachHeaven"],"picked":"Wish","floor":4},{"not_picked":["Consecrate","ReachHeaven"],"picked":"Prostrate","floor":5},{"not_picked":["MentalFortress","InnerPeace"],"picked":"Protect","floor":6},{"not_picked":["Evaluate","JustLucky"],"picked":"SandsOfTime","floor":7},{"not_picked":["SandsOfTime","CutThroughFate"],"picked":"JustLucky","floor":10},{"not_picked":["PathToVictory","WreathOfFlame"],"picked":"Tantrum","floor":11},{"not_picked":["CrushJoints","FlyingSleeves"],"picked":"Wish","floor":14}],"player_experience":177208,"relics_obtained":[{"floor":6,"key":"TungstenRod"},{"floor":9,"key":"Pear"}],"event_choices":[{"cards_removed":["Defend_P"],"damage_healed":0,"gold_gain":0,"player_choice":"Card Removal","damage_taken":7,"max_hp_gain":0,"max_hp_loss":0,"event_name":"Golden Wing","floor":3,"gold_loss":0},{"damage_healed":0,"gold_gain":275,"player_choice":"Desecrate","damage_taken":0,"max_hp_gain":0,"max_hp_loss":0,"event_name":"Golden Shrine","floor":8,"gold_loss":0,"cards_obtained":["Regret"]}],"is_beta":false,"boss_relics":[],"items_purged_floors":[],"is_endless":false,"potions_floor_spawned":[2,4,5,10,14],"killed_by":"Hexaghost","ascension_level":3}}