{"host":"bgyhjzqafgkxdxsh","time":1612863743,"event":{"mods":["BaseMod","Colored Map","Minty Spire (QoL Compilation)","Relic Stats","StSLib","everything is the same but u backflip on backflip"],"gold_per_floor":[116,134,145,155,168,193,143,143,143,218,229,229,229],"floor_reached":12,"language":"ENG","playtime":378,"items_purged":[],"score":98,"play_id":"27650625-9a40-450d-8a35-d4ca9a058d74","local_time":"20210209194223","is_ascension_mode":true,"campfire_choices":[{"data":"Infernal Blade","floor":8,"key":"SMITH"}],"circlet_count":0,"master_deck":["Strike_R","Strike_R","Strike_R","Strike_R","Strike_R","Defend_R","Defend_R","Defend_R","Bash","Infernal Blade+1","Perfected Strike","Twin Strike","Wild Strike","Perfected Strike","Impervious","Burning Pact"],"relics":["Burning Blood","Ice Cream","Ancient Tea Set","The Courier"],"acts_visited":["Exordium"],"potions_floor_usage":[2,6,12],"damage_taken":[{"damage":3,"enemies":"Jaw Worm","floor":1,"turns":5},{"damage":0,"enemies":"Small Slimes","floor":2,"turns":3},{"damage":2,"enemies":"2 Louse","floor":3,"turns":3},{"damage":18,"enemies":"Large Slime","floor":4,"turns":3},{"damage":9,"enemies":"Red Slaver","floor":5,"turns":4},{"damage":16,"enemies":"Gremlin Nob","floor":6,"turns":3},{"damage":13,"enemies":"3 Louse","floor":11,"turns":2},{"damage":56,"enemies":"Lagavulin","floor":12,"turns":6}],"seed_played":"-6474267541404643432","potions_obtained":[{"floor":1,"key":"AttackPotion"},{"floor":3,"key":"Explosive Potion"},{"floor":11,"key":"Regen Potion"}],"is_trial":false,"path_per_floor":["M","M","M","M","M","E","?","R","T","?","M","E"],"character_chosen":"IRONCLAD","items_purchased":[],"campfire_rested":0,"item_purchase_floors":[],"current_hp_per_floor":[59,65,69,57,54,44,44,44,44,33,26,0,0],"gold":229,"neow_bonus":"ONE_RARE_RELIC","is_daily":false,"chose_seed":false,"campfire_upgraded":1,"win_rate":0.0,"timestamp":1612863743,"path_taken":["M","M","M","M","M","E","?","R","T","?","M","E"],"items_purchased_type":[],"build_version":"2020-12-22","purchased_purges":0,"victory":false,"max_hp_per_floor":[80,80,80,80,80,80,80,80,80,80,80,80,80],"relic_stats":{"counters":[8,29],"obtain_stats":[{"Ice Cream":0,"The Courier":9,"Ancient Tea Set":6,"Burning Blood":0},{"Ice Cream":0,"The Courier":6,"Ancient Tea Set":6,"Burning Blood":0},{"Ice Cream":0,"The Courier":21,"Ancient Tea Set":21,"Burning Blood":0}],"Burning Blood":42},"card_choices":[{"not_picked":["Havoc","Intimidate"],"picked":"Infernal Blade","floor":1},{"not_picked":["Havoc","Carnage"],"picked":"Perfected Strike","floor":2},{"not_picked":["Heavy Blade","Body Slam"],"picked":"Twin Strike","floor":3},{"not_picked":["True Grit","Heavy Blade"],"picked":"Wild Strike","floor":4},{"not_picked":["Heavy Blade","Sword Boomerang"],"picked":"Perfected Strike","floor":5},{"not_picked":["Anger","Dropkick"],"picked":"Impervious","floor":6},{"not_picked":["Wild Strike","Heavy Blade"],"picked":"Burning Pact","floor":11}],"player_experience":493868,"relics_obtained":[{"floor":6,"key":"Ancient Tea Set"},{"floor":9,"key":"The Courier"}],"event_choices":[{"cards_removed":["Defend_R"],"damage_healed":0,"gold_gain":0,"player_choice":"Card Removal","damage_taken":0,"max_hp_gain":0,"max_hp_loss":0,"event_name":"The Cleric","floor":7,"gold_loss":50},{"damage_healed":0,"gold_gain":75,"player_choice":"Gather Gold","damage_taken":11,"max_hp_gain":0,"max_hp_loss":0,"event_name":"World of Goop","floor":10,"gold_loss":0}],"is_beta":false,"boss_relics":[],"items_purged_floors":[],"is_endless":false,"potions_floor_spawned":[1,3,11],"killed_by":"Lagavulin","ascension_level":4}}