{"host":"p4v0hquynnreu717","time":1612886767,"event":{"mods":["BaseMod","Better Vampires","DeckTracker","Googly Eyes","Minty Spire (QoL Compilation)","Quick Restart","StSLib","SuperFastMode"],"gold_per_floor":[168,168,186,261,261,261,280,280,280,280,62,125,176,211,211,332,332,357,357,357,76,127,127,163,163,163],"floor_reached":25,"language":"ZHS","playtime":559,"items_purged":["Defend_P","Defend_P"],"score":441,"play_id":"8632d2e4-5058-421c-b4ac-c5977c4d9e8e","local_time":"20210210000607","is_ascension_mode":true,"campfire_choices":[{"data":"Eruption","floor":6.0,"key":"SMITH"},{"data":"Wish","floor":10.0,"key":"SMITH"},{"floor":15.0,"key":"REST"},{"floor":23,"key":"REST"}],"circlet_count":0,"master_deck":["AscendersBane","Strike_P","Strike_P+1","Strike_P","Strike_P","Defend_P","Eruption+1","Vigilance","BowlingBash+1","Tantrum","FearNoEvil+1","DeusExMachina","Wish+1","Ragnarok","InnerPeace","Study","Indignation"],"relics":["Tiny House","Golden Idol","OrangePellets","Regal Pillow","Sundial","Black Star","Juzu Bracelet","PreservedInsect","Whetstone"],"acts_visited":["Exordium","TheCity"],"potions_floor_usage":[24],"damage_taken":[{"damage":0.0,"enemies":"2 Louse","floor":1.0,"turns":2.0},{"damage":7.0,"enemies":"Jaw Worm","floor":3.0,"turns":2.0},{"damage":7.0,"enemies":"Small Slimes","floor":7.0,"turns":3.0},{"damage":10.0,"enemies":"Lagavulin","floor":12.0,"turns":5.0},{"damage":20.0,"enemies":"Gremlin Gang","floor":13.0,"turns":3.0},{"damage":0.0,"enemies":"Gremlin Nob","floor":14.0,"turns":2.0},{"damage":36.0,"enemies":"The Guardian","floor":16.0,"turns":11.0},{"damage":21,"enemies":"Shell Parasite","floor":18,"turns":6},{"damage":7,"enemies":"Chosen","floor":22,"turns":4},{"damage":41,"enemies":"Slavers","floor":24,"turns":3},{"damage":0,"enemies":"Centurion and Healer","floor":25,"turns":1}],"seed_played":"292659279585624287","potions_obtained":[{"floor":0.0,"key":"Swift Potion"},{"floor":3.0,"key":"Explosive Potion"},{"floor":12.0,"key":"Strength Potion"},{"floor":22,"key":"SteroidPotion"}],"is_trial":false,"path_per_floor":["M","?","M","?","?","R","M","?","T","R","$","E","M","E","R","B",null,"M","?","?","$","M","R","E","M"],"character_chosen":"WATCHER","items_purchased":["OrangePellets","Indignation","Juzu Bracelet"],"campfire_rested":2,"item_purchase_floors":[11,21,21],"current_hp_per_floor":[66,66,59,48,48,48,41,41,41,41,41,31,11,11,45,9,52,31,31,31,31,24,58,17,17,17],"gold":163,"neow_bonus":"BOSS_RELIC","is_daily":false,"chose_seed":false,"campfire_upgraded":2,"win_rate":0.0,"timestamp":1612886767,"path_taken":["M","?","M","?","?","R","?","?","T","R","$","E","M","E","R","BOSS","M","?","?","$","M","R","E","M"],"items_purchased_type":["Relic","Card","Relic"],"build_version":"2020-12-22","purchased_purges":2,"victory":false,"max_hp_per_floor":[73,73,73,73,73,73,73,66,66,66,66,66,66,66,66,66,66,66,66,66,66,66,66,66,66,66],"card_choices":[{"not_picked":["ThirdEye","SignatureMove"],"picked":"BowlingBash","floor":1.0},{"not_picked":["JustLucky","ClearTheMind"],"picked":"FearNoEvil","floor":3.0},{"not_picked":["CarveReality","Halt"],"picked":"Wish","floor":7.0},{"not_picked":["PathToVictory","Prostrate"],"picked":"Ragnarok","floor":12.0},{"not_picked":["Collect","ThirdEye"],"picked":"InnerPeace","floor":13.0},{"not_picked":["SashWhip","ClearTheMind"],"picked":"Study","floor":14.0},{"not_picked":["PathToVictory","FlurryOfBlows","EmptyFist"],"picked":"SKIP","floor":18},{"not_picked":["SashWhip","FlyingSleeves","Perseverance+1"],"picked":"SKIP","floor":22},{"not_picked":["WaveOfTheHand","Consecrate","WindmillStrike"],"picked":"SKIP","floor":24}],"player_experience":814730,"relics_obtained":[{"floor":12.0,"key":"Regal Pillow"},{"floor":14.0,"key":"Sundial"},{"floor":24,"key":"PreservedInsect"},{"floor":24,"key":"Whetstone"}],"event_choices":[{"damage_healed":0.0,"max_hp_gain":0.0,"max_hp_loss":0.0,"gold_gain":0.0,"cards_transformed":["Defend_P"],"event_name":"Living Wall","player_choice":"Change","floor":2.0,"gold_loss":0.0,"damage_taken":0.0,"cards_obtained":["Tantrum"]},{"damage_healed":0.0,"max_hp_gain":0.0,"max_hp_loss":0.0,"gold_gain":75.0,"event_name":"World of Goop","player_choice":"Gather Gold","floor":4.0,"gold_loss":0.0,"damage_taken":11.0},{"damage_healed":0.0,"max_hp_gain":0.0,"max_hp_loss":0.0,"gold_gain":0.0,"event_name":"Match and Keep!","player_choice":"1 cards matched","floor":5.0,"gold_loss":0.0,"damage_taken":0.0,"cards_obtained":["DeusExMachina"]},{"damage_healed":0.0,"max_hp_gain":0.0,"max_hp_loss":7.0,"gold_gain":0.0,"event_name":"Golden Idol","player_choice":"Lose Max HP","floor":8.0,"gold_loss":0.0,"damage_taken":0.0,"relics_obtained":["Golden Idol"]},{"damage_healed":0,"gold_gain":0,"player_choice":"Ignored","damage_taken":0,"max_hp_gain":0,"max_hp_loss":0,"event_name":"The Mausoleum","floor":19,"gold_loss":0},{"damage_healed":0,"gold_gain":0,"player_choice":"Ignored","damage_taken":0,"max_hp_gain":0,"max_hp_loss":0,"event_name":"Vampires","floor":20,"gold_loss":0}],"is_beta":false,"boss_relics":[{"not_picked":["Velvet Choker","SacredBark"],"picked":"Black Star"}],"items_purged_floors":[11,21],"is_endless":false,"potions_floor_spawned":[3,12,22],"killed_by":"Centurion and Healer","ascension_level":15}}