{"host":"i09pxcjttd31eh4q","time":1612838162,"event":{"mods":["AchievementEnabler","BaseMod","Colored Map","Keyboard Shortcuts","Minty Spire (QoL Compilation)","StSLib","SuperFastMode"],"gold_per_floor":[116,116,266,283,36,66,66,82,107,107,107,66,85,85,85,85,85],"floor_reached":16,"language":"KOR","playtime":149,"items_purged":["Doubt"],"score":246,"play_id":"6d73c8de-4d29-4793-810c-169ee3d67440","local_time":"20210209113602","is_ascension_mode":true,"campfire_choices":[{"data":"Eviscerate","floor":7,"key":"SMITH"},{"data":"Masterful Stab","floor":11,"key":"SMITH"},{"data":"Footwork","floor":15,"key":"SMITH"}],"circlet_count":0,"master_deck":["AscendersBane","Strike_G","Strike_G","Strike_G","Strike_G+1","Defend_G","Defend_G","Defend_G","Defend_G","Defend_G","Survivor+1","Neutralize","Eviscerate+1","Backflip","Masterful Stab+1","Reflex","Footwork+1"],"relics":["Ring of the Snake","NeowsBlessing","MealTicket","Boot","Tiny Chest"],"acts_visited":["Exordium"],"potions_floor_usage":[],"damage_taken":[{"damage":0,"enemies":"Small Slimes","floor":1,"turns":1},{"damage":0,"enemies":"2 Louse","floor":4,"turns":1},{"damage":0,"enemies":"3 Sentries","floor":6,"turns":2},{"damage":12,"enemies":"Jaw Worm","floor":8,"turns":3},{"damage":10,"enemies":"Red Slaver","floor":13,"turns":3},{"damage":2,"enemies":"Hexaghost","floor":16,"turns":3}],"seed_played":"-2612520173824302817","potions_obtained":[{"floor":4,"key":"LiquidMemories"},{"floor":13,"key":"Ancient Potion"}],"is_trial":false,"path_per_floor":["M","?","?","M","$","E","R","M","T","?","R","$","M","?","R","B"],"character_chosen":"THE_SILENT","items_purchased":["MealTicket","Reflex"],"campfire_rested":0,"item_purchase_floors":[5,12],"current_hp_per_floor":[59,52,52,52,52,52,52,40,40,40,40,55,45,25,25,23,23],"gold":85,"neow_bonus":"THREE_ENEMY_KILL","is_daily":false,"chose_seed":false,"campfire_upgraded":3,"win_rate":0.0,"timestamp":1612838162,"path_taken":["M","?","?","M","$","E","R","M","T","?","R","$","M","?","R","BOSS"],"items_purchased_type":["Relic","Card"],"build_version":"2020-12-22","purchased_purges":1,"victory":false,"max_hp_per_floor":[66,66,66,66,66,66,66,66,66,66,66,66,66,66,66,66,66],"card_choices":[{"not_picked":["Quick Slash","Dodge and Roll"],"picked":"Eviscerate","floor":1},{"not_picked":["Underhanded Strike","Quick Slash"],"picked":"Backflip","floor":4},{"not_picked":["Deflect","Catalyst","Masterful Stab"],"picked":"SKIP","floor":6},{"not_picked":["Deflect","Catalyst"],"picked":"Masterful Stab","floor":6},{"not_picked":["Blade Dance","Sucker Punch","Quick Slash"],"picked":"SKIP","floor":8},{"not_picked":["Dagger Spray","Wraith Form v2"],"picked":"Footwork","floor":13}],"player_experience":892888,"relics_obtained":[{"floor":6,"key":"Boot"}],"event_choices":[{"cards_removed":["Strike_G"],"damage_healed":0,"gold_gain":0,"player_choice":"Card Removal","damage_taken":7,"max_hp_gain":0,"max_hp_loss":0,"event_name":"Golden Wing","floor":2,"gold_loss":0},{"damage_healed":0,"gold_gain":150,"player_choice":"AGREE","damage_taken":0,"max_hp_gain":0,"max_hp_loss":0,"event_name":"Liars Game","floor":3,"gold_loss":0,"cards_obtained":["Doubt"]},{"damage_healed":0,"gold_gain":0,"player_choice":"Searched \u00271\u0027 times","damage_taken":0,"relics_obtained":["Tiny Chest"],"max_hp_gain":0,"max_hp_loss":0,"event_name":"Dead Adventurer","floor":10,"gold_loss":0},{"damage_healed":0,"gold_gain":0,"player_choice":"Entered Light","damage_taken":20,"max_hp_gain":0,"max_hp_loss":0,"event_name":"Shining Light","floor":14,"gold_loss":0,"cards_upgraded":["Survivor","Strike_G"]}],"is_beta":false,"boss_relics":[],"items_purged_floors":[5],"is_endless":false,"potions_floor_spawned":[4,13],"killed_by":"Hexaghost","ascension_level":20}}