{"host":"d61fcf2p3sjwe6yo","time":1612869132,"event":{"mods":["BaseMod","Colored Map","Koishi","Marisa????????","Minty Spire (QoL Compilation)","StSLib","SuperFastMode","The Servant 0.9.4"],"gold_per_floor":[119,119,136,136,136,163,163,189,214,232,242,242,108,118,118,192,192,211,224,224,234,234,265,265,290,366,399,417,417,433,464,464,541,541,558,574,324,324,324,624,624,657,657,107,107,132,164,175,175,175,175],"floor_reached":50,"language":"ENG","playtime":2216,"items_purged":["Strike_MRS","Strike_MRS","GrandCross"],"score":1397,"play_id":"0f26faf0-f41b-4697-81f2-c19082ef9052","local_time":"20210209141212","is_ascension_mode":true,"campfire_choices":[{"data":"FairyDestructionRay","floor":12.0,"key":"SMITH"},{"data":"MasterSpark","floor":15.0,"key":"SMITH"},{"floor":24.0,"key":"RECALL"},{"floor":29,"key":"REST"},{"floor":32,"key":"REST"},{"floor":41,"key":"REST"},{"floor":45,"key":"DIG"},{"floor":49,"key":"DIG"}],"circlet_count":0,"master_deck":["AscendersBane","Strike_MRS+1","Defend_MRS","Defend_MRS","Defend_MRS","Defend_MRS","MasterSpark+1","UpSweep+1","FairyDestructionRay+1","MagicAbsorber+1","Orbital","GalacticHalo","AlicesGift","ManaRampage+1","GalacticHalo","CasketOfStar","OrrerysSun","EnergyFlow","FinalSpark+1","EarthLightRay","EarthLightRay","ManaRampage","EnergyFlow"],"relics":["BewitchedHakkero","NeowsBlessing","StrikeDummy","Akabeko","Juzu Bracelet","MealTicket","Fusion Hammer","MutagenicStrength","Lantern","Art of War","Smiling Mask","Pocketwatch","Chemical X","War Paint","Shovel","Nunchaku","Regal Pillow","Bag of Preparation","TungstenRod","Happy Flower","Pen Nib"],"acts_visited":["Exordium","TheCity","TheBeyond"],"potions_floor_usage":[25,25,33,33,36,50,50],"damage_taken":[{"damage":0.0,"enemies":"Jaw Worm","floor":1.0,"turns":1.0},{"damage":0.0,"enemies":"2 Louse","floor":3.0,"turns":1.0},{"damage":0.0,"enemies":"Lagavulin","floor":6.0,"turns":2.0},{"damage":0.0,"enemies":"Gremlin Nob","floor":8.0,"turns":2.0},{"damage":5.0,"enemies":"Small Slimes","floor":10.0,"turns":3.0},{"damage":4.0,"enemies":"Gremlin Gang","floor":11.0,"turns":3.0},{"damage":0.0,"enemies":"2 Fungi Beasts","floor":14.0,"turns":2.0},{"damage":6.0,"enemies":"The Guardian","floor":16.0,"turns":12.0},{"damage":6.0,"enemies":"Shell Parasite","floor":18.0,"turns":3.0},{"damage":0.0,"enemies":"Spheric Guardian","floor":19.0,"turns":1.0},{"damage":5.0,"enemies":"Snecko","floor":21.0,"turns":3.0},{"damage":0.0,"enemies":"Gremlin Leader","floor":23.0,"turns":2.0},{"damage":1,"enemies":"Slavers","floor":25,"turns":2},{"damage":33,"enemies":"Book of Stabbing","floor":27,"turns":4},{"damage":0,"enemies":"Chosen and Byrds","floor":28,"turns":7},{"damage":11,"enemies":"Snake Plant","floor":30,"turns":2},{"damage":5,"enemies":"Gremlin Leader","floor":31,"turns":4},{"damage":28,"enemies":"Automaton","floor":33,"turns":7},{"damage":18,"enemies":"3 Darklings","floor":35,"turns":4},{"damage":20,"enemies":"3 Shapes","floor":36,"turns":2},{"damage":1,"enemies":"Giant Head","floor":42,"turns":4},{"damage":0,"enemies":"Mind Bloom Boss Battle","floor":46,"turns":1},{"damage":0,"enemies":"Nemesis","floor":47,"turns":1},{"damage":0,"enemies":"Spire Growth","floor":48,"turns":1},{"damage":77,"enemies":"Time Eater","floor":50,"turns":6}],"seed_played":"-4452398481542588843","potions_obtained":[{"floor":1.0,"key":"ColorlessPotion"},{"floor":7.0,"key":"SmokeBomb"},{"floor":8.0,"key":"SpeedPotion"},{"floor":10.0,"key":"EntropicBrew"},{"floor":11.0,"key":"Dexterity Potion"},{"floor":25,"key":"SpeedPotion"},{"floor":30,"key":"Explosive Potion"},{"floor":31,"key":"SkillPotion"},{"floor":35,"key":"EntropicBrew"},{"floor":47,"key":"EssenceOfSteel"}],"is_trial":false,"path_per_floor":["M","?","M","?","T","E","?","E","T","M","M","R","$","M","R","B",null,"M","M","?","M","?","E","R","E","T","E","M","R","M","E","R","B",null,"M","M","$","?","?","?","R","E","T","$","R","?","E","M","R","B"],"character_chosen":"MARISA","items_purchased":["GalacticHalo","Chemical X","EarthLightRay","ManaRampage","Nunchaku","Regal Pillow"],"campfire_rested":3,"item_purchase_floors":[13,37,37,44,44,44],"current_hp_per_floor":[63,63,63,42,42,42,42,42,42,37,33,33,48,48,48,42,63,57,57,57,52,52,52,52,51,51,18,18,39,28,23,44,16,57,39,19,34,34,34,34,53,56,56,66,66,66,66,66,66,0,0],"gold":175,"neow_bonus":"THREE_ENEMY_KILL","is_daily":false,"chose_seed":false,"campfire_upgraded":2,"win_rate":0.0,"timestamp":1612869132,"path_taken":["M","?","M","?","?","E","?","E","T","M","M","R","$","M","R","BOSS","M","M","?","M","?","E","R","E","T","E","M","R","M","E","R","BOSS","M","M","$","?","?","?","R","E","T","$","R","?","E","M","R","BOSS"],"items_purchased_type":["Card","Relic","Card","Card","Relic","Relic"],"build_version":"2020-12-22","purchased_purges":3,"victory":false,"max_hp_per_floor":[70,70,70,70,70,70,70,70,70,70,70,70,70,70,70,70,70,70,70,70,70,70,70,70,70,70,70,70,70,70,70,70,70,70,70,70,70,70,66,66,66,66,66,66,66,66,66,66,66,66,66],"card_choices":[{"not_picked":["OpenUniverse","PowerUp","GrandCross"],"picked":"SKIP","floor":1.0},{"not_picked":["OpenUniverse","PowerUp"],"picked":"GrandCross","floor":1.0},{"not_picked":["StarlightTyphoon","WitchLeyline","DragonMeteor"],"picked":"SKIP","floor":3.0},{"not_picked":["EnergyRecoil","LuminesStrike"],"picked":"FairyDestructionRay","floor":6.0},{"not_picked":["GrandCross","MilkyWay","SuperPerseids"],"picked":"SKIP","floor":8.0},{"not_picked":["Singularity","LuminesStrike"],"picked":"MagicAbsorber","floor":10.0},{"not_picked":["StarBarrage","MagicAbsorber"],"picked":"Orbital","floor":11.0},{"not_picked":["6A","ChargingUp"],"picked":"AlicesGift","floor":14.0},{"not_picked":["AbsoluteMagnitude","CollectingQuirk"],"picked":"ManaRampage","floor":16.0},{"not_picked":["NonDirectionalLaser","PowerUp","DarkMatter+1"],"picked":"SKIP","floor":18.0},{"not_picked":["SporeBomb","DarkMatter","DoubleSpark"],"picked":"SKIP","floor":19.0},{"not_picked":["RefractionSpark","Acceleration"],"picked":"GalacticHalo","floor":21.0},{"not_picked":["MachineGunSpark","StarlightTyphoon"],"picked":"OrrerysSun","floor":23.0},{"not_picked":["UnstableBomb+1","OneTimeOff"],"picked":"EnergyFlow","floor":25},{"not_picked":["DarkMatter","ShootingEcho","PulseMagic"],"picked":"SKIP","floor":27},{"not_picked":["OortCloud","LuminesStrike","WitchLeyline+1"],"picked":"SKIP","floor":28},{"not_picked":["GravityBeat","AsteroidBelt","DeepEcoloBomb"],"picked":"SKIP","floor":30},{"not_picked":["StarBarrage","6A"],"picked":"FinalSpark","floor":31},{"not_picked":["DeepEcoloBomb","SprinkleStarSeal","UnstableBomb+1"],"picked":"SKIP","floor":35},{"not_picked":["GravityBeat+1","MilkyWay"],"picked":"EarthLightRay","floor":36},{"not_picked":["LuminesStrike","DeepEcoloBomb","JA"],"picked":"SKIP","floor":42},{"not_picked":["LuminesStrike","DeepEcoloBomb","JA"],"picked":"SKIP","floor":42},{"not_picked":["OpenUniverse","DC"],"picked":"EnergyFlow","floor":46},{"not_picked":["OpenUniverse","EnergyRecoil","6A"],"picked":"SKIP","floor":47},{"not_picked":["OpenUniverse","EnergyRecoil","6A"],"picked":"SKIP","floor":47},{"not_picked":["DC","UnstableBomb","PropBag"],"picked":"SKIP","floor":48}],"player_experience":306213,"relics_obtained":[{"floor":5.0,"key":"StrikeDummy"},{"floor":6.0,"key":"Akabeko"},{"floor":8.0,"key":"Juzu Bracelet"},{"floor":9.0,"key":"MealTicket"},{"floor":23.0,"key":"Lantern"},{"floor":25,"key":"Art of War"},{"floor":27,"key":"Smiling Mask"},{"floor":31,"key":"Pocketwatch"},{"floor":42,"key":"War Paint"},{"floor":43,"key":"Shovel"},{"floor":45,"key":"Bag of Preparation"},{"floor":46,"key":"TungstenRod"},{"floor":47,"key":"Happy Flower"},{"floor":49,"key":"Pen Nib"}],"event_choices":[{"cards_removed":["Strike_MRS"],"damage_healed":0.0,"max_hp_gain":0.0,"max_hp_loss":0.0,"gold_gain":0.0,"event_name":"Living Wall","player_choice":"Forget","floor":2.0,"gold_loss":0.0,"damage_taken":0.0},{"damage_healed":0.0,"max_hp_gain":0.0,"max_hp_loss":0.0,"gold_gain":0.0,"event_name":"Shining Light","player_choice":"Entered Light","floor":4.0,"gold_loss":0.0,"damage_taken":21.0,"cards_upgraded":["UpSweep","Strike_MRS"]},{"damage_healed":0.0,"max_hp_gain":0.0,"max_hp_loss":0.0,"gold_gain":0.0,"event_name":"Lab","player_choice":"Got Potions","floor":7.0,"gold_loss":0.0,"damage_taken":0.0},{"damage_healed":0.0,"max_hp_gain":0.0,"max_hp_loss":0.0,"gold_gain":0.0,"event_name":"Drug Dealer","player_choice":"Inject Mutagens","floor":20.0,"gold_loss":0.0,"damage_taken":0.0,"relics_obtained":["MutagenicStrength"]},{"damage_healed":0.0,"max_hp_gain":0.0,"max_hp_loss":0.0,"gold_gain":0.0,"event_name":"Match and Keep!","player_choice":"1 cards matched","floor":22.0,"gold_loss":0.0,"damage_taken":0.0,"cards_obtained":["CasketOfStar"]},{"damage_healed":0,"gold_gain":0,"player_choice":"Upgraded","damage_taken":0,"max_hp_gain":0,"max_hp_loss":0,"event_name":"Upgrade Shrine","floor":38,"gold_loss":0,"cards_upgraded":["FinalSpark"]},{"damage_healed":0,"gold_gain":0,"player_choice":"Max HP","damage_taken":0,"max_hp_gain":0,"max_hp_loss":4,"event_name":"Winding Halls","floor":39,"gold_loss":0},{"damage_healed":0,"gold_gain":300,"player_choice":"Gold","damage_taken":0,"max_hp_gain":0,"max_hp_loss":0,"event_name":"Wheel of Change","floor":40,"gold_loss":0},{"damage_healed":0,"gold_gain":0,"player_choice":"Fight","damage_taken":0,"max_hp_gain":0,"max_hp_loss":0,"event_name":"MindBloom","floor":46,"gold_loss":0}],"is_beta":false,"boss_relics":[{"not_picked":["Runic Pyramid","Empty Cage"],"picked":"Fusion Hammer"},{"not_picked":["Sozu","Philosopher\u0027s Stone"],"picked":"BewitchedHakkero"}],"items_purged_floors":[13,37,44],"is_endless":false,"potions_floor_spawned":[1,8,10,11,18,21,25,30,31,35,36,47,48],"killed_by":"Time Eater","ascension_level":20}}