{"host":"13o02hya6v6rzuva","time":1612884303,"event":{"mods":["BaseMod","Minty Spire (QoL Compilation)","Relic Stats"],"gold_per_floor":[117,292,312,93,103,133,133,94,94,94,123,137,137,171,171,276,276,294,312,312,312,115,115,143,143,143,0,16,16,33,33,33,135,135,151,8,24,39,39,39],"floor_reached":39,"language":"ENG","playtime":1513,"items_purged":["Doubt"],"score":530,"play_id":"076e8489-c273-49c2-a71a-568637a72e1f","local_time":"20210209162503","is_ascension_mode":true,"campfire_choices":[{"data":"Vigilance","floor":7.0,"key":"SMITH"},{"data":"SandsOfTime","floor":10.0,"key":"SMITH"},{"data":"LikeWater","floor":13.0,"key":"SMITH"},{"data":"WheelKick","floor":15.0,"key":"SMITH"},{"floor":23.0,"key":"REST"},{"floor":29,"key":"REST"},{"data":"Apotheosis","floor":32,"key":"SMITH"}],"circlet_count":0,"master_deck":["Strike_P","Strike_P","Strike_P","Strike_P","Defend_P","Defend_P","Defend_P+1","Eruption","Vigilance+1","Brilliance","WheelKick+1","EmptyFist","LikeWater+1","Indignation+1","SandsOfTime+1","Evaluate","FollowUp","ThirdEye","Ragnarok","Halt+1","Evaluate+1","Apotheosis+1","FearNoEvil","LessonLearned","Study+1","ThirdEye+1"],"relics":["PureWater","Akabeko","Matryoshka","PreservedInsect","Kunai","War Paint","Lizard Tail","VioletLotus","MutagenicStrength","Pocketwatch","Lantern","Tiny Chest","Pantograph","Empty Cage","Potion Belt"],"acts_visited":["Exordium","TheCity","TheBeyond"],"potions_floor_usage":[24,33,37,38],"damage_taken":[{"damage":0.0,"enemies":"Small Slimes","floor":1.0,"turns":2.0},{"damage":0.0,"enemies":"2 Louse","floor":3.0,"turns":2.0},{"damage":0.0,"enemies":"Jaw Worm","floor":5.0,"turns":1.0},{"damage":24.0,"enemies":"Gremlin Nob","floor":6.0,"turns":3.0},{"damage":0.0,"enemies":"Lagavulin","floor":11.0,"turns":2.0},{"damage":0.0,"enemies":"Looter","floor":12.0,"turns":2.0},{"damage":3.0,"enemies":"3 Sentries","floor":14.0,"turns":4.0},{"damage":44.0,"enemies":"The Guardian","floor":16.0,"turns":6.0},{"damage":17.0,"enemies":"Shell Parasite","floor":18.0,"turns":7.0},{"damage":14.0,"enemies":"3 Byrds","floor":19.0,"turns":5.0},{"damage":23,"enemies":"Slavers","floor":24,"turns":3},{"damage":5,"enemies":"Cultist and Chosen","floor":28,"turns":5},{"damage":9,"enemies":"Snecko","floor":30,"turns":4},{"damage":65,"enemies":"Collector","floor":33,"turns":10},{"damage":67,"enemies":"3 Shapes","floor":35,"turns":7},{"damage":10,"enemies":"Orb Walker","floor":37,"turns":4},{"damage":31,"enemies":"Maw","floor":38,"turns":5},{"damage":9,"enemies":"Writhing Mass","floor":39,"turns":8}],"seed_played":"-2103093163191223173","potions_obtained":[{"floor":1.0,"key":"Ancient Potion"},{"floor":12.0,"key":"BlessingOfTheForge"},{"floor":16.0,"key":"Ambrosia"},{"floor":33,"key":"Swift Potion"},{"floor":37,"key":"Ambrosia"}],"is_trial":false,"path_per_floor":["M","?","M","$","M","E","R","$","T","R","E","M","R","E","R","B",null,"M","M","?","?","$","R","E","?","T","?","M","R","M","?","R","B",null,"M","$","M","M","M"],"character_chosen":"WATCHER","items_purchased":["Akabeko","SandsOfTime","Apotheosis","Potion Belt"],"campfire_rested":2,"item_purchase_floors":[4,8,22,36],"current_hp_per_floor":[72,72,72,72,72,48,48,48,48,48,48,48,48,45,45,1,72,55,41,41,28,28,51,28,28,28,28,23,46,37,62,62,12,77,10,10,38,7,0,0],"gold":39,"neow_bonus":"ONE_RANDOM_RARE_CARD","is_daily":false,"chose_seed":false,"campfire_upgraded":5,"win_rate":0.0,"timestamp":1612884303,"path_taken":["M","?","M","$","M","E","R","$","T","R","E","M","R","E","R","BOSS","M","M","?","?","$","R","E","?","T","?","?","R","M","?","R","BOSS","M","$","M","M","M"],"items_purchased_type":["Relic","Card","Card","Relic"],"build_version":"2020-12-22","purchased_purges":1,"victory":false,"max_hp_per_floor":[72,72,72,72,72,72,72,72,72,72,72,72,72,72,72,72,72,72,72,72,77,77,77,77,77,77,77,77,77,77,77,77,77,77,77,77,77,77,77,77],"relic_stats":{"Lizard Tail":38,"counters":[18,80],"Pantograph":15,"Tiny Chest":0,"PreservedInsect":99,"VioletLotus":[11],"Kunai":[19],"War Paint":["Indignation","Defend_P"],"obtain_stats":[{"Potion Belt":36,"Lantern":25,"PreservedInsect":9,"War Paint":11,"Empty Cage":34,"Akabeko":4,"Lizard Tail":14,"Matryoshka":6,"MutagenicStrength":20,"Pantograph":26,"Tiny Chest":26,"VioletLotus":17,"Kunai":9,"PureWater":0,"Pocketwatch":24},{"Potion Belt":15,"Lantern":11,"PreservedInsect":4,"War Paint":5,"Empty Cage":14,"Akabeko":2,"Lizard Tail":7,"Matryoshka":4,"MutagenicStrength":10,"Pantograph":11,"Tiny Chest":11,"VioletLotus":8,"Kunai":4,"PureWater":0,"Pocketwatch":11},{"Potion Belt":63,"Lantern":37,"PreservedInsect":8,"War Paint":10,"Empty Cage":56,"Akabeko":4,"Lizard Tail":16,"Matryoshka":8,"MutagenicStrength":34,"Pantograph":37,"Tiny Chest":37,"VioletLotus":22,"Kunai":8,"PureWater":0,"Pocketwatch":37}],"Pocketwatch":[45]},"card_choices":[{"not_picked":["EmptyFist","ThirdEye"],"picked":"WheelKick","floor":1.0},{"not_picked":["Prostrate","Weave"],"picked":"EmptyFist","floor":3.0},{"not_picked":["Meditate","InnerPeace"],"picked":"LikeWater","floor":5.0},{"not_picked":["Conclude","PathToVictory"],"picked":"Indignation","floor":6.0},{"not_picked":["Halt","PathToVictory"],"picked":"Evaluate","floor":11.0},{"not_picked":["Indignation","CutThroughFate"],"picked":"FollowUp","floor":12.0},{"not_picked":["Prostrate","Wish"],"picked":"ThirdEye","floor":14.0},{"not_picked":["SpiritShield","Vault"],"picked":"Ragnarok","floor":16.0},{"not_picked":["ThirdEye+1","FlurryOfBlows+1"],"picked":"Halt","floor":18.0},{"not_picked":["Vengeance+1","EmptyMind+1"],"picked":"Evaluate+1","floor":19.0},{"not_picked":["JustLucky+1","SashWhip"],"picked":"FearNoEvil","floor":24},{"not_picked":["PathToVictory","Meditate","SashWhip"],"picked":"SKIP","floor":28},{"not_picked":["CrushJoints","WheelKick","ClearTheMind"],"picked":"SKIP","floor":30},{"not_picked":["Brilliance","Establishment"],"picked":"LessonLearned","floor":33},{"not_picked":["CutThroughFate","SandsOfTime+1","FlyingSleeves+1"],"picked":"SKIP","floor":35},{"not_picked":["CrushJoints","FlyingSleeves+1"],"picked":"Study+1","floor":37},{"not_picked":["Crescendo+1","Indignation"],"picked":"ThirdEye+1","floor":38}],"player_experience":1204881,"relics_obtained":[{"floor":6.0,"key":"Matryoshka"},{"floor":9.0,"key":"PreservedInsect"},{"floor":9.0,"key":"Kunai"},{"floor":11.0,"key":"War Paint"},{"floor":14.0,"key":"Lizard Tail"},{"floor":24,"key":"Pocketwatch"},{"floor":26,"key":"Tiny Chest"},{"floor":26,"key":"Pantograph"}],"event_choices":[{"damage_healed":0.0,"max_hp_gain":0.0,"max_hp_loss":0.0,"gold_gain":175.0,"event_name":"Liars Game","player_choice":"AGREE","floor":2.0,"gold_loss":0.0,"damage_taken":0.0,"cards_obtained":["Doubt"]},{"damage_healed":0.0,"max_hp_gain":0.0,"max_hp_loss":0.0,"gold_gain":0.0,"event_name":"Drug Dealer","player_choice":"Inject Mutagens","floor":20.0,"gold_loss":0.0,"damage_taken":0.0,"relics_obtained":["MutagenicStrength"]},{"damage_healed":0.0,"max_hp_gain":5.0,"max_hp_loss":0.0,"gold_gain":0.0,"event_name":"Forgotten Altar","player_choice":"Shed Blood","floor":21.0,"gold_loss":0.0,"damage_taken":18.0},{"damage_healed":0,"gold_gain":0,"player_choice":"Opened","damage_taken":0,"relics_obtained":["Lantern"],"max_hp_gain":0,"max_hp_loss":0,"event_name":"The Mausoleum","floor":25,"gold_loss":0,"cards_obtained":["Writhe"]},{"damage_healed":0,"gold_gain":0,"player_choice":"Paid Fearfully","damage_taken":0,"max_hp_gain":0,"max_hp_loss":0,"event_name":"Masked Bandits","floor":27,"gold_loss":143},{"damage_healed":25,"gold_gain":0,"player_choice":"Heal","damage_taken":0,"max_hp_gain":0,"max_hp_loss":0,"event_name":"The Library","floor":31,"gold_loss":0}],"is_beta":false,"boss_relics":[{"not_picked":["Philosopher\u0027s Stone","Snecko Eye"],"picked":"VioletLotus"},{"not_picked":["Busted Crown","Runic Dome"],"picked":"Empty Cage"}],"items_purged_floors":[4],"is_endless":false,"potions_floor_spawned":[1,12,16,33,37],"killed_by":"Writhing Mass","ascension_level":4}}