{"host":"i09pxcjttd31eh4q","time":1612836762,"event":{"mods":["AchievementEnabler","BaseMod","Colored Map","Keyboard Shortcuts","Minty Spire (QoL Compilation)","StSLib","SuperFastMode"],"gold_per_floor":[113,113,127,139,50,50,74,74,74,74,74,149,163,163,163,239,239,250,250,260,260,27,27,42,42,68,89,101,140,140,166,166,250,250,250,250],"floor_reached":35,"language":"KOR","playtime":715,"items_purged":["Strike_G"],"score":730,"play_id":"e11c3393-356e-4eae-9158-ac9b54ea6a10","local_time":"20210209111242","is_ascension_mode":true,"campfire_choices":[{"data":"Bouncing Flask","floor":6.0,"key":"SMITH"},{"data":"A Thousand Cuts","floor":8.0,"key":"SMITH"},{"data":"Blade Dance","floor":10.0,"key":"SMITH"},{"data":"Neutralize","floor":15.0,"key":"SMITH"},{"data":"Adrenaline","floor":23.0,"key":"SMITH"},{"data":"Acrobatics","floor":30.0,"key":"SMITH"},{"floor":32.0,"key":"RECALL"}],"circlet_count":0,"master_deck":["AscendersBane","Strike_G","Strike_G","Strike_G","Defend_G","Defend_G","Defend_G","Defend_G","Survivor","Neutralize+1","Die Die Die","A Thousand Cuts+1","Blade Dance+1","Bouncing Flask+1","Backflip","Adrenaline+1","Acrobatics+1","A Thousand Cuts+1","Backflip","PiercingWail","Tactician+1","Night Terror","Tools of the Trade"],"relics":["Ring of the Snake","Blood Vial","Strawberry","Toy Ornithopter","Snecko Eye","MutagenicStrength","DollysMirror","CeramicFish","Art of War","Black Star"],"acts_visited":["Exordium","TheCity","TheBeyond"],"potions_floor_usage":[],"damage_taken":[{"damage":13.0,"enemies":"Jaw Worm","floor":1.0,"turns":6.0},{"damage":0.0,"enemies":"Small Slimes","floor":3.0,"turns":3.0},{"damage":0.0,"enemies":"2 Louse","floor":4.0,"turns":2.0},{"damage":14.0,"enemies":"Exordium Wildlife","floor":13.0,"turns":4.0},{"damage":16.0,"enemies":"Hexaghost","floor":16.0,"turns":7.0},{"damage":7.0,"enemies":"Spheric Guardian","floor":18.0,"turns":4.0},{"damage":7.0,"enemies":"Chosen","floor":20.0,"turns":4.0},{"damage":0.0,"enemies":"Centurion and Healer","floor":24.0,"turns":1.0},{"damage":0.0,"enemies":"Sentry and Sphere","floor":27.0,"turns":1.0},{"damage":0.0,"enemies":"Cultist and Chosen","floor":28.0,"turns":2.0},{"damage":21.0,"enemies":"Book of Stabbing","floor":29.0,"turns":6.0},{"damage":14.0,"enemies":"Centurion and Healer","floor":31.0,"turns":3.0},{"damage":30.0,"enemies":"Collector","floor":33.0,"turns":6.0},{"damage":55,"enemies":"3 Shapes","floor":35,"turns":4}],"seed_played":"-8715107533629473130","potions_obtained":[{"floor":16.0,"key":"Block Potion"},{"floor":20.0,"key":"ColorlessPotion"},{"floor":27.0,"key":"PowerPotion"},{"floor":29.0,"key":"EssenceOfSteel"}],"is_trial":false,"path_per_floor":["M","?","M","M","$","R","T","R","T","R","?","?","M","?","R","B",null,"M","?","M","?","$","R","M","?","T","M","M","E","R","M","R","B",null,"M"],"character_chosen":"THE_SILENT","items_purchased":["Bouncing Flask","DollysMirror"],"campfire_rested":0,"item_purchase_floors":[5,22],"current_hp_per_floor":[46,51,51,51,51,51,51,51,58,58,47,36,24,24,24,10,57,57,57,52,52,52,52,54,48,48,50,52,38,38,31,31,8,56,3,3],"gold":250,"neow_bonus":"TRANSFORM_TWO_CARDS","is_daily":false,"chose_seed":false,"campfire_upgraded":6,"win_rate":0.0,"timestamp":1612836762,"path_taken":["M","?","M","M","$","R","?","R","T","R","?","?","M","?","R","BOSS","M","?","M","?","?","R","M","?","T","?","M","E","R","M","R","BOSS","M"],"items_purchased_type":["Card","Relic"],"build_version":"2020-12-22","purchased_purges":1,"victory":false,"max_hp_per_floor":[60,65,65,65,65,65,65,65,72,72,72,72,72,72,72,72,72,72,72,72,72,72,72,72,72,72,72,72,72,72,72,72,72,72,72,72],"card_choices":[{"not_picked":["Dodge and Roll","Blur"],"picked":"Blade Dance","floor":1.0},{"not_picked":["Outmaneuver","Poisoned Stab","Underhanded Strike"],"picked":"SKIP","floor":3.0},{"not_picked":["Underhanded Strike","Dodge and Roll","Eviscerate"],"picked":"SKIP","floor":4.0},{"not_picked":["Choke","Backstab"],"picked":"Backflip","floor":13.0},{"not_picked":["Grand Finale","Die Die Die"],"picked":"Adrenaline","floor":16.0},{"not_picked":["Bane","Flying Knee+1"],"picked":"Acrobatics","floor":18.0},{"not_picked":["Heel Hook","Bane","Poisoned Stab"],"picked":"SKIP","floor":20.0},{"not_picked":["Dodge and Roll","Cloak And Dagger"],"picked":"Backflip","floor":24.0},{"not_picked":["Blade Dance","Sucker Punch"],"picked":"PiercingWail","floor":27.0},{"not_picked":["Sucker Punch","Dagger Spray","All Out Attack"],"picked":"SKIP","floor":28.0},{"not_picked":["All Out Attack+1","Blade Dance"],"picked":"Tactician+1","floor":29.0},{"not_picked":["Deflect","Endless Agony"],"picked":"Night Terror","floor":31.0},{"not_picked":["Unload","After Image"],"picked":"Tools of the Trade","floor":33.0}],"player_experience":891001,"relics_obtained":[{"floor":7.0,"key":"Blood Vial"},{"floor":9.0,"key":"Strawberry"},{"floor":26.0,"key":"CeramicFish"},{"floor":29.0,"key":"Art of War"}],"event_choices":[{"damage_healed":0.0,"max_hp_gain":5.0,"max_hp_loss":0.0,"gold_gain":0.0,"event_name":"Big Fish","player_choice":"Donut","floor":2.0,"gold_loss":0.0,"damage_taken":0.0},{"damage_healed":0.0,"max_hp_gain":0.0,"max_hp_loss":0.0,"gold_gain":0.0,"event_name":"Scrap Ooze","player_choice":"Success","floor":11.0,"gold_loss":0.0,"damage_taken":11.0,"relics_obtained":["Toy Ornithopter"]},{"damage_healed":0.0,"max_hp_gain":0.0,"max_hp_loss":0.0,"gold_gain":75.0,"event_name":"World of Goop","player_choice":"Gather Gold","floor":12.0,"gold_loss":0.0,"damage_taken":11.0},{"damage_healed":0.0,"max_hp_gain":0.0,"max_hp_loss":0.0,"gold_gain":0.0,"event_name":"Liars Game","player_choice":"Ignored","floor":14.0,"gold_loss":0.0,"damage_taken":0.0},{"damage_healed":0.0,"max_hp_gain":0.0,"max_hp_loss":0.0,"gold_gain":0.0,"event_name":"Ghosts","player_choice":"Ignored","floor":19.0,"gold_loss":0.0,"damage_taken":0.0},{"damage_healed":0.0,"max_hp_gain":0.0,"max_hp_loss":0.0,"gold_gain":0.0,"event_name":"Drug Dealer","player_choice":"Inject Mutagens","floor":21.0,"gold_loss":0.0,"damage_taken":0.0,"relics_obtained":["MutagenicStrength"]},{"damage_healed":0.0,"max_hp_gain":0.0,"max_hp_loss":0.0,"gold_gain":0.0,"event_name":"Knowing Skull","player_choice":"","floor":25.0,"potions_obtained":[],"gold_loss":0.0,"damage_taken":6.0,"cards_obtained":[]}],"is_beta":false,"boss_relics":[{"not_picked":["Astrolabe","Coffee Dripper"],"picked":"Snecko Eye"},{"not_picked":["WristBlade","Philosopher\u0027s Stone"],"picked":"Black Star"}],"items_purged_floors":[22],"is_endless":false,"potions_floor_spawned":[16,20,27,29],"killed_by":"3 Shapes","ascension_level":20}}