{"host":"8sf1xglkdai6nf6k","time":1612863887,"event":{"mods":["BaseMod","Hermit","Minty Spire (QoL Compilation)","StSLib"],"gold_per_floor":[117,117,129,139,139,173,188,188,270,301,318,335,335,347,359,475,487,517,529,561,595,807,853,865,894,931,962,974,1003,1046,1091,1103,1120,1120],"floor_reached":33,"language":"ENG","playtime":6545,"items_purged":[],"score":326,"play_id":"843b8bee-28f9-4b12-833c-3061a34ba6b5","local_time":"20210209034447","is_ascension_mode":false,"campfire_choices":[{"data":"hermit:EternalForm","floor":8,"key":"SMITH"},{"floor":15,"key":"REST"},{"data":"hermit:Roughhouse","floor":24,"key":"SMITH"},{"data":"hermit:Dive","floor":28,"key":"SMITH"},{"data":"hermit:FlashPowder","floor":32,"key":"SMITH"}],"circlet_count":0,"master_deck":["hermit:Strike_Hermit","hermit:Strike_Hermit","hermit:Strike_Hermit","hermit:Defend_Hermit","hermit:Defend_Hermit","hermit:Defend_Hermit","hermit:Defend_Hermit","hermit:Snapshot","hermit:Covet","hermit:CalledShot","Regret","hermit:EternalForm+1","hermit:EyeOfTheStorm","hermit:Scavenge","hermit:Adapt","hermit:Roughhouse+1","hermit:RoundhouseKick","hermit:Manifest","hermit:Dive+1","hermit:Enervate","hermit:Determination","hermit:FlashPowder+1"],"relics":["hermit:Momento","NeowsBlessing","Thread and Needle","Boot","Bottled Tornado","Question Card","MawBank","hermit:BartenderGlass","Happy Flower","Orichalcum","CeramicFish"],"acts_visited":["Exordium","TheCity"],"potions_floor_usage":[6,10,12,23,25,25,29,30,30,30,31,33,33,33,33],"damage_taken":[{"damage":0,"enemies":"2 Louse","floor":1,"turns":1},{"damage":0,"enemies":"Jaw Worm","floor":3,"turns":1},{"damage":0,"enemies":"Cultist","floor":4,"turns":1},{"damage":32,"enemies":"Gremlin Nob","floor":6,"turns":5},{"damage":12,"enemies":"Large Slime","floor":7,"turns":6},{"damage":5,"enemies":"Lagavulin","floor":10,"turns":6},{"damage":0,"enemies":"2 Fungi Beasts","floor":11,"turns":4},{"damage":0,"enemies":"Lots of Slimes","floor":12,"turns":5},{"damage":20,"enemies":"Slime Boss","floor":16,"turns":11},{"damage":19,"enemies":"3 Byrds","floor":18,"turns":6},{"damage":0,"enemies":"2 Thieves","floor":20,"turns":5},{"damage":0,"enemies":"Snecko","floor":21,"turns":5},{"damage":16,"enemies":"Gremlin Leader","floor":23,"turns":8},{"damage":4,"enemies":"Centurion and Healer","floor":25,"turns":8},{"damage":0,"enemies":"Snake Plant","floor":27,"turns":5},{"damage":0,"enemies":"Shelled Parasite and Fungi","floor":29,"turns":6},{"damage":6,"enemies":"Slavers","floor":30,"turns":6},{"damage":8,"enemies":"3 Cultists","floor":31,"turns":5},{"damage":46,"enemies":"Collector","floor":33,"turns":17}],"seed_played":"-645407562330582616","potions_obtained":[{"floor":3,"key":"AttackPotion"},{"floor":4,"key":"Energy Potion"},{"floor":6,"key":"Fire Potion"},{"floor":10,"key":"BlessingOfTheForge"},{"floor":11,"key":"AttackPotion"},{"floor":20,"key":"Weak Potion"},{"floor":23,"key":"EssenceOfSteel"},{"floor":25,"key":"Regen Potion"},{"floor":30,"key":"Swift Potion"}],"is_trial":false,"path_per_floor":["M","?","M","M","?","E","M","R","T","E","M","M","?","$","R","B",null,"M","?","M","M","?","E","R","M","T","M","R","M","E","M","R","B"],"character_chosen":"HERMIT","items_purchased":[],"campfire_rested":1,"item_purchase_floors":[],"current_hp_per_floor":[75,75,75,75,68,36,24,24,24,19,19,19,12,12,34,14,75,56,56,56,56,56,40,40,36,36,36,36,51,45,37,37,0,0],"gold":1120,"neow_bonus":"THREE_ENEMY_KILL","is_daily":false,"chose_seed":false,"campfire_upgraded":4,"win_rate":0.0,"timestamp":1612863887,"path_taken":["M","?","M","M","?","E","M","R","T","E","M","M","?","$","R","BOSS","M","?","M","M","?","E","R","M","T","M","R","?","E","M","R","BOSS"],"items_purchased_type":[],"build_version":"2020-12-22","purchased_purges":0,"victory":false,"max_hp_per_floor":[75,75,75,75,75,75,75,75,75,75,75,75,75,75,75,75,75,75,75,75,75,75,75,75,75,75,75,75,75,75,75,75,75,75],"card_choices":[{"not_picked":["hermit:HighCaliber","hermit:Combo"],"picked":"hermit:CalledShot","floor":1},{"not_picked":["hermit:Vantage","hermit:Quickdraw"],"picked":"hermit:EternalForm","floor":3},{"not_picked":["hermit:HighCaliber","hermit:NoHoldsBarred"],"picked":"hermit:EyeOfTheStorm","floor":4},{"not_picked":["hermit:Manifest","hermit:LuckOfTheDraw"],"picked":"hermit:Scavenge","floor":6},{"not_picked":["hermit:Spite","hermit:Coalescence","hermit:TrackingShot"],"picked":"SKIP","floor":7},{"not_picked":["hermit:Dive","hermit:Misfire"],"picked":"hermit:Adapt","floor":10},{"not_picked":["hermit:TrackingShot","hermit:BodyArmor","hermit:Quickdraw","hermit:Coalescence"],"picked":"SKIP","floor":11},{"not_picked":["hermit:CalledShot","hermit:Glare","hermit:Maintenance"],"picked":"hermit:Roughhouse","floor":12},{"not_picked":["hermit:OverwhelmingPower","hermit:FatalDesire","hermit:Gambit"],"picked":"hermit:RoundhouseKick","floor":16},{"not_picked":["hermit:Spite+1","hermit:Misfire","hermit:Deadeye"],"picked":"hermit:Manifest","floor":18},{"not_picked":["hermit:Cheat","hermit:HoleUp","hermit:Quickdraw+1","hermit:Feint"],"picked":"SKIP","floor":20},{"not_picked":["hermit:Gambit","hermit:Glare","hermit:Roulette"],"picked":"hermit:Dive","floor":21},{"not_picked":["hermit:TrackingShot","hermit:Ricochet","hermit:Desperado"],"picked":"hermit:Enervate","floor":23},{"not_picked":["hermit:WideOpen","hermit:Feint","hermit:CursedWeapon"],"picked":"hermit:Determination","floor":25},{"not_picked":["hermit:EyeOfTheStorm","hermit:HighCaliber","hermit:WideOpen","hermit:Coalescence"],"picked":"SKIP","floor":27},{"not_picked":["hermit:Vantage","hermit:Spite+1","hermit:Grudge","hermit:Snipe"],"picked":"SKIP","floor":29},{"not_picked":["hermit:Midnight","hermit:Coalescence","hermit:Grudge+1","hermit:DeadMansHand"],"picked":"SKIP","floor":30},{"not_picked":["hermit:ItchyTrigger","hermit:Snipe","hermit:Cheat"],"picked":"hermit:FlashPowder","floor":31}],"player_experience":494952,"relics_obtained":[{"floor":6,"key":"Boot"},{"floor":9,"key":"Bottled Tornado"},{"floor":10,"key":"Question Card"},{"floor":23,"key":"Happy Flower"},{"floor":26,"key":"Orichalcum"},{"floor":30,"key":"CeramicFish"}],"event_choices":[{"damage_healed":0,"gold_gain":0,"player_choice":"Box","damage_taken":0,"relics_obtained":["Thread and Needle"],"max_hp_gain":0,"max_hp_loss":0,"event_name":"Big Fish","floor":2,"gold_loss":0,"cards_obtained":["Regret"]},{"cards_removed":["hermit:Strike_Hermit"],"damage_healed":0,"gold_gain":0,"player_choice":"Card Removal","damage_taken":7,"max_hp_gain":0,"max_hp_loss":0,"event_name":"Golden Wing","floor":5,"gold_loss":0},{"damage_healed":0,"gold_gain":0,"player_choice":"Success","damage_taken":7,"relics_obtained":["MawBank"],"max_hp_gain":0,"max_hp_loss":0,"event_name":"Scrap Ooze","floor":13,"gold_loss":0},{"damage_healed":0,"gold_gain":0,"player_choice":"Ignored","damage_taken":0,"max_hp_gain":0,"max_hp_loss":0,"event_name":"Beggar","floor":19,"gold_loss":0},{"damage_healed":0,"gold_gain":200,"player_choice":"Gold","damage_taken":0,"max_hp_gain":0,"max_hp_loss":0,"event_name":"Wheel of Change","floor":22,"gold_loss":0}],"is_beta":false,"boss_relics":[{"not_picked":["SlaversCollar","Busted Crown"],"picked":"hermit:BartenderGlass"}],"items_purged_floors":[],"is_endless":false,"potions_floor_spawned":[3,4,6,10,11,20,23,25,29,30],"killed_by":"Collector","ascension_level":0}}