{"host":"r4yhuzs0e1z69tr3","time":1612830472,"event":{"mods":["BaseMod","Minty Spire (QoL Compilation)","Rare Cards Sparkle"],"gold_per_floor":[111,111,40,55,55,84,84,111,111,111,124,124,185,202,202,202,202],"floor_reached":16,"language":"ENG","playtime":571,"items_purged":[],"score":119,"play_id":"3b06fb1d-e1fb-4b54-a7cf-76f74b85ce13","local_time":"20210208192752","is_ascension_mode":true,"campfire_choices":[{"floor":7,"key":"REST"},{"data":"Armaments","floor":12,"key":"SMITH"},{"floor":15,"key":"REST"}],"circlet_count":0,"master_deck":["Strike_R","Strike_R+1","Strike_R+1","Strike_R","Strike_R","Defend_R","Defend_R","Defend_R","Defend_R","Bash+1","Uppercut","Flex","Juggernaut","Armaments+1","Heavy Blade"],"relics":["Burning Blood","Ornamental Fan","Lantern","Prayer Wheel","Strawberry"],"acts_visited":["Exordium"],"potions_floor_usage":[],"damage_taken":[{"damage":1,"enemies":"Small Slimes","floor":1,"turns":4},{"damage":7,"enemies":"Jaw Worm","floor":4,"turns":2},{"damage":27,"enemies":"Gremlin Nob","floor":6,"turns":4},{"damage":36,"enemies":"Lagavulin","floor":8,"turns":7},{"damage":0,"enemies":"2 Louse","floor":11,"turns":2},{"damage":5,"enemies":"2 Fungi Beasts","floor":14,"turns":3},{"damage":71,"enemies":"The Guardian","floor":16,"turns":8}],"seed_played":"3975879008538760914","potions_obtained":[{"floor":4,"key":"Explosive Potion"},{"floor":14,"key":"PowerPotion"}],"is_trial":false,"path_per_floor":["M","?","$","M","?","E","R","E","T","$","M","R","?","M","R","B"],"character_chosen":"IRONCLAD","items_purchased":["Uppercut"],"campfire_rested":2,"item_purchase_floors":[3],"current_hp_per_floor":[80,64,64,63,56,35,59,29,36,36,42,42,42,43,69,0,0],"gold":202,"neow_bonus":"UPGRADE_CARD","is_daily":false,"chose_seed":false,"campfire_upgraded":1,"win_rate":0.0,"timestamp":1612830472,"path_taken":["M","?","?","?","?","E","R","E","T","$","M","R","?","M","R","BOSS"],"items_purchased_type":["Card"],"build_version":"2020-12-22","purchased_purges":0,"victory":false,"max_hp_per_floor":[80,80,80,80,80,80,80,80,87,87,87,87,87,87,87,87,87],"card_choices":[{"not_picked":["Iron Wave","Disarm","Seeing Red"],"picked":"SKIP","floor":1},{"not_picked":["Iron Wave","Metallicize"],"picked":"Flex","floor":4},{"not_picked":["Dropkick","Headbutt"],"picked":"Juggernaut","floor":6},{"not_picked":["Seeing Red","Searing Blow","Perfected Strike"],"picked":"SKIP","floor":8},{"not_picked":["Headbutt","Flex"],"picked":"Armaments","floor":11},{"not_picked":["Anger","Havoc","Pommel Strike"],"picked":"SKIP","floor":11},{"not_picked":["Havoc","Whirlwind"],"picked":"Heavy Blade","floor":14},{"not_picked":["Anger","Warcry","Exhume"],"picked":"SKIP","floor":14}],"player_experience":135508,"relics_obtained":[{"floor":6,"key":"Lantern"},{"floor":8,"key":"Prayer Wheel"},{"floor":9,"key":"Strawberry"}],"event_choices":[{"damage_healed":0,"gold_gain":0,"player_choice":"Entered Light","damage_taken":16,"max_hp_gain":0,"max_hp_loss":0,"event_name":"Shining Light","floor":2,"gold_loss":0,"cards_upgraded":["Strike_R","Strike_R"]},{"damage_healed":0,"gold_gain":0,"player_choice":"Success","damage_taken":7,"relics_obtained":["Ornamental Fan"],"max_hp_gain":0,"max_hp_loss":0,"event_name":"Scrap Ooze","floor":5,"gold_loss":0},{"damage_healed":0,"gold_gain":61,"player_choice":"Gained Gold","damage_taken":0,"max_hp_gain":0,"max_hp_loss":0,"event_name":"Golden Wing","floor":13,"gold_loss":0}],"is_beta":false,"boss_relics":[],"items_purged_floors":[],"is_endless":false,"potions_floor_spawned":[4,14],"killed_by":"The Guardian","ascension_level":2}}