{"host":"j0a1jfichhxu8b8p","time":1612870860,"event":{"mods":["BaseMod","Colored Map","DeckTracker","Keyboard Shortcuts","Minty Spire (QoL Compilation)","Permanent Neow","StSLib"],"gold_per_floor":[113,131,131,151,164,197,222,222,222,222,222,237,251,271,271,344,344,344,344],"floor_reached":18,"language":"KOR","playtime":738,"items_purged":[],"score":279,"play_id":"d969f0fb-b3b3-43b9-b924-10b39572a1a3","local_time":"20210209204100","is_ascension_mode":true,"campfire_choices":[{"data":"Apotheosis","floor":8.0,"key":"SMITH"},{"floor":11.0,"key":"REST"},{"data":"Accuracy","floor":15.0,"key":"SMITH"}],"circlet_count":0,"master_deck":["AscendersBane","Strike_G","Strike_G","Strike_G","Strike_G","Strike_G","Defend_G","Defend_G","Defend_G","Defend_G","Defend_G","Survivor","Neutralize","Apotheosis+1","Flechettes","Backflip","PiercingWail","Blade Dance","Caltrops","Blade Dance","Masterful Stab","Accuracy+1","Adrenaline"],"relics":["Ring of the Snake","FaceOfCleric","Pantograph","Odd Mushroom","Thread and Needle","SlaversCollar"],"acts_visited":["Exordium","TheCity"],"potions_floor_usage":[],"damage_taken":[{"damage":0.0,"enemies":"2 Louse","floor":1.0,"turns":4.0},{"damage":1.0,"enemies":"Cultist","floor":2.0,"turns":4.0},{"damage":3.0,"enemies":"Jaw Worm","floor":4.0,"turns":5.0},{"damage":10.0,"enemies":"3 Louse","floor":5.0,"turns":4.0},{"damage":31.0,"enemies":"Gremlin Nob","floor":6.0,"turns":5.0},{"damage":4.0,"enemies":"The Mushroom Lair","floor":7.0,"turns":4.0},{"damage":0.0,"enemies":"Exordium Wildlife","floor":12.0,"turns":6.0},{"damage":0.0,"enemies":"Large Slime","floor":13.0,"turns":6.0},{"damage":0.0,"enemies":"Looter","floor":14.0,"turns":3.0},{"damage":23.0,"enemies":"The Guardian","floor":16.0,"turns":8.0},{"damage":0,"enemies":"Shell Parasite","floor":18,"turns":1}],"seed_played":"8889594308082246491","potions_obtained":[{"floor":5.0,"key":"Poison Potion"},{"floor":7.0,"key":"EntropicBrew"},{"floor":14.0,"key":"Fruit Juice"},{"floor":16.0,"key":"GhostInAJar"}],"is_trial":false,"path_per_floor":["M","M","?","M","M","E","?","R","T","?","R","M","M","M","R","B",null,"M"],"character_chosen":"THE_SILENT","items_purchased":[],"campfire_rested":1,"item_purchase_floors":[],"current_hp_per_floor":[59,58,58,56,47,17,14,14,14,14,33,34,35,36,36,44,66,66,66],"gold":344,"neow_bonus":"RANDOM_COLORLESS_2","is_daily":false,"chose_seed":false,"campfire_upgraded":2,"win_rate":0.0,"timestamp":1612870860,"path_taken":["M","M","?","?","M","E","?","R","T","?","R","M","M","M","R","BOSS","M"],"items_purchased_type":[],"build_version":"2020-12-22","purchased_purges":0,"victory":false,"max_hp_per_floor":[60,60,60,61,62,63,64,64,64,64,64,65,66,67,67,73,73,73,73],"card_choices":[{"not_picked":["The Bomb","HandOfGreed"],"picked":"Apotheosis","floor":0.0},{"not_picked":["Infinite Blades","Dagger Throw"],"picked":"Flechettes","floor":1.0},{"not_picked":["Heel Hook","Poisoned Stab"],"picked":"Backflip","floor":2.0},{"not_picked":["Flying Knee","Finisher","Outmaneuver"],"picked":"SKIP","floor":4.0},{"not_picked":["Skewer","Sucker Punch"],"picked":"PiercingWail","floor":5.0},{"not_picked":["Deflect","Heel Hook"],"picked":"Blade Dance","floor":6.0},{"not_picked":["Flying Knee","Bane"],"picked":"Caltrops","floor":7.0},{"not_picked":["Distraction","Slice"],"picked":"Blade Dance","floor":12.0},{"not_picked":["Slice","Grand Finale"],"picked":"Masterful Stab","floor":13.0},{"not_picked":["Poisoned Stab","Noxious Fumes"],"picked":"Accuracy","floor":14.0},{"not_picked":["Malaise","Night Terror"],"picked":"Adrenaline","floor":16.0}],"player_experience":367200,"relics_obtained":[{"floor":6.0,"key":"Pantograph"},{"floor":7.0,"key":"Odd Mushroom"},{"floor":9.0,"key":"Thread and Needle"}],"event_choices":[{"damage_healed":0.0,"max_hp_gain":0.0,"max_hp_loss":0.0,"gold_gain":0.0,"event_name":"FaceTrader","player_choice":"Trade","floor":3.0,"gold_loss":0.0,"damage_taken":0.0,"relics_obtained":["FaceOfCleric"]},{"damage_healed":0.0,"max_hp_gain":0.0,"max_hp_loss":0.0,"gold_gain":0.0,"event_name":"Mushrooms","player_choice":"Fought Mushrooms","floor":7.0,"gold_loss":0.0,"damage_taken":0.0},{"damage_healed":0.0,"max_hp_gain":0.0,"max_hp_loss":0.0,"gold_gain":0.0,"event_name":"Liars Game","player_choice":"Ignored","floor":10.0,"gold_loss":0.0,"damage_taken":0.0}],"is_beta":false,"boss_relics":[{"not_picked":["Snecko Eye","SacredBark"],"picked":"SlaversCollar"}],"items_purged_floors":[],"is_endless":false,"potions_floor_spawned":[5,7,13,14,16],"killed_by":"Shell Parasite","ascension_level":14}}