{"host":"5h6e4l6hpn0p5lap","time":1612872794,"event":{"mods":["AchievementEnabler","BaseMod","Better Altar","Better Match","Better Sensory Stone","Better Skull","Better Third Choice","Colored Map","Filter the Spire","Minty Spire (QoL Compilation)","StSLib"],"gold_per_floor":[364,380,394,409,24,52,52,85,139,218,247,247,264,192,192,296,296,296],"floor_reached":17,"language":"ENG","playtime":568,"items_purged":["Defend_B"],"score":245,"play_id":"bfe10d47-1385-490b-8ff6-83a9551bbc12","local_time":"20210209071314","is_ascension_mode":true,"campfire_choices":[{"data":"Defragment","floor":7,"key":"SMITH"},{"floor":12,"key":"REST"},{"floor":15,"key":"REST"}],"circlet_count":0,"master_deck":["Strike_B","Strike_B","Strike_B","Strike_B","Defend_B","Defend_B","Defend_B","Zap","Dualcast","Chaos","Melter","Auto Shields","Rip and Tear","Defragment+1","Ball Lightning","Reinforced Body","Conserve Battery","Rainbow","Ball Lightning","Coolheaded","Thunder Strike"],"relics":["Cracked Core","Toolbox","Prayer Wheel","Bottled Lightning","PreservedInsect","Centennial Puzzle","Happy Flower","Busted Crown"],"acts_visited":["Exordium","TheCity"],"potions_floor_usage":[6,6,11],"damage_taken":[{"damage":7,"enemies":"Small Slimes","floor":1,"turns":3},{"damage":0,"enemies":"Cultist","floor":2,"turns":4},{"damage":3,"enemies":"Jaw Worm","floor":3,"turns":4},{"damage":1,"enemies":"2 Fungi Beasts","floor":4,"turns":4},{"damage":17,"enemies":"Lagavulin","floor":6,"turns":6},{"damage":21,"enemies":"Gremlin Nob","floor":8,"turns":4},{"damage":5,"enemies":"3 Sentries","floor":11,"turns":4},{"damage":15,"enemies":"Exordium Thugs","floor":13,"turns":3},{"damage":5,"enemies":"Slime Boss","floor":16,"turns":7}],"seed_played":"-4074908643852144343","potions_obtained":[{"floor":3,"key":"Swift Potion"},{"floor":4,"key":"BlessingOfTheForge"},{"floor":6,"key":"BlessingOfTheForge"}],"is_trial":false,"path_per_floor":["M","M","M","M","$","E","R","E","T","?","E","R","M","?","R","B",null],"character_chosen":"DEFECT","items_purchased":["Toolbox","Defragment","Ball Lightning","Reinforced Body"],"campfire_rested":2,"item_purchase_floors":[5,5,5,5],"current_hp_per_floor":[61,61,58,57,57,40,40,19,19,19,14,34,19,19,39,34,60,60],"gold":296,"neow_bonus":"TWO_FIFTY_GOLD","is_daily":false,"chose_seed":false,"campfire_upgraded":1,"win_rate":0.0,"timestamp":1612872794,"path_taken":["M","M","M","M","$","E","R","E","T","?","E","R","M","?","R","BOSS"],"items_purchased_type":["Relic","Card","Card","Card"],"build_version":"2020-12-22","purchased_purges":1,"victory":false,"max_hp_per_floor":[68,68,68,68,68,68,68,68,68,68,68,68,68,68,68,68,68,68],"card_choices":[{"not_picked":["Beam Cell","Redo"],"picked":"Chaos","floor":1},{"not_picked":["Beam Cell","Redo"],"picked":"Melter","floor":2},{"not_picked":["Double Energy","Chill"],"picked":"Auto Shields","floor":3},{"not_picked":["Rebound","Go for the Eyes"],"picked":"Rip and Tear","floor":4},{"not_picked":["Hello World","Compile Driver"],"picked":"Conserve Battery","floor":6},{"not_picked":["Streamline","Sweeping Beam"],"picked":"Rainbow","floor":8},{"not_picked":["Blizzard","Conserve Battery"],"picked":"Ball Lightning","floor":11},{"not_picked":["Barrage","Gash"],"picked":"Coolheaded","floor":13},{"not_picked":["Hologram","Force Field","Auto Shields"],"picked":"SKIP","floor":13},{"not_picked":["Hyperbeam","Meteor Strike"],"picked":"Thunder Strike","floor":16}],"player_experience":1089373,"relics_obtained":[{"floor":6,"key":"Prayer Wheel"},{"floor":8,"key":"Bottled Lightning"},{"floor":9,"key":"PreservedInsect"},{"floor":11,"key":"Centennial Puzzle"}],"event_choices":[{"damage_healed":0,"gold_gain":79,"player_choice":"Gained Gold","damage_taken":0,"max_hp_gain":0,"max_hp_loss":0,"event_name":"Golden Wing","floor":10,"gold_loss":0},{"damage_healed":0,"gold_gain":0,"player_choice":"Paid Gold","damage_taken":0,"relics_obtained":["Happy Flower"],"max_hp_gain":0,"max_hp_loss":0,"event_name":"WeMeetAgain","floor":14,"gold_loss":72}],"is_beta":false,"boss_relics":[{"not_picked":["Calling Bell","Snecko Eye"],"picked":"Busted Crown"}],"items_purged_floors":[5],"is_endless":false,"potions_floor_spawned":[3,4,6],"ascension_level":8}}