{"host":"65mk3suhfjklhbko","time":1612844696,"event":{"mods":["Astrologer","BaseMod","Downfall","Hermit","Jorbs\u0027s Wanderer Trilogy","Mad Scientist","Minty Spire (QoL Compilation)","Quick Restart","StSLib","The Disciple","The Mystic","The Servant 0.9.4","TheBandit"],"gold_per_floor":[119,119,129,142,41,41,73,109,121,133,170,196,208,249,261,273,273],"floor_reached":16,"language":"ENG","playtime":735,"items_purged":[],"score":118,"play_id":"2e6d7383-db70-480e-847b-e0b28b580714","local_time":"20210208232456","is_ascension_mode":false,"campfire_choices":[{"data":"MadScienceMod:FragmentationGrenade","floor":6,"key":"SMITH"},{"floor":13,"key":"REST"},{"floor":15,"key":"REST"}],"circlet_count":0,"master_deck":["MadScienceMod:Strike_MadScience","MadScienceMod:Strike_MadScience","MadScienceMod:Strike_MadScience","MadScienceMod:Strike_MadScience","MadScienceMod:Defend_MadScience","MadScienceMod:Defend_MadScience+1","MadScienceMod:Defend_MadScience+1","MadScienceMod:Defend_MadScience","MadScienceMod:PoweredStrike","MadScienceMod:HideBehindJunk","MadScienceMod:FlameCannon","MadScienceMod:Weaponize","MadScienceMod:AutoStrike","MadScienceMod:FragmentationGrenade+1","MadScienceMod:MinatureWeapons","MadScienceMod:Bayonet","MadScienceMod:Refuel","MadScienceMod:FragmentationGrenade","MadScienceMod:Refuel"],"relics":["MadScienceMod:FuelTank","MawBank","Odd Mushroom","Mummified Hand","Question Card","Bottled Lightning"],"acts_visited":["Exordium"],"potions_floor_usage":[11,16],"damage_taken":[{"damage":0,"enemies":"Small Slimes","floor":1,"turns":3},{"damage":0,"enemies":"2 Louse","floor":3,"turns":2},{"damage":2,"enemies":"Jaw Worm","floor":4,"turns":4},{"damage":41,"enemies":"Gremlin Nob","floor":7,"turns":5},{"damage":8,"enemies":"The Mushroom Lair","floor":8,"turns":3},{"damage":14,"enemies":"3 Sentries","floor":11,"turns":5},{"damage":0,"enemies":"Lots of Slimes","floor":12,"turns":3},{"damage":12,"enemies":"Lagavulin","floor":14,"turns":7},{"damage":48,"enemies":"The Guardian","floor":16,"turns":9}],"seed_played":"-971856477170696470","potions_obtained":[{"floor":4,"key":"sneckomod:MuddlingPotion"},{"floor":7,"key":"PowerPotion"},{"floor":8,"key":"Ancient Potion"},{"floor":14,"key":"DuplicationPotion"}],"is_trial":false,"path_per_floor":["M","?","M","M","$","R","E","?","T","?","E","M","R","E","R","B"],"character_chosen":"MAD_SCIENTIST","items_purchased":["MadScienceMod:FragmentationGrenade","MadScienceMod:MinatureWeapons"],"campfire_rested":2,"item_purchase_floors":[5,5],"current_hp_per_floor":[82,87,87,85,85,85,44,36,36,19,5,5,31,19,45,0,0],"gold":273,"neow_bonus":"TEN_PERCENT_HP_BONUS","is_daily":false,"chose_seed":false,"campfire_upgraded":1,"win_rate":0.0,"timestamp":1612844696,"path_taken":["M","?","M","M","$","R","E","?","T","?","E","M","R","E","R","BOSS"],"items_purchased_type":["Card","Card"],"build_version":"2020-12-22","purchased_purges":0,"victory":false,"max_hp_per_floor":[82,87,87,87,87,87,87,87,87,87,87,87,87,87,87,87,87],"card_choices":[{"not_picked":["MadScienceMod:ShrinkRay","MadScienceMod:MechanicalClaw"],"picked":"MadScienceMod:FlameCannon","floor":1},{"not_picked":["MadScienceMod:Redesign","MadScienceMod:FlameThrower"],"picked":"MadScienceMod:Weaponize","floor":3},{"not_picked":["MadScienceMod:FragmentationGrenade","MadScienceMod:EnergyBarrier"],"picked":"MadScienceMod:AutoStrike","floor":4},{"not_picked":["MadScienceMod:LightOnFire","MadScienceMod:Virus"],"picked":"MadScienceMod:Bayonet","floor":7},{"not_picked":["MadScienceMod:FlameCannon","MadScienceMod:ParticleBeam"],"picked":"MadScienceMod:Refuel","floor":11},{"not_picked":["MadScienceMod:Browse","MadScienceMod:Redesign","MadScienceMod:OmniHammer"],"picked":"MadScienceMod:FragmentationGrenade","floor":12},{"not_picked":["MadScienceMod:MindControlBeam","MadScienceMod:NowOrNever","MadScienceMod:Virus"],"picked":"MadScienceMod:Refuel","floor":14}],"player_experience":748750,"relics_obtained":[{"floor":7,"key":"MawBank"},{"floor":8,"key":"Odd Mushroom"},{"floor":9,"key":"Mummified Hand"},{"floor":11,"key":"Question Card"},{"floor":14,"key":"Bottled Lightning"}],"event_choices":[{"damage_healed":0,"gold_gain":0,"player_choice":"Donut","damage_taken":0,"max_hp_gain":5,"max_hp_loss":0,"event_name":"Big Fish","floor":2,"gold_loss":0},{"damage_healed":0,"gold_gain":0,"player_choice":"Fought Mushrooms","damage_taken":0,"max_hp_gain":0,"max_hp_loss":0,"event_name":"Mushrooms","floor":8,"gold_loss":0},{"damage_healed":0,"gold_gain":0,"player_choice":"Entered Light","damage_taken":17,"max_hp_gain":0,"max_hp_loss":0,"event_name":"Shining Light","floor":10,"gold_loss":0,"cards_upgraded":["MadScienceMod:Defend_MadScience","MadScienceMod:Defend_MadScience"]}],"is_beta":false,"boss_relics":[],"items_purged_floors":[],"is_endless":false,"potions_floor_spawned":[4,7,8,14],"killed_by":"The Guardian","ascension_level":0}}