{"host":"my4gslufyvqsq7r2","time":1612904396,"event":{"mods":["BaseMod","Colored Powertips","Hubris","Infinite Spire","Minty Spire (QoL Compilation)","Replay The Spire","StSLib"],"gold_per_floor":[113,113,113,91,108,108,27,27,27,37,37,55,55,69,69,172,172,189,189,207,207,226,258,258,158,182,182,202,217,251,251,251,251,251],"floor_reached":33,"language":"ENG","playtime":1306,"items_purged":[],"score":275,"play_id":"d0a8b928-7e29-4016-b40f-eae4b86ebf40","local_time":"20210209155956","is_ascension_mode":false,"campfire_choices":[{"data":"Replay:Undeath\u0027s Touch","floor":6,"key":"SMITH"},{"floor":11,"key":"REST"},{"data":"Infernal Blade","floor":13,"key":"SMITH"},{"data":"Inflame","floor":15,"key":"SMITH"},{"floor":24,"key":"REST"},{"floor":27,"key":"REST"}],"circlet_count":0,"master_deck":["Strike_R","Strike_R","Strike_R","Defend_R","Defend_R+1","Defend_R","Bash+1","Spot Weakness+1","Replay:Undeath\u0027s Touch+1","Infernal Blade+1","Inflame+1","Anger","Limit Break","Bloodletting","Heavy Blade","Replay:Undeath\u0027s Touch","Burning Pact","Rage"],"relics":["Burning Blood","ReplayFunnel","Empty Cage","MutagenicStrength","Replay:Towering Pillar of Hats","Frozen Egg 2","ReplayTheSpireMod:Spearhead","TungstenRod"],"acts_visited":["Exordium","TheCity"],"potions_floor_usage":[22,30,33],"damage_taken":[{"damage":0,"enemies":"Small Slimes","floor":1,"turns":3},{"damage":11,"enemies":"Jaw Worm","floor":5,"turns":3},{"damage":7,"enemies":"2 Louse","floor":10,"turns":2},{"damage":7,"enemies":"Looter","floor":12,"turns":2},{"damage":0,"enemies":"Exordium Wildlife","floor":14,"turns":4},{"damage":10,"enemies":"Slime Boss","floor":16,"turns":7},{"damage":27,"enemies":"3 Byrds","floor":18,"turns":6},{"damage":9,"enemies":"Chosen","floor":20,"turns":2},{"damage":51,"enemies":"Shelled Parasite and Fungi","floor":22,"turns":5},{"damage":25,"enemies":"Gremlin Leader","floor":23,"turns":4},{"damage":15,"enemies":"Centurion and Healer","floor":28,"turns":4},{"damage":7,"enemies":"Snecko","floor":29,"turns":4},{"damage":26,"enemies":"Book of Stabbing","floor":30,"turns":4},{"damage":50,"enemies":"Champ","floor":33,"turns":7}],"seed_played":"595515597797335753","potions_obtained":[{"floor":1,"key":"SpeedPotion"},{"floor":5,"key":"LiquidMemories"},{"floor":10,"key":"BloodPotion"},{"floor":23,"key":"LifebloodPotion"}],"is_trial":false,"path_per_floor":["M","?","?","$","M","R","$","?","T","M","R","M","R","M","R","B",null,"M","?","M","?","M","E","R","?","T","R","M","M","E","?","R","B"],"character_chosen":"IRONCLAD","items_purchased":["Replay:Undeath\u0027s Touch","Inflame"],"campfire_rested":3,"item_purchase_floors":[4,7],"current_hp_per_floor":[88,88,88,88,83,83,83,65,65,64,88,87,87,88,88,84,88,67,67,64,64,36,17,43,43,43,69,60,59,39,44,44,0,0],"gold":251,"neow_bonus":"TEN_PERCENT_HP_BONUS","is_daily":false,"chose_seed":false,"campfire_upgraded":3,"win_rate":0.0,"timestamp":1612904396,"path_taken":["M","?","?","?","M","R","$","?","T","M","R","M","R","M","R","BOSS","M","?","M","?","M","E","R","?","T","R","?","M","E","?","R","BOSS"],"items_purchased_type":["Card","Card"],"build_version":"2020-12-22","purchased_purges":0,"victory":false,"max_hp_per_floor":[88,88,88,88,88,88,88,88,88,88,88,88,88,88,88,88,88,88,88,88,88,88,88,88,88,88,88,88,88,88,88,88,88,88],"card_choices":[{"not_picked":["Twin Strike","Sever Soul"],"picked":"Spot Weakness","floor":1},{"not_picked":["Headbutt","ReplayReversal"],"picked":"Infernal Blade","floor":5},{"not_picked":["Havoc","Clothesline"],"picked":"Anger","floor":10},{"not_picked":["Perfected Strike","Iron Wave","Anger"],"picked":"SKIP","floor":12},{"not_picked":["Clash","Sever Soul","Warcry"],"picked":"SKIP","floor":14},{"not_picked":["Eclipse","Brutality"],"picked":"Limit Break","floor":16},{"not_picked":["True Grit+1","Twin Strike"],"picked":"Bloodletting","floor":18},{"not_picked":["Cleave+1","Seeing Red"],"picked":"Heavy Blade","floor":20},{"not_picked":["Spot Weakness","Searing Blow"],"picked":"Replay:Undeath\u0027s Touch","floor":22},{"not_picked":["Berserk","Body Slam"],"picked":"Replay:Undeath\u0027s Touch","floor":23},{"not_picked":["Iron Wave","Sever Soul","Pommel Strike+1"],"picked":"SKIP","floor":28},{"not_picked":["ReplayTheSpireMod:Strike From Hell+1","Perfected Strike+1","Shrug It Off"],"picked":"SKIP","floor":29},{"not_picked":["ReplayTheSpireMod:Corrosion Curse","Perfected Strike+1"],"picked":"Burning Pact","floor":30}],"player_experience":448747,"relics_obtained":[{"floor":9,"key":"ReplayFunnel"},{"floor":23,"key":"Replay:Towering Pillar of Hats"},{"floor":26,"key":"ReplayTheSpireMod:Spearhead"},{"floor":30,"key":"TungstenRod"}],"event_choices":[{"damage_healed":0,"gold_gain":0,"player_choice":"Grow","damage_taken":0,"max_hp_gain":0,"max_hp_loss":0,"event_name":"Living Wall","floor":2,"gold_loss":0,"cards_upgraded":["Spot Weakness"]},{"damage_healed":0,"gold_gain":0,"player_choice":"Ignored","damage_taken":0,"max_hp_gain":0,"max_hp_loss":0,"event_name":"Golden Idol","floor":3,"gold_loss":0},{"damage_healed":0,"gold_gain":0,"player_choice":"Entered Light","damage_taken":18,"max_hp_gain":0,"max_hp_loss":0,"event_name":"Shining Light","floor":8,"gold_loss":0,"cards_upgraded":["Defend_R","Bash"]},{"damage_healed":0,"gold_gain":0,"player_choice":"Inject Mutagens","damage_taken":0,"relics_obtained":["MutagenicStrength"],"max_hp_gain":0,"max_hp_loss":0,"event_name":"Drug Dealer","floor":19,"gold_loss":0},{"damage_healed":0,"gold_gain":0,"player_choice":"Ignored","damage_taken":0,"max_hp_gain":0,"max_hp_loss":0,"event_name":"The Mausoleum","floor":21,"gold_loss":0},{"damage_healed":0,"gold_gain":0,"player_choice":"Paid Gold","damage_taken":0,"relics_obtained":["Frozen Egg 2"],"max_hp_gain":0,"max_hp_loss":0,"event_name":"WeMeetAgain","floor":25,"gold_loss":100},{"cards_removed":["Replay:Undeath\u0027s Touch"],"damage_healed":5,"gold_gain":0,"player_choice":"Offered Common","damage_taken":0,"max_hp_gain":0,"max_hp_loss":0,"event_name":"Bonfire Elementals","floor":31,"gold_loss":0},{"cards_removed":["Replay:Undeath\u0027s Touch"],"damage_healed":5,"gold_gain":0,"player_choice":"Offered Special","damage_taken":0,"max_hp_gain":0,"max_hp_loss":0,"event_name":"Bonfire Elementals","floor":31,"gold_loss":0}],"is_beta":false,"boss_relics":[{"not_picked":["hubris:HollowSoul","hubris:VirtuousBlindfold"],"picked":"Empty Cage"}],"items_purged_floors":[],"is_endless":false,"potions_floor_spawned":[1,5,10,16,18,20,23],"killed_by":"Champ","ascension_level":0}}