{"host":"37ccm3d17clopct7","time":1612847316,"event":{"mods":["BaseMod","GungeonMod","Hermit","Lobotomy","Minty Spire (QoL Compilation)","StSLib","The Bug Knight","The Cursed","The Hierophant","The Jungle","The Runesmith"],"gold_per_floor":[113,113,113,125,136,167,167,195,242,257,269,269,286,298,298,401,401,412,412,412,412,79,79,107,118,118,98,98,98],"floor_reached":28,"language":"KOR","playtime":1415,"items_purged":["TheCursedMod:Defend_TheCursed"],"score":287,"play_id":"6134f1e4-0d64-4d07-a61d-bd47d3019712","local_time":"20210209140836","is_ascension_mode":true,"campfire_choices":[{"floor":7,"key":"REST"},{"data":"TheCursedMod:FleshFromBone","floor":12,"key":"SMITH"},{"data":"TheCursedMod:HellfireBreathing","floor":15,"key":"SMITH"},{"data":"TheCursedMod:CursedWand","floor":23,"key":"SMITH"}],"circlet_count":0,"master_deck":["TheCursedMod:Strike_TheCursed","TheCursedMod:Strike_TheCursed","TheCursedMod:Strike_TheCursed","TheCursedMod:Strike_TheCursed","TheCursedMod:Defend_TheCursed+1","TheCursedMod:Defend_TheCursed","TheCursedMod:Defend_TheCursed","TheCursedMod:CursedWand+1","TheCursedMod:CleanUpWorkshop+1","TheCursedMod:Dregs","TheCursedMod:VitalStrike","TheCursedMod:SurpriseAttack","TheCursedMod:FleshFromBone+1","TheCursedMod:CursedShiv","TheCursedMod:VoidForm","TheCursedMod:Mangle","TheCursedMod:SpitefulStrike","TheCursedMod:HellfireBreathing+1","TheCursedMod:TacticalStrike","TheCursedMod:WearCloak","RitualDagger","TheCursedMod:TroublousMinions","TheCursedMod:CursedSpellbook"],"relics":["TheCursedMod:BlackMagic101","Bag of Preparation","PreservedInsect","DemoMod:Metronome","Dream Catcher","Black Star","Incense Burner","DemoMod:OrangeGuonStone","DemoMod:WhiteGuonStone","TheCursedMod:BloodyHarpoon","DemoMod:GlassGuonStoneRelic","Pear"],"acts_visited":["Exordium","TheCity"],"potions_floor_usage":[16,16,24,28],"damage_taken":[{"damage":0,"enemies":"2 Louse","floor":1,"turns":2},{"damage":2,"enemies":"Jaw Worm","floor":4,"turns":3},{"damage":0,"enemies":"Small Slimes","floor":5,"turns":2},{"damage":12,"enemies":"HollowMod:MossKnight","floor":6,"turns":18},{"damage":0,"enemies":"3 Sentries","floor":8,"turns":8},{"damage":0,"enemies":"2 Fungi Beasts","floor":10,"turns":4},{"damage":0,"enemies":"Blue Slaver","floor":11,"turns":3},{"damage":1,"enemies":"Red Slaver","floor":13,"turns":4},{"damage":5,"enemies":"Large Slime","floor":14,"turns":4},{"damage":24,"enemies":"Slime Boss","floor":16,"turns":8},{"damage":7,"enemies":"Spheric Guardian","floor":18,"turns":4},{"damage":49,"enemies":"Book of Stabbing","floor":24,"turns":6},{"damage":21,"enemies":"Shell Parasite","floor":25,"turns":5},{"damage":20,"enemies":"Gremlin Leader","floor":28,"turns":4}],"seed_played":"5107394334576312514","potions_obtained":[{"floor":5,"key":"SkillPotion"},{"floor":6,"key":"DemoMod:LeadSkinPotion"},{"floor":10,"key":"Regen Potion"},{"floor":27,"key":"Strength Potion"}],"is_trial":false,"path_per_floor":["M","?","?","M","M","E","R","E","T","M","M","R","M","M","R","B",null,"M","?","?","T","$","R","E","M","T","?","E"],"character_chosen":"THE_CURSED","items_purchased":["DemoMod:OrangeGuonStone"],"campfire_rested":1,"item_purchase_floors":[22],"current_hp_per_floor":[75,75,60,58,58,46,68,68,68,68,68,68,67,62,62,38,75,68,62,62,62,62,62,25,4,14,14,0,0],"gold":98,"neow_bonus":"RANDOM_COMMON_RELIC","is_daily":false,"chose_seed":false,"campfire_upgraded":3,"win_rate":0.0,"timestamp":1612847316,"path_taken":["M","?","?","?","M","E","R","E","T","M","M","R","M","M","R","BOSS","M","?","?","?","$","R","E","?","T","?","E"],"items_purchased_type":["Relic"],"build_version":"2020-12-22","purchased_purges":1,"victory":false,"max_hp_per_floor":[75,75,75,75,75,75,75,75,75,75,75,75,75,75,75,75,75,75,75,75,75,75,75,75,75,85,85,85,85],"card_choices":[{"not_picked":["TheCursedMod:CursedMace","TheCursedMod:RavingStaff"],"picked":"TheCursedMod:VitalStrike","floor":1},{"not_picked":["TheCursedMod:CursedStaff","TheCursedMod:VitalStrike"],"picked":"TheCursedMod:SurpriseAttack","floor":4},{"not_picked":["TheCursedMod:ReleasedKnowledge","TheCursedMod:Obscuration"],"picked":"TheCursedMod:FleshFromBone","floor":5},{"not_picked":["TheCursedMod:BloodBarrier","TheCursedMod:VitalStrike"],"picked":"TheCursedMod:CursedShiv","floor":6},{"not_picked":["TheCursedMod:SpitefulPlan","TheCursedMod:Torture"],"picked":"TheCursedMod:VoidForm","floor":8},{"not_picked":["TheCursedMod:CursedSpellbook","TheCursedMod:CursedAmulet"],"picked":"TheCursedMod:Mangle","floor":10},{"not_picked":["TheCursedMod:VitalStrike","TheCursedMod:StunningStrike"],"picked":"TheCursedMod:SpitefulStrike","floor":11},{"not_picked":["TheCursedMod:WearCloak","TheCursedMod:Stretching"],"picked":"TheCursedMod:HellfireBreathing","floor":13},{"not_picked":["TheCursedMod:RapidMovement","TheCursedMod:SpitefulStrike"],"picked":"TheCursedMod:TacticalStrike","floor":14},{"not_picked":["TheCursedMod:CursedBlade","TheCursedMod:Obscuration+1"],"picked":"TheCursedMod:WearCloak","floor":18},{"not_picked":["TheCursedMod:FleshFromBone","TheCursedMod:SpreadPlague"],"picked":"TheCursedMod:TroublousMinions","floor":24},{"not_picked":["TheCursedMod:CircleOfCorruption+1","TheCursedMod:Torture"],"picked":"TheCursedMod:CursedSpellbook","floor":25}],"player_experience":143968,"relics_obtained":[{"floor":6,"key":"PreservedInsect"},{"floor":8,"key":"DemoMod:Metronome"},{"floor":9,"key":"Dream Catcher"},{"floor":21,"key":"Incense Burner"},{"floor":24,"key":"DemoMod:WhiteGuonStone"},{"floor":24,"key":"TheCursedMod:BloodyHarpoon"},{"floor":26,"key":"Pear"}],"event_choices":[{"damage_healed":0,"gold_gain":0,"player_choice":"Ignored","damage_taken":0,"max_hp_gain":0,"max_hp_loss":0,"event_name":"Liars Game","floor":2,"gold_loss":0},{"damage_healed":0,"gold_gain":0,"player_choice":"Entered Light","damage_taken":15,"max_hp_gain":0,"max_hp_loss":0,"event_name":"Shining Light","floor":3,"gold_loss":0,"cards_upgraded":["TheCursedMod:Defend_TheCursed","TheCursedMod:CleanUpWorkshop"]},{"damage_healed":0,"gold_gain":0,"player_choice":"Joined the Cult","damage_taken":6,"max_hp_gain":0,"max_hp_loss":0,"event_name":"Nest","floor":19,"gold_loss":0,"cards_obtained":["RitualDagger"]},{"damage_healed":0,"gold_gain":0,"player_choice":"Ignored","damage_taken":0,"max_hp_gain":0,"max_hp_loss":0,"event_name":"Vampires","floor":20,"gold_loss":0},{"damage_healed":0,"gold_gain":0,"player_choice":"Bought 1 Potion","damage_taken":0,"max_hp_gain":0,"max_hp_loss":0,"event_name":"The Woman in Blue","floor":27,"gold_loss":0}],"is_beta":false,"boss_relics":[{"not_picked":["Astrolabe","SacredBark"],"picked":"Black Star"}],"items_purged_floors":[22],"is_endless":false,"potions_floor_spawned":[5,6,10,14],"killed_by":"Gremlin Leader","ascension_level":1}}