{"host":"bgyhjzqafgkxdxsh","time":1612863355,"event":{"mods":["BaseMod","Colored Map","Minty Spire (QoL Compilation)","Relic Stats","StSLib","everything is the same but u backflip on backflip"],"gold_per_floor":[114,129,140,159,179,179,179],"floor_reached":6,"language":"ENG","playtime":304,"items_purged":[],"score":66,"play_id":"08d7ce30-cfd4-4eed-a51d-e18a8edf34a9","local_time":"20210209193555","is_ascension_mode":true,"campfire_choices":[],"circlet_count":0,"master_deck":["AscendersBane","Strike_G","Strike_G","Strike_G","Strike_G","Strike_G","Defend_G","Defend_G","Defend_G","Defend_G","Defend_G","Survivor","Neutralize","Wraith Form v2","Dagger Throw","Quick Slash","Terror","All Out Attack","Adrenaline"],"relics":["Ring of the Snake"],"acts_visited":["Exordium"],"potions_floor_usage":[4,6],"damage_taken":[{"damage":33,"enemies":"Jaw Worm","floor":1,"turns":8},{"damage":1,"enemies":"Small Slimes","floor":2,"turns":4},{"damage":1,"enemies":"Cultist","floor":3,"turns":4},{"damage":9,"enemies":"Blue Slaver","floor":4,"turns":4},{"damage":6,"enemies":"Exordium Wildlife","floor":5,"turns":2},{"damage":13,"enemies":"3 Sentries","floor":6,"turns":4}],"seed_played":"-1926621024336534286","potions_obtained":[{"floor":2,"key":"Swift Potion"},{"floor":4,"key":"SkillPotion"}],"is_trial":false,"path_per_floor":["M","M","M","M","M","E"],"character_chosen":"THE_SILENT","items_purchased":[],"campfire_rested":0,"item_purchase_floors":[],"current_hp_per_floor":[30,29,28,19,13,0,0],"gold":179,"neow_bonus":"THREE_RARE_CARDS","is_daily":false,"chose_seed":false,"campfire_upgraded":0,"win_rate":0.0,"timestamp":1612863355,"path_taken":["M","M","M","M","M","E"],"items_purchased_type":[],"build_version":"2020-12-22","purchased_purges":0,"victory":false,"max_hp_per_floor":[63,63,63,63,63,63,63],"relic_stats":{"counters":[6,26],"obtain_stats":[{"Ring of the Snake":0},{"Ring of the Snake":0},{"Ring of the Snake":0}],"Ring of the Snake":[12]},"card_choices":[{"not_picked":["After Image","Tools of the Trade"],"picked":"Wraith Form v2","floor":0},{"not_picked":["Bane","Endless Agony"],"picked":"Dagger Throw","floor":1},{"not_picked":["Poisoned Stab","Dodge and Roll"],"picked":"Quick Slash","floor":2},{"not_picked":["Cloak And Dagger","Outmaneuver"],"picked":"Terror","floor":3},{"not_picked":["Dodge and Roll","Deadly Poison"],"picked":"All Out Attack","floor":4},{"not_picked":["Deflect","Backflip"],"picked":"Adrenaline","floor":5}],"player_experience":493564,"relics_obtained":[],"event_choices":[],"is_beta":false,"boss_relics":[],"items_purged_floors":[],"is_endless":false,"potions_floor_spawned":[2,4],"killed_by":"3 Sentries","ascension_level":13}}