{"host":"rmsq46plbpwfbxcc","time":1612887515,"event":{"mods":["AchievementEnabler","BaseMod","Colored Map","Colored Powertips","DeckTracker","KOR Keyword Fix","Minty Spire (QoL Compilation)","Permanent Neow","Quick Restart","SuperFastMode"],"gold_per_floor":[109,34,44,70,83,83,109,109,136,136,169,188,200,200,200],"floor_reached":14,"language":"KOR","playtime":408,"items_purged":["Strike_G"],"score":180,"play_id":"4aacd500-0744-4097-9bfa-6f9493925594","local_time":"20210210011835","is_ascension_mode":true,"campfire_choices":[{"data":"Neutralize","floor":6,"key":"SMITH"},{"data":"Blade Dance","floor":8,"key":"SMITH"},{"data":"Finisher","floor":10,"key":"SMITH"}],"circlet_count":0,"master_deck":["AscendersBane","Strike_G","Strike_G","Strike_G","Strike_G","Defend_G","Defend_G","Defend_G","Defend_G","Defend_G","Survivor","Neutralize+1","Finisher+1","PiercingWail","Masterful Stab","Blade Dance+1","Backflip","Tactician"],"relics":["Coffee Dripper","Art of War","White Beast Statue","Oddly Smooth Stone","Ancient Tea Set"],"acts_visited":["Exordium"],"potions_floor_usage":[5,14],"damage_taken":[{"damage":1,"enemies":"Cultist","floor":1,"turns":5},{"damage":0,"enemies":"2 Louse","floor":3,"turns":2},{"damage":1,"enemies":"Jaw Worm","floor":5,"turns":6},{"damage":32,"enemies":"3 Sentries","floor":7,"turns":13},{"damage":4,"enemies":"Lagavulin","floor":11,"turns":6},{"damage":0,"enemies":"Large Slime","floor":12,"turns":5},{"damage":7,"enemies":"Blue Slaver","floor":13,"turns":2},{"damage":21,"enemies":"3 Sentries","floor":14,"turns":4}],"seed_played":"-3135026679270308881","potions_obtained":[{"floor":1,"key":"Swift Potion"},{"floor":11,"key":"PowerPotion"},{"floor":12,"key":"Energy Potion"}],"is_trial":false,"path_per_floor":["M","$","M","T","M","R","E","R","T","R","E","M","M","E"],"character_chosen":"THE_SILENT","items_purchased":[],"campfire_rested":0,"item_purchase_floors":[],"current_hp_per_floor":[58,58,58,58,57,57,25,25,25,25,21,21,14,0,0],"gold":200,"neow_bonus":"BOSS_RELIC","is_daily":false,"chose_seed":false,"campfire_upgraded":3,"win_rate":0.0,"timestamp":1612887515,"path_taken":["M","?","M","?","M","R","E","R","T","R","E","M","M","E"],"items_purchased_type":[],"build_version":"2020-12-22","purchased_purges":1,"victory":false,"max_hp_per_floor":[66,66,66,66,66,66,66,66,66,66,66,66,66,66,66],"card_choices":[{"not_picked":["Skewer","Cloak And Dagger"],"picked":"Finisher","floor":1},{"not_picked":["Blur","Setup"],"picked":"PiercingWail","floor":3},{"not_picked":["Deflect","Dagger Spray"],"picked":"Masterful Stab","floor":5},{"not_picked":["Outmaneuver","Masterful Stab"],"picked":"Blade Dance","floor":7},{"not_picked":["Outmaneuver","Quick Slash"],"picked":"Backflip","floor":11},{"not_picked":["Poisoned Stab","Backflip"],"picked":"Tactician","floor":12},{"not_picked":["Prepared","Noxious Fumes","Backflip"],"picked":"SKIP","floor":13}],"player_experience":677993,"relics_obtained":[{"floor":4,"key":"Art of War"},{"floor":7,"key":"White Beast Statue"},{"floor":9,"key":"Oddly Smooth Stone"},{"floor":11,"key":"Ancient Tea Set"}],"event_choices":[],"is_beta":false,"boss_relics":[],"items_purged_floors":[2],"is_endless":false,"potions_floor_spawned":[1,11,12,13],"killed_by":"3 Sentries","ascension_level":16}}