{"host":"9n6i2vl93jt4o42q","time":1612892430,"event":{"mods":["BaseMod","Minty Spire (QoL Compilation)","Relic Stats"],"gold_per_floor":[212,227,227,239,1,1,32,44,104,149,178,190,216,254,266,350,362,386,416,445,475,13,13,13,13,13],"floor_reached":25,"language":"ENG","playtime":3397,"items_purged":["Pain"],"score":546,"play_id":"004aad08-6f3f-41fe-97b3-7548c44f5ac5","local_time":"20210209184030","is_ascension_mode":true,"campfire_choices":[{"data":"Zap","floor":6,"key":"SMITH"},{"floor":8,"key":"REST"},{"floor":12,"key":"REST"},{"data":"Evaluate","floor":15,"key":"SMITH"},{"data":"Machine Learning","floor":23,"key":"SMITH"}],"circlet_count":0,"master_deck":["AscendersBane","Zap+1","Dualcast","Melter","Conserve Battery","Sweeping Beam","Consecrate","Cold Snap","Evaluate+1","Ball Lightning","Glass Knife","Glacier","Cold Snap","White Noise","Reprogram","Storm","Creative AI","Hello World","Biased Cognition","Concentrate","Turbo","Machine Learning+1"],"relics":["Cracked Core","WarpedTongs","PrismaticShard","MawBank","Orichalcum","StrikeDummy","Vajra","Pandora\u0027s Box","Lantern","Toolbox"],"acts_visited":["Exordium","TheCity"],"potions_floor_usage":[25],"damage_taken":[{"damage":1,"enemies":"2 Louse","floor":1,"turns":2},{"damage":1,"enemies":"Cultist","floor":2,"turns":3},{"damage":13,"enemies":"Small Slimes","floor":4,"turns":3},{"damage":28,"enemies":"3 Sentries","floor":7,"turns":8},{"damage":7,"enemies":"Lagavulin","floor":10,"turns":5},{"damage":9,"enemies":"Red Slaver","floor":11,"turns":2},{"damage":1,"enemies":"Looter","floor":13,"turns":3},{"damage":23,"enemies":"Gremlin Nob","floor":14,"turns":4},{"damage":0,"enemies":"Hexaghost","floor":16,"turns":8},{"damage":0,"enemies":"Chosen","floor":18,"turns":3},{"damage":13,"enemies":"2 Thieves","floor":19,"turns":4},{"damage":1,"enemies":"Centurion and Healer","floor":20,"turns":8},{"damage":7,"enemies":"Sentry and Sphere","floor":21,"turns":6},{"damage":29,"enemies":"Slavers","floor":25,"turns":2}],"seed_played":"214791875179402995","potions_obtained":[{"floor":1,"key":"DuplicationPotion"},{"floor":10,"key":"ColorlessPotion"},{"floor":13,"key":"CultistPotion"},{"floor":18,"key":"Energy Potion"}],"is_trial":false,"path_per_floor":["M","M","?","M","$","R","E","R","T","E","M","R","M","E","R","B",null,"M","M","M","M","$","R","?","E"],"character_chosen":"DEFECT","items_purchased":["PrismaticShard","Turbo","Machine Learning","Lantern","Toolbox"],"campfire_rested":2,"item_purchase_floors":[5,22,22,22,22],"current_hp_per_floor":[63,62,62,49,49,49,21,42,42,35,26,47,46,23,23,23,59,59,46,45,38,38,38,28,0,0],"gold":13,"neow_bonus":"HUNDRED_GOLD","is_daily":false,"chose_seed":false,"campfire_upgraded":3,"win_rate":0.0,"timestamp":1612892430,"path_taken":["M","M","?","M","$","R","E","R","T","E","M","R","M","E","R","BOSS","M","M","?","M","$","R","?","E"],"items_purchased_type":["Relic","Card","Card","Relic","Relic"],"build_version":"2020-12-22","purchased_purges":1,"victory":false,"max_hp_per_floor":[71,71,71,71,71,71,71,71,71,71,71,71,71,71,71,71,71,71,71,71,71,71,71,71,71,71],"relic_stats":{"counters":[14,61],"Pandora\u0027s Box":["Glacier","Cold Snap","White Noise","Reprogram","Storm","Creative AI","Hello World","Biased Cognition"],"Orichalcum":[48],"MawBank":180,"obtain_stats":[{"Lantern":22,"Vajra":14,"Toolbox":22,"Pandora\u0027s Box":17,"Orichalcum":9,"Cracked Core":0,"PrismaticShard":5,"MawBank":7,"StrikeDummy":10,"WarpedTongs":3},{"Lantern":13,"Vajra":8,"Toolbox":13,"Pandora\u0027s Box":9,"Orichalcum":4,"Cracked Core":0,"PrismaticShard":3,"MawBank":4,"StrikeDummy":5,"WarpedTongs":2},{"Lantern":59,"Vajra":30,"Toolbox":59,"Pandora\u0027s Box":38,"Orichalcum":16,"Cracked Core":0,"PrismaticShard":8,"MawBank":16,"StrikeDummy":21,"WarpedTongs":5}],"WarpedTongs":[55]},"card_choices":[{"not_picked":["Barrage","Turbo"],"picked":"Melter","floor":1},{"not_picked":["Hologram","Turbo"],"picked":"Conserve Battery","floor":2},{"not_picked":["Stack","Leap","Redo"],"picked":"SKIP","floor":4},{"not_picked":["Deadly Poison","Iron Wave"],"picked":"Sweeping Beam","floor":7},{"not_picked":["Sword Boomerang","LessonLearned"],"picked":"Consecrate","floor":10},{"not_picked":["Ball Lightning","BowlingBash"],"picked":"Cold Snap","floor":11},{"not_picked":["Noxious Fumes","Slice"],"picked":"Evaluate","floor":13},{"not_picked":["Entrench","Masterful Stab"],"picked":"Ball Lightning","floor":14},{"not_picked":["Night Terror","Buffer"],"picked":"Glass Knife","floor":16},{"not_picked":["Distraction","PathToVictory","Clothesline"],"picked":"SKIP","floor":18},{"not_picked":["Ball Lightning","Dodge and Roll","SignatureMove+1"],"picked":"SKIP","floor":19},{"not_picked":["Evolve","Headbutt"],"picked":"Concentrate","floor":20},{"not_picked":["Halt","Prepared","Disarm"],"picked":"SKIP","floor":21}],"player_experience":2545107,"relics_obtained":[{"floor":7,"key":"MawBank"},{"floor":9,"key":"Orichalcum"},{"floor":10,"key":"StrikeDummy"},{"floor":14,"key":"Vajra"}],"event_choices":[{"damage_healed":0,"gold_gain":0,"player_choice":"Rummage","damage_taken":0,"relics_obtained":["WarpedTongs"],"max_hp_gain":0,"max_hp_loss":0,"event_name":"Accursed Blacksmith","floor":3,"gold_loss":0,"cards_obtained":["Pain"]},{"damage_healed":0,"gold_gain":0,"player_choice":"Damaged","damage_taken":10,"max_hp_gain":0,"max_hp_loss":0,"event_name":"Wheel of Change","floor":24,"gold_loss":0}],"is_beta":false,"boss_relics":[{"not_picked":["Inserter","Busted Crown"],"picked":"Pandora\u0027s Box"}],"items_purged_floors":[5],"is_endless":false,"potions_floor_spawned":[1,10,13,16,18,20],"killed_by":"Slavers","ascension_level":20}}