{"host":"ttzdpsscxkem3xrs","time":1612847998,"event":{"mods":["BaseMod","Colored Map","Downfall","Minty Spire (QoL Compilation)","Replay The Spire","StSLib","The Cursed","The Hierophant"],"gold_per_floor":[124,165,200,200,200,212,212,137,161,65,65,84,84,104,104,147,174,150,179,179,179,136,136,210,210,235,235,280,119,119,156,156,302,302,363,238,247,270,397,397,509,509,555,662,694,783,1083,1206,1206,1206,1215,1224],"floor_reached":53,"language":"ENG","playtime":2102,"items_purged":["hierophant:Strike_Hierophant","TheCursedMod:Dregs","CommonCold"],"score":1362,"play_id":"092bf5ba-a19c-435c-88cf-365c07d39119","local_time":"20210208211957","is_ascension_mode":true,"campfire_choices":[{"floor":11,"key":"REST"},{"floor":13,"key":"REST"},{"data":"hierophant:EyeForCoin","floor":15,"key":"SMITH"},{"floor":23,"key":"REST"},{"floor":27,"key":"REST"},{"data":"hierophant:Mercenaries","floor":30,"key":"SMITH"},{"floor":32,"key":"REST"},{"floor":40,"key":"REST"},{"data":"ReplayUltimateDefense","floor":42,"key":"SMITH"}],"circlet_count":0,"master_deck":["hierophant:Strike_Hierophant","hierophant:Strike_Hierophant","hierophant:Punish","hierophant:Defend_Hierophant","hierophant:Defend_Hierophant","hierophant:ChurchCoffers","hierophant:Doubloon","hierophant:Charity+1","hierophant:Doubloon","hierophant:Remorse","hierophant:Doubloon","hierophant:Charity","hierophant:EyeForCoin+1","hierophant:Exaltation","hierophant:Mercenaries+1","hierophant:Doubloon","hierophant:FlamingChariot","hierophant:Doubloon+1","hierophant:Cornucopia","ReplayTheSpireMod:IOU","hierophant:Doubloon+1","hierophant:Repentance+1","hierophant:MorningPrayer+1","hierophant:Doubloon+1","hierophant:Endure+1","hierophant:RustyCrate+1","hierophant:Doubloon+1","hierophant:Doubloon+1","hierophant:ConvertCurrency+1","hierophant:Doubloon+1","hierophant:Embezzle+1","hierophant:Doubloon+1","hierophant:Doubloon+1","hierophant:Generosity","hierophant:Mercenaries+1","ReplayUltimateDefense+1","hierophant:Doubloon+1","hierophant:Doubloon+1","hierophant:Dazzle+1","hierophant:Doubloon+1","hierophant:Doubloon+1","hierophant:Charity+1","hierophant:WrathOfGod","hierophant:Doubloon+1"],"relics":["hierophant:PropheticMaskRelic","CeramicFish","ReplayTheSpireMod:Lightbulb","Orichalcum","Darkstone Periapt","Replay:Ancient Bell","Oddly Smooth Stone","Toxic Egg 2","Durian","Gremlin Horn","Simple Rune","Philosopher\u0027s Stone","Bird Faced Urn","Replay:Rubber Ducky","Strawberry","Unceasing Top"],"acts_visited":["Exordium","TheCity","TheBeyond"],"potions_floor_usage":[6,12,16,24,24,24,38,41,52],"damage_taken":[{"damage":10,"enemies":"Small Slimes","floor":1,"turns":3},{"damage":1,"enemies":"2 Louse","floor":2,"turns":2},{"damage":9,"enemies":"Jaw Worm","floor":3,"turns":3},{"damage":18,"enemies":"Gremlin Nob","floor":6,"turns":3},{"damage":0,"enemies":"Lagavulin","floor":12,"turns":3},{"damage":0,"enemies":"Exordium Wildlife","floor":14,"turns":1},{"damage":33,"enemies":"The Guardian","floor":16,"turns":9},{"damage":6,"enemies":"Chosen","floor":18,"turns":3},{"damage":32,"enemies":"3 Byrds","floor":19,"turns":4},{"damage":9,"enemies":"3 Cultists","floor":22,"turns":3},{"damage":11,"enemies":"Slavers","floor":24,"turns":2},{"damage":6,"enemies":"Centurion and Healer","floor":28,"turns":3},{"damage":33,"enemies":"Snake Plant","floor":31,"turns":3},{"damage":19,"enemies":"Collector","floor":33,"turns":4},{"damage":0,"enemies":"3 Shapes","floor":35,"turns":3},{"damage":12,"enemies":"3 Darklings","floor":38,"turns":4},{"damage":11,"enemies":"Mind Bloom Boss Battle","floor":39,"turns":3},{"damage":0,"enemies":"Reptomancer","floor":41,"turns":2},{"damage":0,"enemies":"Sphere and 2 Shapes","floor":44,"turns":2},{"damage":12,"enemies":"Writhing Mass","floor":45,"turns":4},{"damage":3,"enemies":"Giant Head","floor":46,"turns":4},{"damage":0,"enemies":"4 Shapes","floor":48,"turns":2},{"damage":95,"enemies":"Donu and Deca","floor":52,"turns":3}],"seed_played":"-6480917620937952685","potions_obtained":[{"floor":1,"key":"SteroidPotion"},{"floor":6,"key":"EntropicBrew"},{"floor":22,"key":"AttackPotion"},{"floor":31,"key":"sneckomod:MuddlingPotion"},{"floor":33,"key":"Swift Potion"},{"floor":39,"key":"ColorlessPotion"},{"floor":41,"key":"Languid Potion"},{"floor":44,"key":"SneckoOil"}],"is_trial":false,"path_per_floor":["M","M","M","?","?","E","?","$","T","$","R","E","R","M","R","B",null,"M","M","?","?","M","R","E","?","T","R","M","$","R","M","R","B",null,"M","$","?","M","?","R","E","R","T","M","M","E","?","M","PTL","PTL","R_BF","B",null],"character_chosen":"HIEROPHANT","items_purchased":["hierophant:Exaltation","hierophant:Mercenaries","hierophant:ConvertCurrency+1"],"campfire_rested":6,"item_purchase_floors":[10,10,29],"current_hp_per_floor":[65,64,55,55,40,22,22,22,22,22,44,44,66,66,66,33,98,92,60,60,60,51,80,69,69,69,98,92,92,92,59,88,69,98,98,98,93,81,70,98,98,98,105,105,99,100,100,105,105,105,105,14],"gold":1224,"neow_bonus":"RANDOM_COMMON_RELIC","is_daily":false,"chose_seed":false,"campfire_upgraded":3,"win_rate":0.0,"timestamp":1612847997,"path_taken":["M","M","M","?","?","E","?","$","T","$","R","E","R","M","R","BOSS","M","M","?","?","M","R","E","?","T","R","?","$","R","M","R","BOSS","M","$","?","M","?","R","E","R","T","M","M","E","?","?","PTL","PTL","R_BF","BOSS"],"items_purchased_type":["Card","Card","Card"],"build_version":"2020-12-22","purchased_purges":3,"victory":true,"max_hp_per_floor":[75,75,75,75,75,75,75,75,75,75,75,75,75,75,75,75,98,98,98,98,98,98,98,98,98,98,98,98,98,98,98,98,98,98,98,98,98,98,98,98,98,98,105,105,105,105,105,105,105,105,105,105],"card_choices":[{"not_picked":["hierophant:RecallFunds","hierophant:Shelter"],"picked":"hierophant:Charity","floor":1},{"not_picked":["hierophant:ArchangelShield","hierophant:Purify"],"picked":"hierophant:Remorse","floor":2},{"not_picked":["hierophant:BulkyChest","hierophant:Repentance"],"picked":"hierophant:Charity","floor":3},{"not_picked":["hierophant:OrnateBuckler","hierophant:WrathOfGod"],"picked":"hierophant:EyeForCoin","floor":6},{"not_picked":["hierophant:AuricForm","hierophant:OrnateBuckler"],"picked":"hierophant:FlamingChariot","floor":12},{"not_picked":["hierophant:ThreeLashes","hierophant:RepressedViolence","hierophant:HolyVerse"],"picked":"SKIP","floor":14},{"not_picked":["hierophant:MintersHammer","hierophant:Batter"],"picked":"hierophant:Cornucopia","floor":16},{"not_picked":["Writhe","Looming Evil"],"picked":"TheCursedMod:Dregs","floor":17},{"not_picked":["downfall:Aged","Replay:Hysterical Blindness"],"picked":"ReplayTheSpireMod:IOU","floor":17},{"not_picked":["Spreading Infection","Languid"],"picked":"CommonCold","floor":17},{"not_picked":["hierophant:Shelter+1","hierophant:Rebuild+1","hierophant:AuricShield+1"],"picked":"SKIP","floor":18},{"not_picked":["hierophant:FlamingChariot","hierophant:Encroach+1"],"picked":"hierophant:Repentance+1","floor":19},{"not_picked":["hierophant:Remorse","hierophant:PassingBell"],"picked":"hierophant:MorningPrayer+1","floor":22},{"not_picked":["hierophant:ArchangelShield","hierophant:Shelter+1"],"picked":"hierophant:Endure+1","floor":24},{"not_picked":["hierophant:Alms+1","hierophant:HolyVerse+1"],"picked":"hierophant:RustyCrate+1","floor":28},{"not_picked":["hierophant:FieryStrike","hierophant:Chorus+1"],"picked":"hierophant:Embezzle+1","floor":31},{"not_picked":["hierophant:Levitation+1","hierophant:Invocation+1"],"picked":"hierophant:Generosity","floor":33},{"not_picked":["hierophant:OrnateBuckler+1","hierophant:Endure+1"],"picked":"hierophant:Mercenaries+1","floor":35},{"not_picked":["Replay:Sssssssssstrike","Jack Of All Trades+1"],"picked":"ReplayUltimateDefense","floor":37},{"not_picked":["hierophant:PassingBell","hierophant:Alms+1","hierophant:ThreeLashes+1"],"picked":"SKIP","floor":38},{"not_picked":["hierophant:Sermon+1","hierophant:Shelter+1","hierophant:Endure+1"],"picked":"SKIP","floor":41},{"not_picked":["hierophant:Community","hierophant:DisplayOfPower+1","hierophant:SealAway"],"picked":"SKIP","floor":44},{"not_picked":["hierophant:FieryStrike+1","hierophant:Rebuild+1"],"picked":"hierophant:Dazzle+1","floor":45},{"not_picked":["hierophant:Bribe+1","hierophant:OrnateBuckler+1"],"picked":"hierophant:Charity+1","floor":46},{"not_picked":["hierophant:SealAway","hierophant:HammerAndAnvil+1","hierophant:PassingBell+1"],"picked":"SKIP","floor":48}],"player_experience":1400573,"relics_obtained":[{"floor":6,"key":"ReplayTheSpireMod:Lightbulb"},{"floor":9,"key":"Orichalcum"},{"floor":12,"key":"Darkstone Periapt"},{"floor":24,"key":"Gremlin Horn"},{"floor":26,"key":"Simple Rune"},{"floor":39,"key":"Bird Faced Urn"},{"floor":41,"key":"Replay:Rubber Ducky"},{"floor":43,"key":"Strawberry"},{"floor":46,"key":"Unceasing Top"}],"event_choices":[{"damage_healed":0,"gold_gain":0,"player_choice":"Entered Light","damage_taken":15,"max_hp_gain":0,"max_hp_loss":0,"event_name":"Shining Light","floor":5,"gold_loss":0,"cards_upgraded":["hierophant:Defend_Hierophant","hierophant:Charity"]},{"cards_removed":["hierophant:Defend_Hierophant"],"damage_healed":0,"gold_gain":0,"player_choice":"Forget","damage_taken":0,"max_hp_gain":0,"max_hp_loss":0,"event_name":"Living Wall","floor":7,"gold_loss":0},{"damage_healed":0,"gold_gain":0,"player_choice":"Ignored","damage_taken":0,"max_hp_gain":0,"max_hp_loss":0,"event_name":"Ghosts","floor":20,"gold_loss":0},{"damage_healed":0,"gold_gain":0,"player_choice":"Ignored","damage_taken":0,"max_hp_gain":0,"max_hp_loss":0,"event_name":"Vampires","floor":21,"gold_loss":0},{"damage_healed":0,"gold_gain":0,"player_choice":"Memory 2","damage_taken":5,"max_hp_gain":0,"max_hp_loss":0,"event_name":"SensoryStone","floor":37,"gold_loss":0},{"damage_healed":0,"gold_gain":0,"player_choice":"Fight","damage_taken":0,"max_hp_gain":0,"max_hp_loss":0,"event_name":"MindBloom","floor":39,"gold_loss":0},{"damage_healed":0,"gold_gain":300,"player_choice":"Gold","damage_taken":0,"max_hp_gain":0,"max_hp_loss":0,"event_name":"Wheel of Change","floor":47,"gold_loss":0}],"is_beta":false,"boss_relics":[{"not_picked":["Ectoplasm","Replay:Drink Me"],"picked":"Replay:Ancient Bell"},{"not_picked":["Bag of Marbles","Potion Belt"],"picked":"Oddly Smooth Stone"},{"not_picked":["Singing Bowl","Pear"],"picked":"Toxic Egg 2"},{"not_picked":["FossilizedHelix","Pondfish Scales"],"picked":"Durian"},{"not_picked":["Kintsugi","Astrolabe"],"picked":"Philosopher\u0027s Stone"}],"items_purged_floors":[8,29,36],"is_endless":false,"potions_floor_spawned":[1,6,12,22,31,33,39,41,44],"ascension_level":4}}