{"host":"og6lam4kt3nibbw0","time":1612900256,"event":{"mods":["AchievementEnabler","BaseMod","Colored Map","DeckTracker","Highlight Path","Keyboard Shortcuts","Minty Spire (QoL Compilation)","Permanent Neow","Quick Restart","StSLib","SuperFastMode"],"gold_per_floor":[113,188,188,113,133,160,160,180,180,211,211,211,211,211,211,288,288,304,317,333,258,73,73,102,102,183,183,58,58,92,92,92,169,169,179,29,39,64,75,75,103,117,163,163,163,163,163,198,213,213,213,213,213,213,10,45,45,45],"floor_reached":57,"language":"KOR","playtime":2455,"items_purged":["Strike_B","Strike_B","Defend_B","Rip and Tear+1"],"score":2314,"play_id":"088983c1-3e8d-4f44-83ca-0ed477904ca8","local_time":"20210210045056","is_ascension_mode":true,"campfire_choices":[{"floor":7.0,"key":"REST"},{"data":"Defend_B","floor":11.0,"key":"PURGE"},{"floor":13.0,"key":"REST"},{"data":"Pain","floor":15.0,"key":"PURGE"},{"floor":23.0,"key":"REST"},{"floor":25.0,"key":"REST"},{"data":"Strike_B","floor":27.0,"key":"PURGE"},{"data":"Dualcast","floor":32.0,"key":"SMITH"},{"data":"Fission","floor":40.0,"key":"SMITH"},{"floor":44.0,"key":"RECALL"},{"data":"Glacier","floor":45.0,"key":"SMITH"},{"data":"Turbo","floor":50.0,"key":"SMITH"},{"data":"Glacier","floor":54.0,"key":"SMITH"}],"circlet_count":0,"master_deck":["AscendersBane","Dualcast+1","Biased Cognition+1","Compile Driver+1","Cold Snap+1","Core Surge+1","Glacier+1","Turbo+1","Fission+1","Ball Lightning+1","Blizzard+1","Hologram+1","Glacier+1","Meteor Strike+1","Electrodynamics","Capacitor+1","Defragment","Loop"],"relics":["Cracked Core","Molten Egg 2","Sundial","Peace Pipe","Runic Pyramid","Red Mask","Bottled Flame","Nunchaku","Busted Crown","FossilizedHelix","Bag of Marbles","Dream Catcher","Whetstone","Pocketwatch"],"acts_visited":["Exordium","TheCity","TheBeyond","TheEnding"],"potions_floor_usage":[57],"damage_taken":[{"damage":3.0,"enemies":"Cultist","floor":1.0,"turns":3.0},{"damage":11.0,"enemies":"2 Louse","floor":5.0,"turns":2.0},{"damage":21.0,"enemies":"Gremlin Nob","floor":6.0,"turns":4.0},{"damage":5.0,"enemies":"Jaw Worm","floor":8.0,"turns":3.0},{"damage":7.0,"enemies":"3 Sentries","floor":10.0,"turns":8.0},{"damage":14.0,"enemies":"Slime Boss","floor":16.0,"turns":18.0},{"damage":14.0,"enemies":"Shell Parasite","floor":18.0,"turns":6.0},{"damage":18.0,"enemies":"2 Thieves","floor":19.0,"turns":4.0},{"damage":31.0,"enemies":"Shelled Parasite and Fungi","floor":20.0,"turns":5.0},{"damage":18.0,"enemies":"Masked Bandits","floor":24.0,"turns":4.0},{"damage":14.0,"enemies":"Slavers","floor":30.0,"turns":6.0},{"damage":0.0,"enemies":"Automaton","floor":33.0,"turns":8.0},{"damage":0.0,"enemies":"Orb Walker","floor":35.0,"turns":3.0},{"damage":9.0,"enemies":"3 Shapes","floor":37.0,"turns":3.0},{"damage":0.0,"enemies":"Mind Bloom Boss Battle","floor":38.0,"turns":3.0},{"damage":0.0,"enemies":"Maw","floor":39.0,"turns":7.0},{"damage":4.0,"enemies":"Nemesis","floor":41.0,"turns":7.0},{"damage":0.0,"enemies":"Jaw Worm Horde","floor":42.0,"turns":2.0},{"damage":0.0,"enemies":"Giant Head","floor":48.0,"turns":6.0},{"damage":0.0,"enemies":"Spire Growth","floor":49.0,"turns":4.0},{"damage":0.0,"enemies":"Donu and Deca","floor":51.0,"turns":8.0},{"damage":0.0,"enemies":"Time Eater","floor":52.0,"turns":15.0},{"damage":53.0,"enemies":"Shield and Spear","floor":56.0,"turns":8.0},{"damage":49,"enemies":"The Heart","floor":57,"turns":3}],"seed_played":"5168650176063231741","potions_obtained":[{"floor":1.0,"key":"SkillPotion"},{"floor":10.0,"key":"LiquidBronze"},{"floor":16.0,"key":"Regen Potion"},{"floor":30.0,"key":"Ancient Potion"},{"floor":33.0,"key":"EssenceOfDarkness"},{"floor":41.0,"key":"Swift Potion"},{"floor":42.0,"key":"Ancient Potion"},{"floor":48.0,"key":"EntropicBrew"}],"is_trial":false,"path_per_floor":["M","?","?","$","M","E","R","M","T","E","R","?","R","?","R","B",null,"M","M","M","?","$","R","?","R","T","R","$","?","E","?","R","B",null,"M","$","M","?","M","R","E","M","T","R","R","?","?","E","M","R","B","B",null,"R","$","E","B"],"character_chosen":"DEFECT","items_purchased":["Self Repair","Defragment","Whetstone"],"campfire_rested":4,"item_purchase_floors":[22,55,55],"current_hp_per_floor":[61,50,50,50,39,18,39,34,34,27,27,20,41,41,41,27,60,46,28,11,11,11,32,21,42,42,42,42,42,35,35,35,42,64,71,71,69,71,71,71,71,71,71,71,71,71,71,71,71,71,71,71,71,71,71,18,0,0],"gold":45,"neow_bonus":"THREE_RARE_CARDS","is_daily":false,"chose_seed":false,"campfire_upgraded":5,"win_rate":0.0,"timestamp":1612900256,"path_taken":["M","?","?","$","?","E","R","?","T","E","R","?","R","?","R","BOSS","M","M","M","?","$","R","?","R","T","R","$","?","E","?","R","BOSS","M","$","M","?","M","R","E","M","T","R","R","?","?","E","?","R","BOSS","BOSS","R","$","E","BOSS"],"items_purchased_type":["Card","Card","Relic"],"build_version":"2020-12-22","purchased_purges":4,"victory":false,"max_hp_per_floor":[71,71,71,71,71,71,71,71,71,71,71,71,71,71,71,71,71,71,71,71,71,71,71,71,71,71,71,71,71,71,71,71,71,71,71,71,71,71,71,71,71,71,71,71,71,71,71,71,71,71,71,71,71,71,71,71,71,71],"card_choices":[{"not_picked":["Hyperbeam","Machine Learning"],"picked":"Biased Cognition","floor":0.0},{"not_picked":["Redo","Beam Cell"],"picked":"Compile Driver","floor":1.0},{"not_picked":["Streamline","Rebound"],"picked":"Cold Snap","floor":5.0},{"not_picked":["Scrape+1","Coolheaded"],"picked":"Core Surge+1","floor":6.0},{"not_picked":["Turbo","Tempest"],"picked":"Glacier","floor":8.0},{"not_picked":["Glacier","Beam Cell+1"],"picked":"Turbo","floor":10.0},{"not_picked":["Hyperbeam+1","Thunder Strike+1"],"picked":"Fission","floor":16.0},{"not_picked":["Redo","Conserve Battery"],"picked":"Ball Lightning+1","floor":18.0},{"not_picked":["Reprogram","Coolheaded"],"picked":"Blizzard+1","floor":19.0},{"not_picked":["Tempest","Leap"],"picked":"Hologram+1","floor":20.0},{"not_picked":["Chaos","Reprogram"],"picked":"Glacier","floor":24.0},{"not_picked":["Stack","Barrage+1","Compile Driver+1"],"picked":"SKIP","floor":30.0},{"not_picked":["Rainbow","Meteor Strike+1"],"picked":"Electrodynamics","floor":33.0},{"not_picked":["Lockon+1"],"picked":"SKIP","floor":35.0},{"not_picked":[],"picked":"Capacitor+1","floor":37.0},{"not_picked":["Chaos"],"picked":"SKIP","floor":39.0},{"not_picked":["Chaos"],"picked":"SKIP","floor":39.0},{"not_picked":["Static Discharge"],"picked":"SKIP","floor":41.0},{"not_picked":["Hologram+1"],"picked":"SKIP","floor":42.0},{"not_picked":["Streamline+1"],"picked":"SKIP","floor":48.0},{"not_picked":["Go for the Eyes+1"],"picked":"SKIP","floor":49.0},{"not_picked":[],"picked":"Loop","floor":56.0}],"player_experience":992250,"relics_obtained":[{"floor":6.0,"key":"Molten Egg 2"},{"floor":9.0,"key":"Sundial"},{"floor":10.0,"key":"Peace Pipe"},{"floor":24.0,"key":"Red Mask"},{"floor":26.0,"key":"Bottled Flame"},{"floor":30.0,"key":"Nunchaku"},{"floor":38.0,"key":"FossilizedHelix"},{"floor":41.0,"key":"Bag of Marbles"},{"floor":48.0,"key":"Dream Catcher"},{"floor":56.0,"key":"Pocketwatch"}],"event_choices":[{"damage_healed":0.0,"max_hp_gain":0.0,"max_hp_loss":0.0,"gold_gain":75.0,"event_name":"World of Goop","player_choice":"Gather Gold","floor":2.0,"gold_loss":0.0,"damage_taken":11.0},{"damage_healed":0.0,"max_hp_gain":0.0,"max_hp_loss":0.0,"gold_gain":0.0,"event_name":"Upgrade Shrine","player_choice":"Upgraded","floor":3.0,"gold_loss":0.0,"damage_taken":0.0,"cards_upgraded":["Biased Cognition"]},{"cards_removed":["Strike_B"],"damage_healed":0.0,"max_hp_gain":0.0,"max_hp_loss":0.0,"gold_gain":0.0,"event_name":"Golden Wing","player_choice":"Card Removal","floor":12.0,"gold_loss":0.0,"damage_taken":7.0},{"damage_healed":0.0,"max_hp_gain":0.0,"max_hp_loss":0.0,"gold_gain":0.0,"event_name":"Liars Game","player_choice":"Ignored","floor":14.0,"gold_loss":0.0,"damage_taken":0.0},{"cards_removed":["Defend_B"],"damage_healed":0.0,"max_hp_gain":0.0,"max_hp_loss":0.0,"gold_gain":0.0,"event_name":"Beggar","player_choice":"Gave Gold","floor":21.0,"gold_loss":75.0,"damage_taken":0.0},{"damage_healed":0.0,"max_hp_gain":0.0,"max_hp_loss":0.0,"gold_gain":0.0,"event_name":"Masked Bandits","player_choice":"Fought Bandits","floor":24.0,"gold_loss":0.0,"damage_taken":0.0},{"damage_healed":0.0,"max_hp_gain":0.0,"max_hp_loss":0.0,"gold_gain":0.0,"event_name":"Vampires","player_choice":"Ignored","floor":29.0,"gold_loss":0.0,"damage_taken":0.0},{"damage_healed":0.0,"max_hp_gain":0.0,"max_hp_loss":0.0,"gold_gain":0.0,"cards_transformed":["Defend_B","Zap"],"event_name":"Drug Dealer","player_choice":"Became Test Subject","floor":31.0,"gold_loss":0.0,"damage_taken":0.0,"cards_obtained":["Meteor Strike","Rip and Tear"]},{"damage_healed":0.0,"max_hp_gain":0.0,"max_hp_loss":0.0,"gold_gain":0.0,"event_name":"MindBloom","player_choice":"Fight","floor":38.0,"gold_loss":0.0,"damage_taken":0.0},{"damage_healed":0.0,"max_hp_gain":0.0,"max_hp_loss":0.0,"gold_gain":0.0,"event_name":"SensoryStone","player_choice":"Memory 1","floor":46.0,"gold_loss":0.0,"damage_taken":0.0},{"cards_removed":["Self Repair"],"damage_healed":0.0,"max_hp_gain":0.0,"max_hp_loss":0.0,"gold_gain":0.0,"event_name":"Bonfire Elementals","player_choice":"Offered Uncommon","floor":47.0,"gold_loss":0.0,"damage_taken":0.0}],"is_beta":false,"boss_relics":[{"not_picked":["SacredBark","Black Star"],"picked":"Runic Pyramid"},{"not_picked":["Sozu","SlaversCollar"],"picked":"Busted Crown"}],"items_purged_floors":[4,22,28,36],"is_endless":false,"potions_floor_spawned":[1,10,16,19,30,33,41,42,48],"killed_by":"The Heart","ascension_level":20}}