{"host":"5ddwedapke4fsx0r","time":1612829948,"event":{"mods":["BaseMod","Downfall","Infinite Spire","Minty Spire (QoL Compilation)","Reliquary","Shade Mod","StSLib","The Clintock","The Construct","The Forsaken","The Gatherer","The Hierophant","The Servant 0.9.4","TheSurvivalist"],"gold_per_floor":[99,110,210,210,221,238,265,284,300,325,338,364,364,383,394,497,497,497,515,531,544,188,204,204,204,204,204,204],"floor_reached":27,"language":"ENG","playtime":1929,"items_purged":["downfall:Malfunctioning"],"score":368,"play_id":"754d37a2-f909-4b07-ac22-1a2eba83d402","local_time":"20210209011908","is_ascension_mode":false,"campfire_choices":[{"data":"theForsaken:Smite","floor":1.0,"key":"SMITH"},{"data":"theForsaken:Mantra","floor":18.0,"key":"SMITH"}],"circlet_count":0,"master_deck":["theForsaken:TheForsaken_Strike","theForsaken:TheForsaken_Strike","theForsaken:TheForsaken_Strike","theForsaken:TheForsaken_Strike","theForsaken:TheForsaken_Defend+1","theForsaken:TheForsaken_Defend+1","theForsaken:TheForsaken_Defend","theForsaken:TheForsaken_Defend","theForsaken:Smite+1","theForsaken:Penitence","theForsaken:Terrorize","downfall:Haunted","downfall:Haunted","theForsaken:SpreadingPlague","Parasite","Clumsy","theForsaken:MagicWeapon","theForsaken:QuickAttack+1","theForsaken:DarkBargain","theForsaken:CreepingInfection","theForsaken:BottledPlague","theForsaken:Backlash","theForsaken:Mantra+1","theForsaken:QuickAttack","theForsaken:CreepingInfection","theForsaken:QuickAttack","theForsaken:AncientWords+1","Writhe"],"relics":["theForsaken:JudgementScales","Darkstone Periapt","Spirit Poop","Boot","Smiling Mask","Pear","Sozu","Bag of Marbles","Peace Pipe","reliquary:NewFriend","construct:BoolHorns"],"acts_visited":["Exordium","TheCity"],"potions_floor_usage":[],"damage_taken":[{"damage":0.0,"enemies":"Jaw Worm","floor":2.0,"turns":3.0},{"damage":2.0,"enemies":"Small Slimes","floor":5.0,"turns":5.0},{"damage":6.0,"enemies":"Cultist","floor":6.0,"turns":4.0},{"damage":24.0,"enemies":"Gremlin Gang","floor":8.0,"turns":5.0},{"damage":12.0,"enemies":"Exordium Thugs","floor":9.0,"turns":5.0},{"damage":5.0,"enemies":"2 Fungi Beasts","floor":11.0,"turns":2.0},{"damage":44.0,"enemies":"Lagavulin","floor":12.0,"turns":7.0},{"damage":20.0,"enemies":"Large Slime","floor":14.0,"turns":7.0},{"damage":14.0,"enemies":"Exordium Wildlife","floor":15.0,"turns":5.0},{"damage":52.0,"enemies":"DF_ARCHETYPE_STREAMLINE","floor":16.0,"turns":12.0},{"damage":26.0,"enemies":"Shell Parasite","floor":19.0,"turns":6.0},{"damage":10.0,"enemies":"3 Byrds","floor":20.0,"turns":3.0},{"damage":23.0,"enemies":"Snake Plant","floor":21.0,"turns":4.0},{"damage":18.0,"enemies":"downfall:FleeingMerchant","floor":22.0,"turns":4.0},{"damage":67.0,"enemies":"Cultist and Chosen","floor":23.0,"turns":9.0},{"damage":57,"enemies":"Sentry and Sphere","floor":27,"turns":5}],"seed_played":"-3537695050879430363","potions_obtained":[{"floor":5.0,"key":"Slimebound:ThreeZeroPotion"},{"floor":8.0,"key":"BlessingOfTheForge"},{"floor":9.0,"key":"DuplicationPotion"},{"floor":14.0,"key":"Ancient Potion"},{"floor":16.0,"key":"SneckoOil"}],"is_trial":false,"path_per_floor":["R","M","?","?","M","M","T","M","M","T","M","E","?","M","M","B",null,"R","M","M","M","$","M","T","?","?","M"],"character_chosen":"THE_FORSAKEN","items_purchased":["Bag of Marbles","reliquary:FerryPass"],"campfire_rested":0,"item_purchase_floors":[22,22],"current_hp_per_floor":[71,71,106,106,106,101,101,83,80,80,75,70,76,69,60,21,122,122,105,104,105,97,36,36,42,42,0,0],"gold":204,"neow_bonus":"TEN_PERCENT_HP_BONUS","is_daily":false,"chose_seed":false,"campfire_upgraded":2,"win_rate":0.0,"timestamp":1612829948,"path_taken":["R","M","?","?","?","M","T","?","M","?","M","E","?","M","M","BOSS","R","M","M","M","$","M","T","?","?","M"],"items_purchased_type":["Relic","Relic"],"build_version":"2020-12-22","purchased_purges":1,"victory":false,"max_hp_per_floor":[71,71,106,106,106,106,106,106,106,106,106,116,122,122,122,122,122,122,122,122,122,122,122,122,128,128,128,128],"card_choices":[{"not_picked":["theForsaken:FuryStrikes","theForsaken:Parry"],"picked":"theForsaken:Terrorize","floor":2.0},{"not_picked":["theForsaken:HymnOfPatience","theForsaken:ShieldBash"],"picked":"theForsaken:MagicWeapon","floor":5.0},{"not_picked":["theForsaken:PowerUp","theForsaken:CreepingInfection"],"picked":"theForsaken:QuickAttack","floor":6.0},{"not_picked":["theForsaken:PanicDive","theForsaken:Terrorize"],"picked":"theForsaken:DarkBargain","floor":8.0},{"not_picked":["theForsaken:BindingThorns","theForsaken:Terrorize"],"picked":"theForsaken:CreepingInfection","floor":9.0},{"not_picked":["theForsaken:NobleSacrifice","theForsaken:MagicWeapon"],"picked":"theForsaken:BottledPlague","floor":11.0},{"not_picked":["theForsaken:ShieldCharge","theForsaken:Parry","theForsaken:HorrifyingStrike"],"picked":"SKIP","floor":12.0},{"not_picked":["theForsaken:Parry","theForsaken:ShieldCharge","theForsaken:ShieldBash"],"picked":"SKIP","floor":14.0},{"not_picked":["theForsaken:Devotion","theForsaken:LightRoll"],"picked":"theForsaken:Backlash","floor":15.0},{"not_picked":["theForsaken:FountainOfLife","theForsaken:TearsOfSunlight"],"picked":"theForsaken:Mantra","floor":16.0},{"not_picked":["theForsaken:Eulogy","theForsaken:CreepingInfection"],"picked":"theForsaken:QuickAttack","floor":19.0},{"not_picked":["theForsaken:SolarFlare","theForsaken:Riposte"],"picked":"theForsaken:CreepingInfection","floor":20.0},{"not_picked":["theForsaken:ChargeAttack","theForsaken:Backlash"],"picked":"theForsaken:QuickAttack","floor":21.0},{"not_picked":["theForsaken:PowerUp+1","theForsaken:WardingHymn","theForsaken:ScorchingSunlight"],"picked":"SKIP","floor":22.0},{"not_picked":["theForsaken:Thunderbolt","theForsaken:FuryStrikes"],"picked":"theForsaken:AncientWords+1","floor":23.0}],"player_experience":556266,"relics_obtained":[{"floor":7.0,"key":"Boot"},{"floor":10.0,"key":"Smiling Mask"},{"floor":12.0,"key":"Pear"},{"floor":23.0,"key":"Peace Pipe"},{"floor":24.0,"key":"reliquary:NewFriend"}],"event_choices":[{"cards_removed":["downfall:Haunted"],"damage_healed":0.0,"max_hp_gain":0.0,"max_hp_loss":0.0,"gold_gain":0.0,"event_name":"Bonfire Elementals","player_choice":"Offered Curse","floor":4.0,"gold_loss":0.0,"damage_taken":0.0,"relics_obtained":["Spirit Poop"]},{"damage_healed":0.0,"max_hp_gain":0.0,"max_hp_loss":0.0,"gold_gain":0.0,"event_name":"Lab","player_choice":"Got Potions","floor":26.0,"gold_loss":0.0,"damage_taken":0.0}],"is_beta":false,"boss_relics":[{"not_picked":["Empty Cage","reliquary:WritOfMandamus"],"picked":"Sozu"}],"items_purged_floors":[22],"is_endless":false,"potions_floor_spawned":[5,8,9,14,16,21,23],"killed_by":"Sentry and Sphere","ascension_level":0}}