{"host":"7v9t59ze4jbx2rzq","time":1612891244,"event":{"mods":["Act Like it!","Ascension Unlocker","Aya Shameimaru","BaseMod","Colored Powertips","Dark Map","Fox Events","Friendly Minions","Highlight Path","Minty Spire (QoL Compilation)","Optimize The Spire","Ruina","StSLib","The Copycat","The Hydrologist","The Widow"],"gold_per_floor":[112,129,129,148,161,190,205,205,281,296,329,349,349,349,349,475,475,489,73,73,73,94,133,158,176,176,176,176,216,231,231,231,356,356,379,131,131,146,146,190,35,35,113,128,163,178,544,12,12,12,12,12,12,56,56],"floor_reached":56,"language":"ENG","playtime":4759,"items_purged":["shameimaru:Strike","shameimaru:Strike","shameimaru:Strike+1"],"score":1307,"play_id":"2669a38f-aa78-461a-bf92-7dfc9ec89a9a","local_time":"20210209122044","is_ascension_mode":false,"campfire_choices":[{"floor":8,"key":"REST"},{"data":"shameimaru:MassDeletion","floor":13,"key":"SMITH"},{"data":"shameimaru:AutumnalFallWind","floor":15,"key":"SMITH"},{"data":"shameimaru:EvasiveForm","floor":28,"key":"SMITH"},{"floor":32,"key":"REST"},{"floor":49,"key":"RECALL"},{"data":"shameimaru:OpeningWindAdvent","floor":52,"key":"SMITH"}],"circlet_count":0,"master_deck":["shameimaru:Defend+1","shameimaru:PlayfulTaunt","shameimaru:SnapshotStrike","shameimaru:LibraryResearch","shameimaru:AirCutter","shameimaru:GaleBullet","shameimaru:GaleBullet","shameimaru:Photoshoot","shameimaru:DoctoredImage","shameimaru:MassDeletion+1","shameimaru:AutumnalFallWind+1","shameimaru:PhotographicDisposal+1","shameimaru:Preparation","shameimaru:GroupPhoto","shameimaru:AdverseWind","shameimaru:EvasiveForm+1","shameimaru:Foresight","shameimaru:LoadedStatement+1","ruina:Nihil","shameimaru:BreezeOfReminiscience","shameimaru:PhotographicDisposal+1","shameimaru:OpeningWindAdvent+1","shameimaru:Preparation","Deep Breath","shameimaru:Preparation+1","shameimaru:MassDeletion+1","shameimaru:IntertwinedWinds","shameimaru:AdverseWind+1"],"relics":["shameimaru:blackbirdfeather","Incense Burner","Letter Opener","Lizard Tail","Golden Idol","SlaversCollar","OrangePellets","Art of War","Turnip","Vajra","Empty Cage","Omamori","Thread and Needle","DollysMirror","Toy Ornithopter","Old Coin","Mummified Hand","TheAbacus","HornCleat"],"acts_visited":["Exordium","Exordium","TheBeyond","TheEnding"],"potions_floor_usage":[5,10,11,16,33,55,55,55],"damage_taken":[{"damage":4,"enemies":"Jaw Worm","floor":1,"turns":5},{"damage":4,"enemies":"Small Slimes","floor":2,"turns":5},{"damage":3,"enemies":"Cultist","floor":4,"turns":5},{"damage":8,"enemies":"Gremlin Gang","floor":5,"turns":3},{"damage":15,"enemies":"Gremlin Nob","floor":6,"turns":4},{"damage":1,"enemies":"2 Fungi Beasts","floor":7,"turns":2},{"damage":0,"enemies":"Blue Slaver","floor":10,"turns":2},{"damage":2,"enemies":"Lagavulin","floor":11,"turns":6},{"damage":5,"enemies":"Looter","floor":12,"turns":2},{"damage":7,"enemies":"The Guardian","floor":16,"turns":8},{"damage":10,"enemies":"ruina:BadWolf","floor":18,"turns":3},{"damage":1,"enemies":"ruina:3_Bats","floor":22,"turns":2},{"damage":8,"enemies":"ruina:RoadHome","floor":23,"turns":3},{"damage":0,"enemies":"ruina:KnightOfDespair","floor":24,"turns":2},{"damage":0,"enemies":"ruina:Woodsman","floor":25,"turns":1},{"damage":0,"enemies":"ruina:ServantOfWrath","floor":29,"turns":2},{"damage":0,"enemies":"ruina:KingOfGreed","floor":30,"turns":4},{"damage":8,"enemies":"ruina:Red_and_Wolf","floor":33,"turns":9},{"damage":6,"enemies":"3 Shapes","floor":35,"turns":2},{"damage":0,"enemies":"Orb Walker","floor":38,"turns":1},{"damage":0,"enemies":"Nemesis","floor":40,"turns":3},{"damage":0,"enemies":"3 Darklings","floor":44,"turns":1},{"damage":2,"enemies":"Giant Head","floor":45,"turns":3},{"damage":0,"enemies":"Writhing Mass","floor":46,"turns":1},{"damage":0,"enemies":"2 Orb Walkers","floor":47,"turns":1},{"damage":10,"enemies":"Awakened One","floor":50,"turns":5},{"damage":16,"enemies":"Shield and Spear","floor":54,"turns":2},{"damage":0,"enemies":"The Heart","floor":55,"turns":5}],"seed_played":"-481635020889233464","potions_obtained":[{"floor":1,"key":"Strength Potion"},{"floor":6,"key":"Fire Potion"},{"floor":7,"key":"Regen Potion"},{"floor":10,"key":"Strength Potion"},{"floor":18,"key":"PowerPotion"},{"floor":33,"key":"EssenceOfSteel"}],"is_trial":false,"path_per_floor":["M","M","?","M","M","E","M","R","T","M","E","M","R","?","R","B",null,"M","$","?","$","M","E","M","M","T","?","R","E","M","?","R","B",null,"M","$","?","M","?","E","$","?","T","M","E","M","?","$","R","B",null,"R","$","E","B",null],"character_chosen":"AYA","items_purchased":["OrangePellets","LiquidMemories","Fire Potion","shameimaru:GroupPhoto","Omamori","DollysMirror","Mummified Hand","TheAbacus"],"campfire_rested":2,"item_purchase_floors":[19,19,19,19,36,41,48,48],"current_hp_per_floor":[84,80,62,59,51,36,35,61,61,61,74,69,69,69,69,62,81,71,71,71,71,70,62,62,62,62,62,62,62,62,40,62,54,75,69,69,69,69,69,69,69,69,69,69,67,67,67,67,67,57,75,75,75,59,74],"gold":56,"neow_bonus":"TEN_PERCENT_HP_BONUS","is_daily":false,"chose_seed":false,"campfire_upgraded":4,"win_rate":0.0,"timestamp":1612891244,"path_taken":["M","M","?","M","M","E","M","R","T","M","E","M","R","?","R","BOSS","M","$","?","$","M","E","?","?","T","?","R","E","M","?","R","BOSS","M","$","?","M","?","E","$","?","T","?","E","M","?","?","R","BOSS","R","$","E","BOSS"],"items_purchased_type":["Relic","Potion","Potion","Card","Relic","Relic","Relic","Relic"],"build_version":"2020-12-22","purchased_purges":3,"victory":true,"max_hp_per_floor":[88,88,88,88,88,88,88,88,88,88,88,88,88,81,81,81,81,81,81,81,81,81,81,81,81,81,75,75,75,75,75,75,75,75,75,75,75,75,75,75,75,75,75,75,75,75,75,75,75,75,75,75,75,75,75],"card_choices":[{"not_picked":["shameimaru:QuickReporting","shameimaru:FlutteringFeyFan"],"picked":"shameimaru:LibraryResearch","floor":1},{"not_picked":["shameimaru:WhispersOfTheWind","shameimaru:QuickReporting"],"picked":"shameimaru:Photocopier","floor":2},{"not_picked":["shameimaru:WhispersOfTheWind","shameimaru:Foresight"],"picked":"shameimaru:AirCutter","floor":4},{"not_picked":["shameimaru:BlindingSpeed","shameimaru:Opportunity"],"picked":"shameimaru:GaleBullet","floor":5},{"not_picked":["shameimaru:CherishingBreeze","shameimaru:ExclusiveScoop"],"picked":"shameimaru:GaleBullet","floor":6},{"not_picked":["shameimaru:AirCutter","shameimaru:CandidShot"],"picked":"shameimaru:Photoshoot","floor":7},{"not_picked":["shameimaru:GaleBullet","shameimaru:ForseenReaction"],"picked":"shameimaru:DoctoredImage","floor":10},{"not_picked":["shameimaru:SuddenOutburst","shameimaru:CoerciveReport"],"picked":"shameimaru:MassDeletion","floor":11},{"not_picked":["shameimaru:DashingDomination","shameimaru:Preparation"],"picked":"shameimaru:AutumnalFallWind","floor":12},{"not_picked":["shameimaru:WindSickleVeiling","shameimaru:Duality"],"picked":"shameimaru:PhotographicDisposal","floor":16},{"not_picked":["shameimaru:AirCutter","shameimaru:GaleBullet"],"picked":"shameimaru:Preparation","floor":18},{"not_picked":["shameimaru:FreezeFrame","shameimaru:GaleBullet"],"picked":"shameimaru:AdverseWind","floor":22},{"not_picked":["shameimaru:Imitation+1","shameimaru:GaleBlade+1"],"picked":"shameimaru:EvasiveForm","floor":23},{"not_picked":["shameimaru:BlindingSpeed","shameimaru:HurricaneOfFreedom"],"picked":"shameimaru:Foresight","floor":24},{"not_picked":["shameimaru:Galeforce+1","shameimaru:RapidFirePhotography"],"picked":"shameimaru:LoadedStatement+1","floor":25},{"not_picked":["ruina:SwordSharpened","ruina:Smile"],"picked":"ruina:Nihil","floor":27},{"not_picked":["shameimaru:AdverseWind+1","shameimaru:SkywardSonnet"],"picked":"shameimaru:BreezeOfReminiscience","floor":29},{"not_picked":["shameimaru:GuidingBreeze","shameimaru:GaleBullet","shameimaru:FlutteringFeyFan+1"],"picked":"SKIP","floor":30},{"not_picked":["shameimaru:SplittingGale","shameimaru:GatherEvidence"],"picked":"shameimaru:OpeningWindAdvent","floor":33},{"not_picked":["shameimaru:ExclusiveScoop+1","shameimaru:Telescoping+1"],"picked":"shameimaru:Preparation","floor":35},{"not_picked":["Flash of Steel","Enlightenment"],"picked":"Deep Breath","floor":37},{"not_picked":["shameimaru:AirSlash+1","shameimaru:SuddenOutburst"],"picked":"shameimaru:Preparation+1","floor":38},{"not_picked":["shameimaru:Foresight","shameimaru:EvasiveManeuver","shameimaru:WidespreadPropaganda"],"picked":"SKIP","floor":40},{"not_picked":["shameimaru:InstantShotJournalist","shameimaru:ReporterInstinct+1","shameimaru:SuddenOutburst+1"],"picked":"SKIP","floor":44},{"not_picked":["shameimaru:AdverseWind+1","shameimaru:IntertwinedWinds","shameimaru:Photoshoot"],"picked":"SKIP","floor":45},{"not_picked":["shameimaru:AdverseWind+1","shameimaru:Photoshoot"],"picked":"shameimaru:IntertwinedWinds","floor":45},{"not_picked":["shameimaru:WidespreadPropaganda","shameimaru:DashingGrace+1","shameimaru:WhispersOfTheWind"],"picked":"SKIP","floor":46},{"not_picked":["shameimaru:GatherEvidence","shameimaru:SuddenOutburst"],"picked":"shameimaru:AdverseWind+1","floor":54}],"player_experience":2188197,"relics_obtained":[{"floor":6,"key":"Incense Burner"},{"floor":9,"key":"Letter Opener"},{"floor":11,"key":"Lizard Tail"},{"floor":23,"key":"Art of War"},{"floor":26,"key":"Turnip"},{"floor":29,"key":"Vajra"},{"floor":40,"key":"Thread and Needle"},{"floor":45,"key":"Toy Ornithopter"},{"floor":47,"key":"Old Coin"},{"floor":54,"key":"HornCleat"}],"event_choices":[{"damage_healed":0,"gold_gain":0,"player_choice":"Entered Light","damage_taken":18,"max_hp_gain":0,"max_hp_loss":0,"event_name":"Shining Light","floor":3,"gold_loss":0,"cards_upgraded":["shameimaru:Strike","shameimaru:Defend"]},{"damage_healed":0,"gold_gain":0,"player_choice":"Lose Max HP","damage_taken":0,"relics_obtained":["Golden Idol"],"max_hp_gain":0,"max_hp_loss":7,"event_name":"Golden Idol","floor":14,"gold_loss":0},{"damage_healed":0,"gold_gain":0,"player_choice":"Memory 1","damage_taken":0,"max_hp_gain":0,"max_hp_loss":0,"event_name":"SensoryStone","floor":37,"gold_loss":0},{"cards_removed":["shameimaru:SnapshotStrike"],"damage_healed":0,"gold_gain":0,"player_choice":"Removed Attack","damage_taken":0,"max_hp_gain":0,"max_hp_loss":0,"event_name":"Falling","floor":39,"gold_loss":0},{"cards_removed":["shameimaru:Defend"],"damage_healed":0,"gold_gain":0,"player_choice":"Purged","damage_taken":0,"max_hp_gain":0,"max_hp_loss":0,"event_name":"Purifier","floor":42,"gold_loss":0},{"damage_healed":0,"gold_gain":0,"player_choice":"Fight","damage_taken":0,"max_hp_gain":0,"max_hp_loss":0,"event_name":"Mysterious Sphere","floor":47,"gold_loss":0}],"is_beta":false,"boss_relics":[{"not_picked":["Coffee Dripper","SacredBark"],"picked":"SlaversCollar"},{"not_picked":["Tiny House","Astrolabe"],"picked":"Empty Cage"}],"items_purged_floors":[19,36,48],"is_endless":false,"potions_floor_spawned":[1,6,7,10,18,23,30,33,35,44,47],"ascension_level":0}}