{"host":"6ppucmbu28e4pclv","time":1612836664,"event":{"mods":["BaseMod","Colored Map","DeckTracker","Minty Spire (QoL Compilation)","StSLib"],"gold_per_floor":[117,134,134,148,73,73,73,73,153,186,205,205,205],"floor_reached":12,"language":"ENG","playtime":488,"items_purged":["Injury"],"score":137,"play_id":"ec92c943-2a63-4fb5-99e3-3914784fd48b","local_time":"20210208181104","is_ascension_mode":true,"campfire_choices":[{"data":"Corruption","floor":6,"key":"SMITH"},{"data":"Ghostly Armor","floor":8,"key":"SMITH"}],"circlet_count":0,"master_deck":["AscendersBane","Strike_R","Strike_R","Strike_R","Strike_R","Defend_R","Defend_R","Defend_R","Defend_R","Bash","Corruption+1","Ghostly Armor+1","Thunderclap","Twin Strike","Dropkick","Shockwave"],"relics":["Burning Blood","Golden Idol","Bottled Lightning","Self Forming Clay"],"acts_visited":["Exordium"],"potions_floor_usage":[2],"damage_taken":[{"damage":9,"enemies":"Jaw Worm","floor":1,"turns":4},{"damage":7,"enemies":"Small Slimes","floor":2,"turns":4},{"damage":18,"enemies":"Cultist","floor":4,"turns":6},{"damage":34,"enemies":"Gremlin Nob","floor":10,"turns":5},{"damage":9,"enemies":"3 Louse","floor":11,"turns":5},{"damage":37,"enemies":"Lagavulin","floor":12,"turns":6}],"seed_played":"3661747313688798316","potions_obtained":[{"floor":1,"key":"Energy Potion"}],"is_trial":false,"path_per_floor":["M","M","?","M","$","R","?","R","T","E","M","E"],"character_chosen":"IRONCLAD","items_purchased":[],"campfire_rested":0,"item_purchase_floors":[],"current_hp_per_floor":[65,64,64,52,52,52,52,52,52,24,21,0,0],"gold":205,"neow_bonus":"ONE_RANDOM_RARE_CARD","is_daily":false,"chose_seed":false,"campfire_upgraded":2,"win_rate":0.0,"timestamp":1612836664,"path_taken":["M","M","?","M","$","R","?","R","T","E","?","E"],"items_purchased_type":[],"build_version":"2020-12-22","purchased_purges":1,"victory":false,"max_hp_per_floor":[75,75,75,75,75,75,75,75,75,75,75,75,75],"card_choices":[{"not_picked":["Twin Strike","Havoc"],"picked":"Ghostly Armor","floor":1},{"not_picked":["Sword Boomerang","Armaments"],"picked":"Thunderclap","floor":2},{"not_picked":["Sword Boomerang","Heavy Blade"],"picked":"Twin Strike","floor":4},{"not_picked":["Brutality","Pommel Strike"],"picked":"Dropkick","floor":10},{"not_picked":["Clash","Anger"],"picked":"Shockwave","floor":11}],"player_experience":873049,"relics_obtained":[{"floor":9,"key":"Bottled Lightning"},{"floor":10,"key":"Self Forming Clay"}],"event_choices":[{"damage_healed":0,"gold_gain":0,"player_choice":"Take Wound","damage_taken":0,"relics_obtained":["Golden Idol"],"max_hp_gain":0,"max_hp_loss":0,"event_name":"Golden Idol","floor":3,"gold_loss":0,"cards_obtained":["Injury"]},{"cards_removed":["Strike_R"],"damage_healed":0,"gold_gain":0,"player_choice":"Purged","damage_taken":0,"max_hp_gain":0,"max_hp_loss":0,"event_name":"Purifier","floor":7,"gold_loss":0}],"is_beta":false,"boss_relics":[],"items_purged_floors":[5],"is_endless":false,"potions_floor_spawned":[1],"killed_by":"Lagavulin","ascension_level":15}}