{"host":"c4wbe3youf5363qr","time":1612834357,"event":{"mods":["BaseMod","Colored Powertips","Minty Spire (QoL Compilation)","Morshu Shopkeeper","Rare Cards Sparkle","Relic Stats","Reliquary","StSLib","The Cursed"],"gold_per_floor":[116,116,135,310,325,325,355,355],"floor_reached":7,"language":"ENG","playtime":365,"items_purged":[],"score":51,"play_id":"06d9632b-be64-44ed-9736-48c978614091","local_time":"20210208173237","is_ascension_mode":false,"campfire_choices":[{"data":"TheCursedMod:Torture","floor":6,"key":"SMITH"}],"circlet_count":0,"master_deck":["TheCursedMod:Strike_TheCursed","TheCursedMod:Strike_TheCursed","TheCursedMod:Strike_TheCursed","TheCursedMod:Strike_TheCursed","TheCursedMod:Defend_TheCursed","TheCursedMod:Defend_TheCursed","TheCursedMod:Defend_TheCursed","TheCursedMod:Defend_TheCursed","TheCursedMod:CursedWand+1","TheCursedMod:CleanUpWorkshop","TheCursedMod:Dregs","TheCursedMod:SmokeScreen","TheCursedMod:AbyssShockwave","Doubt","TheCursedMod:Torture+1"],"relics":["TheCursedMod:BlackMagic101","NeowsBlessing","Question Card"],"acts_visited":["Exordium"],"potions_floor_usage":[],"damage_taken":[{"damage":0,"enemies":"Small Slimes","floor":1,"turns":1},{"damage":0,"enemies":"Cultist","floor":3,"turns":1},{"damage":0,"enemies":"2 Louse","floor":5,"turns":1},{"damage":40,"enemies":"3 Sentries","floor":7,"turns":10}],"seed_played":"6384590671526058613","potions_obtained":[{"floor":1,"key":"Energy Potion"},{"floor":7,"key":"EssenceOfSteel"}],"is_trial":false,"path_per_floor":["M","?","M","?","M","R","E"],"character_chosen":"THE_CURSED","items_purchased":[],"campfire_rested":0,"item_purchase_floors":[],"current_hp_per_floor":[75,75,75,75,75,75,35,35],"gold":355,"neow_bonus":"THREE_ENEMY_KILL","is_daily":false,"chose_seed":false,"campfire_upgraded":1,"win_rate":0.0,"timestamp":1612834357,"path_taken":["M","?","?","?","M","R","E"],"items_purchased_type":[],"build_version":"2020-12-22","purchased_purges":0,"victory":false,"max_hp_per_floor":[75,75,75,75,75,75,75,75],"relic_stats":{"counters":[4,13],"Question Card":0,"obtain_stats":[{"TheCursedMod:BlackMagic101":0,"NeowsBlessing":0,"Question Card":7},{"TheCursedMod:BlackMagic101":0,"NeowsBlessing":0,"Question Card":4},{"TheCursedMod:BlackMagic101":0,"NeowsBlessing":0,"Question Card":13}]},"card_choices":[{"not_picked":["TheCursedMod:ManaBullet","TheCursedMod:CursedBlade"],"picked":"TheCursedMod:SmokeScreen","floor":1},{"not_picked":["TheCursedMod:CursedShiv","TheCursedMod:SoulReap"],"picked":"TheCursedMod:AbyssShockwave","floor":3},{"not_picked":["TheCursedMod:CursedShiv","TheCursedMod:RapidMovement"],"picked":"TheCursedMod:Torture","floor":5}],"player_experience":305297,"relics_obtained":[{"floor":7,"key":"Question Card"}],"event_choices":[{"damage_healed":0,"gold_gain":0,"player_choice":"Upgraded","damage_taken":0,"max_hp_gain":0,"max_hp_loss":0,"event_name":"Upgrade Shrine","floor":2,"gold_loss":0,"cards_upgraded":["TheCursedMod:CursedWand"]},{"damage_healed":0,"gold_gain":175,"player_choice":"AGREE","damage_taken":0,"max_hp_gain":0,"max_hp_loss":0,"event_name":"Liars Game","floor":4,"gold_loss":0,"cards_obtained":["Doubt"]}],"is_beta":false,"boss_relics":[],"items_purged_floors":[],"is_endless":false,"potions_floor_spawned":[1,7],"killed_by":"3 Sentries","ascension_level":0}}