{"host":"msfr2axb1w9025n0","time":1612880060,"event":{"mods":["BaseMod","Bestiary","Block Reminder","Colored Map","DeckTracker","Minty Spire (QoL Compilation)","Relic Stats","Weighted Paths"],"gold_per_floor":[214,65,84,100,5,30,42,77,102,14,42,59,59,72,72,168,168,185,200,211,221,146,146,178,178,178,196,196,221,221,221,221],"floor_reached":31,"language":"ENG","playtime":1157,"items_purged":[],"score":555,"play_id":"dd07f1b8-61cd-4f2e-a507-379dc0cf8551","local_time":"20210209211420","is_ascension_mode":true,"campfire_choices":[{"data":"Defragment","floor":13.0,"key":"SMITH"},{"floor":15.0,"key":"REST"},{"data":"Double Energy","floor":23.0,"key":"SMITH"},{"data":"Buffer","floor":25.0,"key":"SMITH"},{"data":"Storm","floor":28.0,"key":"SMITH"},{"floor":30.0,"key":"REST"}],"circlet_count":0,"master_deck":["AscendersBane","Strike_B","Strike_B","Strike_B","Strike_B","Defend_B","Defend_B","Defend_B","Defend_B+1","Dualcast","Compile Driver","Capacitor","Ball Lightning","Streamline","Conserve Battery+1","Buffer+1","Rebound","Ball Lightning","Storm+1","Streamline","BootSequence","Defragment+1","Undo","Rainbow","Echo Form","Double Energy+1","Coolheaded","White Noise","Genetic Algorithm","Seek"],"relics":["Cracked Core","Orrery","StrikeDummy","DataDisk","Nunchaku","War Paint","Bag of Preparation","Black Star","Potion Belt","Mummified Hand","The Courier","Dream Catcher","Vajra"],"acts_visited":["Exordium","TheCity"],"potions_floor_usage":[],"damage_taken":[{"damage":1.0,"enemies":"Cultist","floor":1.0,"turns":4.0},{"damage":0.0,"enemies":"Small Slimes","floor":3.0,"turns":3.0},{"damage":0.0,"enemies":"Jaw Worm","floor":4.0,"turns":2.0},{"damage":8.0,"enemies":"Lagavulin","floor":6.0,"turns":6.0},{"damage":9.0,"enemies":"Exordium Wildlife","floor":7.0,"turns":4.0},{"damage":5.0,"enemies":"Gremlin Nob","floor":8.0,"turns":4.0},{"damage":22.0,"enemies":"Lagavulin","floor":11.0,"turns":5.0},{"damage":5.0,"enemies":"Gremlin Gang","floor":12.0,"turns":4.0},{"damage":0.0,"enemies":"Large Slime","floor":14.0,"turns":4.0},{"damage":0.0,"enemies":"Slime Boss","floor":16.0,"turns":6.0},{"damage":0.0,"enemies":"Chosen","floor":18.0,"turns":6.0},{"damage":8.0,"enemies":"Spheric Guardian","floor":19.0,"turns":4.0},{"damage":0.0,"enemies":"Snecko","floor":20.0,"turns":4.0},{"damage":11.0,"enemies":"Centurion and Healer","floor":21.0,"turns":7.0},{"damage":32.0,"enemies":"Gremlin Leader","floor":24.0,"turns":6.0},{"damage":0.0,"enemies":"Sentry and Sphere","floor":27.0,"turns":5.0},{"damage":21.0,"enemies":"Book of Stabbing","floor":29.0,"turns":4.0},{"damage":51,"enemies":"Slavers","floor":31,"turns":2}],"seed_played":"8039826155258540506","potions_obtained":[{"floor":1.0,"key":"SpeedPotion"},{"floor":3.0,"key":"PotionOfCapacity"},{"floor":6.0,"key":"Block Potion"},{"floor":14.0,"key":"LiquidMemories"},{"floor":24.0,"key":"EntropicBrew"}],"is_trial":false,"path_per_floor":["M","$","M","M","$","E","M","E","T","?","E","M","R","M","R","B",null,"M","M","M","M","?","R","E","R","T","M","R","E","R","E"],"character_chosen":"DEFECT","items_purchased":["Orrery","Storm","Streamline"],"campfire_rested":2,"item_purchase_floors":[2,5,5],"current_hp_per_floor":[67,67,67,67,67,59,50,45,45,45,23,18,18,18,40,40,66,66,58,58,47,47,47,15,15,15,15,15,22,44,0,0],"gold":221,"neow_bonus":"HUNDRED_GOLD","is_daily":false,"chose_seed":false,"campfire_upgraded":4,"win_rate":0.0,"timestamp":1612880060,"path_taken":["M","$","M","M","?","E","M","E","T","?","E","?","R","M","R","BOSS","M","M","?","M","?","R","E","R","T","M","R","E","R","E"],"items_purchased_type":["Relic","Card","Card"],"build_version":"2020-12-22","purchased_purges":0,"victory":false,"max_hp_per_floor":[75,75,75,75,75,75,75,75,75,75,75,75,75,75,75,75,75,75,75,75,75,75,75,75,75,75,75,75,75,75,75,75],"relic_stats":{"Nunchaku":[6],"Dream Catcher":1,"counters":[18,80],"Mummified Hand":[23],"Bag of Preparation":[22],"Black Star":2,"War Paint":["Conserve Battery","Defend_B"],"obtain_stats":[{"Potion Belt":24,"Vajra":29,"The Courier":26,"Bag of Preparation":11,"War Paint":10,"DataDisk":8,"Nunchaku":9,"Dream Catcher":29,"Mummified Hand":24,"Orrery":2,"Black Star":17,"Cracked Core":0,"StrikeDummy":6},{"Potion Belt":15,"Vajra":17,"The Courier":15,"Bag of Preparation":7,"War Paint":6,"DataDisk":6,"Nunchaku":6,"Dream Catcher":17,"Mummified Hand":15,"Orrery":1,"Black Star":10,"Cracked Core":0,"StrikeDummy":4},{"Potion Belt":69,"Vajra":78,"The Courier":69,"Bag of Preparation":28,"War Paint":23,"DataDisk":23,"Nunchaku":23,"Dream Catcher":78,"Mummified Hand":69,"Orrery":4,"Black Star":42,"Cracked Core":0,"StrikeDummy":15}]},"card_choices":[{"not_picked":["Scrape","Force Field"],"picked":"Compile Driver","floor":1.0},{"not_picked":["Chaos","Turbo"],"picked":"Capacitor","floor":2.0},{"not_picked":["Coolheaded","Scrape"],"picked":"Ball Lightning","floor":2.0},{"not_picked":["Hello World","Capacitor"],"picked":"Streamline","floor":2.0},{"not_picked":["Heatsinks","Fusion"],"picked":"Conserve Battery","floor":2.0},{"not_picked":["Gash","Turbo"],"picked":"Buffer","floor":2.0},{"not_picked":["Compile Driver","FTL"],"picked":"Rebound","floor":3.0},{"not_picked":["Hologram","Go for the Eyes"],"picked":"Ball Lightning","floor":4.0},{"not_picked":["Hologram","Rebound","Redo"],"picked":"SKIP","floor":6.0},{"not_picked":["Steam","Doom and Gloom"],"picked":"BootSequence","floor":7.0},{"not_picked":["Double Energy","Cold Snap"],"picked":"Defragment","floor":8.0},{"not_picked":["Hologram","Compile Driver"],"picked":"Undo","floor":11.0},{"not_picked":["Cold Snap","Turbo"],"picked":"Rainbow","floor":12.0},{"not_picked":["Rip and Tear","Recycle","Sweeping Beam"],"picked":"SKIP","floor":14.0},{"not_picked":["Biased Cognition","Buffer"],"picked":"Echo Form","floor":16.0},{"not_picked":["Rebound","Sweeping Beam","Go for the Eyes"],"picked":"SKIP","floor":18.0},{"not_picked":["Streamline","Chaos"],"picked":"Double Energy","floor":19.0},{"not_picked":["Melter+1","Sweeping Beam"],"picked":"Coolheaded","floor":20.0},{"not_picked":["Hologram+1","Conserve Battery"],"picked":"White Noise","floor":21.0},{"not_picked":["Melter","Gash","Compile Driver"],"picked":"SKIP","floor":24.0},{"not_picked":["Go for the Eyes","Undo+1"],"picked":"Genetic Algorithm","floor":27.0},{"not_picked":["Ball Lightning","Static Discharge"],"picked":"Seek","floor":29.0}],"player_experience":303884,"relics_obtained":[{"floor":6.0,"key":"StrikeDummy"},{"floor":8.0,"key":"DataDisk"},{"floor":9.0,"key":"Nunchaku"},{"floor":11.0,"key":"Bag of Preparation"},{"floor":24.0,"key":"Potion Belt"},{"floor":24.0,"key":"Mummified Hand"},{"floor":26.0,"key":"The Courier"},{"floor":29.0,"key":"Dream Catcher"},{"floor":29.0,"key":"Vajra"}],"event_choices":[{"damage_healed":0.0,"max_hp_gain":0.0,"max_hp_loss":0.0,"gold_gain":0.0,"event_name":"WeMeetAgain","player_choice":"Paid Gold","floor":10.0,"gold_loss":88.0,"damage_taken":0.0,"relics_obtained":["War Paint"]},{"cards_removed":["Zap"],"damage_healed":0.0,"max_hp_gain":0.0,"max_hp_loss":0.0,"gold_gain":0.0,"event_name":"Beggar","player_choice":"Gave Gold","floor":22.0,"gold_loss":75.0,"damage_taken":0.0}],"is_beta":false,"boss_relics":[{"not_picked":["Fusion Hammer","Snecko Eye"],"picked":"Black Star"}],"items_purged_floors":[],"is_endless":false,"potions_floor_spawned":[1,3,6,7,14,18,19,24],"killed_by":"Slavers","ascension_level":12}}