{"host":"3qkmyeoym75lj4wn","time":1612909981,"event":{"mods":["2.2 Compatiblity","BaseMod","Block Reminder","Colored Powertips","Highlight Path","Minty Spire (QoL Compilation)","Permanent Neow","Potion Indicator Mod","Rare Cards Sparkle","Relic Stats","StSLib","Unceasing Turn Reminder"],"gold_per_floor":[115,193,208,208,12,12,37,37,37,37,37,37,37,70,70,149,149,161,175,194,25,25,25,41,41,64,75,75,91,117,197,197,274,274,293,304,358,358,358,358],"floor_reached":39,"language":"ENG","playtime":1652,"items_purged":[],"score":810,"play_id":"ed930d95-df1c-4886-9a3e-4f6841d504da","local_time":"20210209223301","is_ascension_mode":true,"campfire_choices":[{"floor":6,"key":"REST"},{"floor":8,"key":"REST"},{"data":"Apotheosis","floor":10,"key":"SMITH"},{"data":"Neutralize","floor":11,"key":"SMITH"},{"floor":15,"key":"RECALL"},{"floor":23,"key":"REST"},{"data":"Noxious Fumes","floor":25,"key":"SMITH"},{"floor":32,"key":"REST"}],"circlet_count":0,"master_deck":["AscendersBane","Strike_G","Strike_G","Strike_G","Strike_G","Strike_G","Defend_G","Defend_G+1","Defend_G","Defend_G","Defend_G+1","Survivor","Neutralize+1","Backstab","Deadly Poison","Apotheosis+1","Dodge and Roll","Unload","Malaise","CurseOfTheBell","Poisoned Stab","PiercingWail","Deflect","Noxious Fumes+1","Leg Sweep+1","Adrenaline+1","Blur"],"relics":["Ring of the Snake","Oddly Smooth Stone","Vajra","Sundial","WingedGreaves","Snake Skull","Calling Bell","Pocketwatch","Meat on the Bone","War Paint","Omamori","Necronomicon","Strawberry","Thread and Needle","Smiling Mask","Letter Opener","Philosopher\u0027s Stone","Du-Vu Doll"],"acts_visited":["Exordium","TheCity","TheBeyond"],"potions_floor_usage":[7,19,30,30,37,39],"damage_taken":[{"damage":6,"enemies":"2 Louse","floor":1,"turns":4},{"damage":0,"enemies":"Small Slimes","floor":3,"turns":3},{"damage":8,"enemies":"Gremlin Nob","floor":7,"turns":3},{"damage":9,"enemies":"Lagavulin","floor":14,"turns":8},{"damage":9,"enemies":"Hexaghost","floor":16,"turns":11},{"damage":1,"enemies":"Shell Parasite","floor":18,"turns":8},{"damage":8,"enemies":"Chosen","floor":19,"turns":5},{"damage":3,"enemies":"Centurion and Healer","floor":20,"turns":9},{"damage":21,"enemies":"Shelled Parasite and Fungi","floor":24,"turns":7},{"damage":8,"enemies":"Cultist and Chosen","floor":27,"turns":6},{"damage":13,"enemies":"Centurion and Healer","floor":29,"turns":8},{"damage":11,"enemies":"Slavers","floor":30,"turns":7},{"damage":33,"enemies":"Collector","floor":33,"turns":10},{"damage":10,"enemies":"Orb Walker","floor":35,"turns":4},{"damage":0,"enemies":"3 Shapes","floor":36,"turns":7},{"damage":39,"enemies":"2 Orb Walkers","floor":37,"turns":6},{"damage":40,"enemies":"Jaw Worm Horde","floor":39,"turns":4}],"seed_played":"706914724702950281","potions_obtained":[{"floor":3,"key":"BlessingOfTheForge"},{"floor":7,"key":"Block Potion"},{"floor":18,"key":"FearPotion"},{"floor":24,"key":"Explosive Potion"},{"floor":30,"key":"Ancient Potion"},{"floor":33,"key":"SteroidPotion"},{"floor":37,"key":"Dexterity Potion"}],"is_trial":false,"path_per_floor":["M","?","M","?","$","R","E","R","T","R","R","?","?","E","R","B",null,"M","M","M","$","?","R","M","R","T","M","?","M","E","T","R","B",null,"M","M","?","?","M"],"character_chosen":"THE_SILENT","items_purchased":["Apotheosis","Omamori"],"campfire_rested":4,"item_purchase_floors":[5,21],"current_hp_per_floor":[53,53,53,8,8,27,19,38,38,38,38,60,60,51,51,42,60,59,51,48,48,27,46,37,37,44,48,48,47,48,48,69,48,67,57,57,30,30,0,0],"gold":358,"neow_bonus":"RANDOM_COMMON_RELIC","is_daily":false,"chose_seed":false,"campfire_upgraded":3,"win_rate":0.0,"timestamp":1612909981,"path_taken":["M","?","M","?","$","R","E","R","T","R","R","?","?","E","R","BOSS","M","M","M","$","?","R","M","R","T","M","?","M","E","?","R","BOSS","M","M","?","?","?"],"items_purchased_type":["Card","Relic"],"build_version":"2020-12-22","purchased_purges":0,"victory":false,"max_hp_per_floor":[66,66,66,66,66,66,66,66,66,66,66,66,66,66,66,66,66,66,66,66,66,66,66,66,66,73,73,73,73,73,73,73,73,73,73,73,73,73,73,73],"relic_stats":{"counters":[17,110],"Sundial":[16],"Snake Skull":[86],"Necronomicon":[0],"Letter Opener":[76],"War Paint":["Defend_G","Defend_G"],"Smiling Mask":0,"obtain_stats":[{"Oddly Smooth Stone":0,"Vajra":4,"Thread and Needle":28,"Snake Skull":14,"Omamori":21,"Letter Opener":31,"War Paint":17,"Smiling Mask":30,"Calling Bell":17,"Du-Vu Doll":37,"Sundial":7,"Strawberry":26,"Philosopher\u0027s Stone":34,"WingedGreaves":9,"Necronomicon":22,"Ring of the Snake":0,"Pocketwatch":17,"Meat on the Bone":17},{"Oddly Smooth Stone":0,"Vajra":2,"Thread and Needle":10,"Snake Skull":4,"Omamori":8,"Letter Opener":12,"War Paint":5,"Smiling Mask":12,"Calling Bell":5,"Du-Vu Doll":16,"Sundial":3,"Strawberry":9,"Philosopher\u0027s Stone":13,"WingedGreaves":3,"Necronomicon":8,"Ring of the Snake":0,"Pocketwatch":5,"Meat on the Bone":5},{"Oddly Smooth Stone":0,"Vajra":7,"Thread and Needle":64,"Snake Skull":18,"Omamori":51,"Letter Opener":79,"War Paint":29,"Smiling Mask":79,"Calling Bell":29,"Du-Vu Doll":106,"Sundial":10,"Strawberry":58,"Philosopher\u0027s Stone":89,"WingedGreaves":10,"Necronomicon":51,"Ring of the Snake":0,"Pocketwatch":29,"Meat on the Bone":29}],"Ring of the Snake":[34],"Pocketwatch":[117],"Meat on the Bone":72},"card_choices":[{"not_picked":["Bane","Dagger Spray"],"picked":"Backstab","floor":1},{"not_picked":["Backflip","Terror"],"picked":"Deadly Poison","floor":3},{"not_picked":["Deadly Poison","Quick Slash"],"picked":"Dodge and Roll","floor":7},{"not_picked":["Choke","Acrobatics"],"picked":"Unload","floor":14},{"not_picked":["Unload","Venomology"],"picked":"Malaise","floor":16},{"not_picked":["Dagger Throw","Tactician"],"picked":"Poisoned Stab","floor":18},{"not_picked":["Acrobatics","Well Laid Plans"],"picked":"PiercingWail","floor":19},{"not_picked":["Sucker Punch+1","Unload"],"picked":"Deflect","floor":20},{"not_picked":["Prepared","Deflect+1"],"picked":"Noxious Fumes","floor":24},{"not_picked":["Sucker Punch","Slice+1","Acrobatics"],"picked":"SKIP","floor":27},{"not_picked":["Acrobatics","Calculated Gamble","Underhanded Strike"],"picked":"SKIP","floor":29},{"not_picked":["Die Die Die","Dagger Spray"],"picked":"Leg Sweep+1","floor":30},{"not_picked":["Unload","Storm of Steel"],"picked":"Adrenaline","floor":33},{"not_picked":["Flying Knee","Prepared+1","Heel Hook+1"],"picked":"SKIP","floor":35},{"not_picked":["Bane+1","Concentrate","All Out Attack+1"],"picked":"SKIP","floor":36},{"not_picked":["Quick Slash","Outmaneuver+1"],"picked":"Blur","floor":37}],"player_experience":1744036,"relics_obtained":[{"floor":7,"key":"Sundial"},{"floor":9,"key":"WingedGreaves"},{"floor":14,"key":"Snake Skull"},{"floor":17,"key":"Pocketwatch"},{"floor":17,"key":"Meat on the Bone"},{"floor":17,"key":"War Paint"},{"floor":22,"key":"Necronomicon"},{"floor":26,"key":"Strawberry"},{"floor":30,"key":"Smiling Mask"},{"floor":31,"key":"Letter Opener"},{"floor":37,"key":"Du-Vu Doll"}],"event_choices":[{"damage_healed":0,"gold_gain":78,"player_choice":"Gained Gold","damage_taken":0,"max_hp_gain":0,"max_hp_loss":0,"event_name":"Golden Wing","floor":2,"gold_loss":0},{"damage_healed":0,"gold_gain":0,"player_choice":"Success","damage_taken":45,"relics_obtained":["Vajra"],"max_hp_gain":0,"max_hp_loss":0,"event_name":"Scrap Ooze","floor":4,"gold_loss":0},{"damage_healed":22,"gold_gain":0,"player_choice":"Banana","damage_taken":0,"max_hp_gain":0,"max_hp_loss":0,"event_name":"Big Fish","floor":12,"gold_loss":0},{"damage_healed":0,"gold_gain":0,"player_choice":"Leave","damage_taken":0,"max_hp_gain":0,"max_hp_loss":0,"event_name":"The Cleric","floor":13,"gold_loss":0},{"damage_healed":0,"gold_gain":0,"player_choice":"Obtained Book","damage_taken":21,"max_hp_gain":0,"max_hp_loss":0,"event_name":"Cursed Tome","floor":22,"gold_loss":0},{"damage_healed":0,"gold_gain":0,"player_choice":"Opened","damage_taken":0,"relics_obtained":["Thread and Needle"],"max_hp_gain":0,"max_hp_loss":0,"event_name":"The Mausoleum","floor":28,"gold_loss":0,"cards_obtained":["Writhe"]},{"damage_healed":0,"gold_gain":0,"player_choice":"Fight","damage_taken":0,"max_hp_gain":0,"max_hp_loss":0,"event_name":"Mysterious Sphere","floor":37,"gold_loss":0},{"damage_healed":0,"gold_gain":0,"player_choice":"Upgraded","damage_taken":0,"max_hp_gain":0,"max_hp_loss":0,"event_name":"Upgrade Shrine","floor":38,"gold_loss":0,"cards_upgraded":["Adrenaline"]}],"is_beta":false,"boss_relics":[{"not_picked":["Snecko Eye","Coffee Dripper"],"picked":"Calling Bell"},{"not_picked":["WristBlade","Pandora\u0027s Box"],"picked":"Philosopher\u0027s Stone"}],"items_purged_floors":[],"is_endless":false,"potions_floor_spawned":[3,7,18,24,27,30,33,37],"killed_by":"Jaw Worm Horde","ascension_level":20}}