{"host":"f7jml7vkwn3tj7tu","time":1612842166,"event":{"mods":["BaseMod","Block Reminder","Minty Spire (QoL Compilation)","Relic Stats","Slay-I"],"gold_per_floor":[112,112,127,139,152,152,184,184,184,184,199,8,8,34,34,130,130,143,20,20,0,17,17,17],"floor_reached":23,"language":"ENG","playtime":926,"items_purged":["Strike_P"],"score":249,"play_id":"3a151f2a-6190-4596-96d6-9edd340cedc9","local_time":"20210208224246","is_ascension_mode":false,"campfire_choices":[{"data":"ConjureBlade","floor":6,"key":"SMITH"},{"floor":8,"key":"REST"},{"data":"Eruption","floor":10,"key":"SMITH"},{"data":"Swivel","floor":13,"key":"SMITH"},{"data":"Sanctity","floor":15,"key":"SMITH"}],"circlet_count":0,"master_deck":["Strike_P","Defend_P","Defend_P","Defend_P","Defend_P","Eruption+1","Vigilance","Alpha","CutThroughFate","FollowUp","BowlingBash","ConjureBlade+1","FollowUp","Swivel+1","Sanctity+1","SpiritShield","Protect+1","PanicButton","Evaluate","SashWhip"],"relics":["HolyWater","Letter Opener","TeardropLocket","Meat on the Bone","Membership Card","Sundial","Happy Flower"],"acts_visited":["Exordium","TheCity"],"potions_floor_usage":[],"damage_taken":[{"damage":8,"enemies":"Jaw Worm","floor":1,"turns":6},{"damage":0,"enemies":"Small Slimes","floor":3,"turns":4},{"damage":0,"enemies":"2 Louse","floor":4,"turns":3},{"damage":14,"enemies":"2 Fungi Beasts","floor":5,"turns":3},{"damage":36,"enemies":"Lagavulin","floor":7,"turns":7},{"damage":10,"enemies":"Looter","floor":11,"turns":2},{"damage":4,"enemies":"3 Sentries","floor":14,"turns":4},{"damage":0,"enemies":"Slime Boss","floor":16,"turns":4},{"damage":7,"enemies":"Shell Parasite","floor":18,"turns":4},{"damage":6,"enemies":"2 Thieves","floor":22,"turns":3},{"damage":59,"enemies":"Gremlin Leader","floor":23,"turns":4}],"seed_played":"-1328402318034431096","potions_obtained":[{"floor":3,"key":"DistilledChaos"},{"floor":7,"key":"DistilledChaos"},{"floor":11,"key":"EssenceOfSteel"}],"is_trial":false,"path_per_floor":["M","?","M","M","M","R","E","R","T","R","M","$","R","E","R","B",null,"M","$","?","?","M","E"],"character_chosen":"WATCHER","items_purchased":["Membership Card","Happy Flower","PanicButton"],"campfire_rested":1,"item_purchase_floors":[12,19,19],"current_hp_per_floor":[64,61,61,61,47,47,11,32,32,32,34,34,34,42,42,42,72,65,65,65,65,59,0,0],"gold":17,"neow_bonus":"ONE_RANDOM_RARE_CARD","is_daily":false,"chose_seed":false,"campfire_upgraded":4,"win_rate":0.0,"timestamp":1612842166,"path_taken":["M","?","M","M","M","R","E","R","T","R","M","$","R","E","R","BOSS","M","$","?","?","M","E"],"items_purchased_type":["Relic","Relic","Card"],"build_version":"2020-12-22","purchased_purges":1,"victory":false,"max_hp_per_floor":[72,72,72,72,72,72,72,72,72,72,72,72,72,72,72,72,72,72,72,72,72,72,72,72],"relic_stats":{"Happy Flower":[2],"counters":[11,44],"Sundial":[0],"Letter Opener":[85],"obtain_stats":[{"Happy Flower":19,"Sundial":14,"HolyWater":17,"Letter Opener":2,"TeardropLocket":7,"Membership Card":12,"PureWater":0,"Meat on the Bone":9},{"Happy Flower":9,"Sundial":7,"HolyWater":8,"Letter Opener":1,"TeardropLocket":5,"Membership Card":6,"PureWater":0,"Meat on the Bone":5},{"Happy Flower":37,"Sundial":29,"HolyWater":33,"Letter Opener":6,"TeardropLocket":23,"Membership Card":25,"PureWater":0,"Meat on the Bone":23}],"Meat on the Bone":24},"card_choices":[{"not_picked":["CrushJoints","FlyingSleeves"],"picked":"CutThroughFate","floor":1},{"not_picked":["FlyingSleeves","EmptyBody"],"picked":"FollowUp","floor":3},{"not_picked":["Evaluate","FlyingSleeves"],"picked":"BowlingBash","floor":4},{"not_picked":["Prostrate","JustLucky"],"picked":"ConjureBlade","floor":5},{"not_picked":["Ragnarok","EmptyFist"],"picked":"FollowUp","floor":7},{"not_picked":["ReachHeaven","Indignation"],"picked":"Swivel","floor":11},{"not_picked":["Halt","FollowUp"],"picked":"Sanctity","floor":14},{"not_picked":["DevaForm","Brilliance"],"picked":"SpiritShield","floor":16},{"not_picked":["PathToVictory","Crescendo"],"picked":"Protect+1","floor":18},{"not_picked":["Halt","Crescendo","Study"],"picked":"SKIP","floor":22}],"player_experience":591454,"relics_obtained":[{"floor":7,"key":"TeardropLocket"},{"floor":9,"key":"Meat on the Bone"},{"floor":14,"key":"Sundial"}],"event_choices":[{"damage_healed":0,"gold_gain":0,"player_choice":"Success","damage_taken":3,"relics_obtained":["Letter Opener"],"max_hp_gain":0,"max_hp_loss":0,"event_name":"Scrap Ooze","floor":2,"gold_loss":0},{"damage_healed":0,"gold_gain":0,"cards_transformed":["Strike_P","Strike_P"],"player_choice":"Became Test Subject","damage_taken":0,"max_hp_gain":0,"max_hp_loss":0,"event_name":"Drug Dealer","floor":20,"gold_loss":0,"cards_obtained":["Evaluate","SashWhip"]},{"damage_healed":0,"gold_gain":0,"player_choice":"Paid Fearfully","damage_taken":0,"max_hp_gain":0,"max_hp_loss":0,"event_name":"Masked Bandits","floor":21,"gold_loss":20}],"is_beta":false,"boss_relics":[{"not_picked":["SlaversCollar","Tiny House"],"picked":"HolyWater"}],"items_purged_floors":[12],"is_endless":false,"potions_floor_spawned":[3,7,11,16,18,22],"killed_by":"Gremlin Leader","ascension_level":0}}