{"host":"188x3om7sf6mgxv1","time":1612843992,"event":{"mods":["BaseMod","Block Reminder","Jorbs\u0027s Wanderer Trilogy","Minty Spire (QoL Compilation)","Relic Stats","StSLib"],"gold_per_floor":[111,61,61,80,0,28,28,28,51,51,86,86,119,135,135,238,238,248,248,54,154,165,200,227,239,251,288,320,432,463,504,516,627,639,667,311,311,311,321,321,348,360,360,393,411,426,442,442,442,442,442,442,63,95,95],"floor_reached":56,"language":"ENG","playtime":2338,"items_purged":["Strike_R+1"],"score":1609,"play_id":"4edd2f07-9ed1-4092-8646-c04397e05ca5","local_time":"20210208231311","is_ascension_mode":true,"campfire_choices":[{"data":"Anger","floor":7.0,"key":"SMITH"},{"data":"Dropkick","floor":10.0,"key":"SMITH"},{"floor":12.0,"key":"REST"},{"data":"Feed","floor":15.0,"key":"SMITH"},{"data":"Immolate","floor":25.0,"key":"SMITH"},{"data":"Shockwave","floor":32,"key":"SMITH"},{"data":"Inflame","floor":40,"key":"SMITH"},{"floor":49,"key":"RECALL"},{"data":"Dropkick","floor":52,"key":"SMITH"}],"circlet_count":0,"master_deck":["Defend_R","Defend_R","Defend_R","Defend_R","Bash+1","Anger+1","Thunderclap","Dropkick+1","Clothesline+1","Shockwave+1","Feed+1","Dual Wield+1","Immolate+1","Battle Trance+1","Shrug It Off+1","True Grit+1","Inflame+1","Dropkick+1","Armaments+1","Metallicize+1","Shrug It Off+1","Demon Form+1","Demon Form+1","Dual Wield+1","True Grit+1","Doubt","Disarm+1","Shrug It Off+1","Spot Weakness+1","Demon Form+1","Battle Trance+1","Shrug It Off+1"],"relics":["Empty Cage","Orichalcum","Pen Nib","Whetstone","Toxic Egg 2","Black Star","Oddly Smooth Stone","MawBank","Shuriken","Blood Vial","Thread and Needle","Bird Faced Urn","Paper Frog","Letter Opener","Frozen Egg 2","Cursed Key","PreservedInsect","Happy Flower","Sundial","MealTicket","Bronze Scales","Self Forming Clay","Red Skull","Lee\u0027s Waffle","Nunchaku","Centennial Puzzle"],"acts_visited":["Exordium","TheCity","TheBeyond","TheEnding"],"potions_floor_usage":[31,55],"damage_taken":[{"damage":10.0,"enemies":"2 Louse","floor":1.0,"turns":4.0},{"damage":0.0,"enemies":"Small Slimes","floor":4.0,"turns":4.0},{"damage":18.0,"enemies":"Gremlin Nob","floor":6.0,"turns":4.0},{"damage":16.0,"enemies":"3 Sentries","floor":11.0,"turns":6.0},{"damage":6.0,"enemies":"Gremlin Nob","floor":13.0,"turns":3.0},{"damage":0.0,"enemies":"Cultist","floor":14.0,"turns":5.0},{"damage":12.0,"enemies":"Hexaghost","floor":16.0,"turns":7.0},{"damage":22.0,"enemies":"2 Thieves","floor":18.0,"turns":3.0},{"damage":3.0,"enemies":"Chosen","floor":22.0,"turns":4.0},{"damage":24.0,"enemies":"Slavers","floor":23.0,"turns":5.0},{"damage":4.0,"enemies":"Snecko","floor":24.0,"turns":4.0},{"damage":15.0,"enemies":"Gremlin Leader","floor":27.0,"turns":7.0},{"damage":2,"enemies":"3 Cultists","floor":28,"turns":5},{"damage":9,"enemies":"Colosseum Slavers","floor":29,"turns":6},{"damage":0,"enemies":"Colosseum Nobs","floor":29,"turns":4},{"damage":0,"enemies":"Chosen and Byrds","floor":30,"turns":6},{"damage":3,"enemies":"Book of Stabbing","floor":31,"turns":8},{"damage":6,"enemies":"Champ","floor":33,"turns":10},{"damage":1,"enemies":"3 Darklings","floor":35,"turns":5},{"damage":17,"enemies":"3 Shapes","floor":39,"turns":4},{"damage":25,"enemies":"Nemesis","floor":41,"turns":5},{"damage":2,"enemies":"Maw","floor":42,"turns":5},{"damage":0,"enemies":"Giant Head","floor":44,"turns":6},{"damage":10,"enemies":"3 Darklings","floor":45,"turns":4},{"damage":23,"enemies":"4 Shapes","floor":46,"turns":6},{"damage":12,"enemies":"Maw","floor":47,"turns":8},{"damage":72,"enemies":"Donu and Deca","floor":50,"turns":9},{"damage":68,"enemies":"Shield and Spear","floor":54,"turns":8},{"damage":80,"enemies":"The Heart","floor":55,"turns":7}],"seed_played":"3325559986027938734","potions_obtained":[{"floor":4.0,"key":"Weak Potion"},{"floor":6.0,"key":"EssenceOfSteel"},{"floor":16.0,"key":"Fire Potion"},{"floor":18.0,"key":"SteroidPotion"},{"floor":31,"key":"LiquidMemories"}],"is_trial":false,"path_per_floor":["M","?","?","M","$","E","R","?","T","R","E","R","E","M","R","B",null,"M","?","$","?","M","E","M","R","T","E","M","?","M","E","R","B",null,"M","$","?","?","M","R","E","M","T","E","M","M","M","?","R","B",null,"R","$","E","B",null],"character_chosen":"IRONCLAD","items_purchased":["Dropkick","True Grit+1","Inflame","Dropkick","PreservedInsect","Happy Flower","Red Skull","Battle Trance+1","Lee\u0027s Waffle"],"campfire_rested":1,"item_purchase_floors":[5,20,20,20,36,36,53,53,53],"current_hp_per_floor":[70,70,63,63,63,45,45,45,45,45,29,53,47,50,50,42,87,69,69,69,69,66,46,46,46,46,31,43,50,58,65,65,67,131,130,130,130,124,115,115,100,110,110,122,122,119,115,115,115,53,144,144,151,89,19],"gold":95,"neow_bonus":"BOSS_RELIC","is_daily":false,"chose_seed":false,"campfire_upgraded":7,"win_rate":0.0,"timestamp":1612843991,"path_taken":["M","?","?","M","$","E","R","?","T","R","E","R","E","M","R","BOSS","M","?","$","?","M","E","?","R","T","E","M","?","M","E","R","BOSS","M","$","?","?","M","R","E","M","T","E","M","M","M","?","R","BOSS","R","$","E","BOSS"],"items_purchased_type":["Card","Card","Card","Card","Relic","Relic","Relic","Card","Relic"],"build_version":"2020-12-22","purchased_purges":1,"victory":true,"max_hp_per_floor":[80,80,80,80,80,80,80,80,80,80,80,80,80,83,83,87,87,91,91,91,91,91,95,99,99,99,99,111,123,127,131,131,131,131,131,131,131,124,128,128,128,128,128,128,132,144,144,144,144,144,144,144,151,151,151],"relic_stats":{"Lee\u0027s Waffle":7,"Happy Flower":[20],"counters":[29,162],"Self Forming Clay":[96],"Pen Nib":[23],"PreservedInsect":240,"Whetstone":["Bash","Strike_R"],"Letter Opener":[155],"Orichalcum":[300],"MawBank":156,"Cursed Key":1,"Blood Vial":28,"Nunchaku":[0],"Centennial Puzzle":[3],"Shuriken":[23],"Sundial":[6],"Bird Faced Urn":[82],"Bronze Scales":[192],"MealTicket":0,"Black Star":6,"obtain_stats":[{"Whetstone":11,"Empty Cage":0,"Cursed Key":34,"Burning Blood":0,"Blood Vial":27,"Nunchaku":54,"Centennial Puzzle":54,"Sundial":41,"MealTicket":41,"Toxic Egg 2":13,"Red Skull":53,"Paper Frog":29,"Lee\u0027s Waffle":53,"Happy Flower":36,"Self Forming Clay":44,"Oddly Smooth Stone":23,"Thread and Needle":27,"Pen Nib":9,"PreservedInsect":36,"Letter Opener":31,"Orichalcum":6,"Frozen Egg 2":31,"MawBank":23,"Shuriken":26,"Bird Faced Urn":29,"Bronze Scales":44,"Black Star":17},{"Whetstone":4,"Empty Cage":0,"Cursed Key":18,"Burning Blood":0,"Blood Vial":12,"Nunchaku":28,"Centennial Puzzle":28,"Sundial":21,"MealTicket":21,"Toxic Egg 2":5,"Red Skull":27,"Paper Frog":15,"Lee\u0027s Waffle":27,"Happy Flower":19,"Self Forming Clay":23,"Oddly Smooth Stone":10,"Thread and Needle":12,"Pen Nib":3,"PreservedInsect":19,"Letter Opener":17,"Orichalcum":3,"Frozen Egg 2":17,"MawBank":10,"Shuriken":11,"Bird Faced Urn":15,"Bronze Scales":23,"Black Star":7},{"Whetstone":18,"Empty Cage":0,"Cursed Key":95,"Burning Blood":0,"Blood Vial":56,"Nunchaku":155,"Centennial Puzzle":155,"Sundial":109,"MealTicket":109,"Toxic Egg 2":21,"Red Skull":147,"Paper Frog":71,"Lee\u0027s Waffle":147,"Happy Flower":100,"Self Forming Clay":120,"Oddly Smooth Stone":45,"Thread and Needle":56,"Pen Nib":12,"PreservedInsect":100,"Letter Opener":85,"Orichalcum":12,"Frozen Egg 2":85,"MawBank":45,"Shuriken":49,"Bird Faced Urn":71,"Bronze Scales":120,"Black Star":33}]},"card_choices":[{"not_picked":["Fire Breathing","Metallicize"],"picked":"Anger","floor":1.0},{"not_picked":["Iron Wave","Clash"],"picked":"Thunderclap","floor":4.0},{"not_picked":["Headbutt","Sentinel"],"picked":"Clothesline","floor":6.0},{"not_picked":["Sentinel","Havoc"],"picked":"Shockwave","floor":11.0},{"not_picked":["Combust","Havoc+1"],"picked":"Feed","floor":13.0},{"not_picked":["Heavy Blade","Twin Strike"],"picked":"Dual Wield+1","floor":14.0},{"not_picked":["Corruption","Berserk"],"picked":"Immolate","floor":16.0},{"not_picked":["Sever Soul","Pommel Strike"],"picked":"Battle Trance+1","floor":18.0},{"not_picked":["Perfected Strike","Anger","Pommel Strike"],"picked":"SKIP","floor":22.0},{"not_picked":["Hemokinesis","Barricade","Headbutt"],"picked":"SKIP","floor":23.0},{"not_picked":["Metallicize","Twin Strike"],"picked":"Armaments+1","floor":24.0},{"not_picked":["Dark Embrace+1","Sword Boomerang","Perfected Strike"],"picked":"SKIP","floor":27.0},{"not_picked":["Seeing Red+1","Pommel Strike","Havoc+1"],"picked":"SKIP","floor":28},{"not_picked":["Fire Breathing+1","Combust"],"picked":"Metallicize+1","floor":29},{"not_picked":["Iron Wave","Dropkick"],"picked":"Shrug It Off+1","floor":30},{"not_picked":["Wild Strike","Metallicize+1"],"picked":"Demon Form+1","floor":31},{"not_picked":["Juggernaut+1","Berserk+1"],"picked":"Demon Form+1","floor":33},{"not_picked":["Shockwave+1","Pummel"],"picked":"Dual Wield+1","floor":35},{"not_picked":["Entrench+1","Iron Wave+1","Pommel Strike"],"picked":"SKIP","floor":39},{"not_picked":["Flex+1","Pummel+1"],"picked":"True Grit+1","floor":41},{"not_picked":["Cleave","Clash","Evolve+1"],"picked":"SKIP","floor":42},{"not_picked":["Clash+1","Perfected Strike+1"],"picked":"Disarm+1","floor":44},{"not_picked":["Heavy Blade+1","Headbutt","Rampage+1"],"picked":"SKIP","floor":45},{"not_picked":["Reckless Charge+1","Cleave"],"picked":"Shrug It Off+1","floor":46},{"not_picked":["Thunderclap","Clash+1"],"picked":"Spot Weakness+1","floor":47},{"not_picked":["Searing Blow+1","Berserk+1"],"picked":"Shrug It Off+1","floor":54}],"player_experience":38121,"relics_obtained":[{"floor":6.0,"key":"Orichalcum"},{"floor":9.0,"key":"Pen Nib"},{"floor":11.0,"key":"Whetstone"},{"floor":13.0,"key":"Toxic Egg 2"},{"floor":23.0,"key":"Oddly Smooth Stone"},{"floor":23.0,"key":"MawBank"},{"floor":26.0,"key":"Shuriken"},{"floor":27.0,"key":"Blood Vial"},{"floor":27.0,"key":"Thread and Needle"},{"floor":29,"key":"Bird Faced Urn"},{"floor":29,"key":"Paper Frog"},{"floor":31,"key":"Letter Opener"},{"floor":31,"key":"Frozen Egg 2"},{"floor":41,"key":"Sundial"},{"floor":41,"key":"MealTicket"},{"floor":44,"key":"Bronze Scales"},{"floor":44,"key":"Self Forming Clay"},{"floor":54,"key":"Nunchaku"},{"floor":54,"key":"Centennial Puzzle"}],"event_choices":[{"cards_removed":["Strike_R"],"damage_healed":0.0,"max_hp_gain":0.0,"max_hp_loss":0.0,"gold_gain":0.0,"event_name":"The Cleric","player_choice":"Card Removal","floor":2.0,"gold_loss":50.0,"damage_taken":0.0},{"cards_removed":["Strike_R"],"damage_healed":0.0,"max_hp_gain":0.0,"max_hp_loss":0.0,"gold_gain":0.0,"event_name":"Golden Wing","player_choice":"Card Removal","floor":3.0,"gold_loss":0.0,"damage_taken":7.0},{"damage_healed":0.0,"max_hp_gain":0.0,"max_hp_loss":0.0,"gold_gain":0.0,"event_name":"Living Wall","player_choice":"Grow","floor":8.0,"gold_loss":0.0,"damage_taken":0.0,"cards_upgraded":["Clothesline"]},{"damage_healed":0.0,"max_hp_gain":0.0,"max_hp_loss":0.0,"gold_gain":0.0,"event_name":"The Library","player_choice":"Read","floor":19.0,"gold_loss":0.0,"damage_taken":0.0,"cards_obtained":["Shrug It Off"]},{"damage_healed":0.0,"max_hp_gain":0.0,"max_hp_loss":0.0,"gold_gain":100.0,"event_name":"Golden Shrine","player_choice":"Pray","floor":21.0,"gold_loss":0.0,"damage_taken":0.0},{"damage_healed":0,"gold_gain":0,"player_choice":"Fight","damage_taken":0,"max_hp_gain":0,"max_hp_loss":0,"event_name":"Colosseum","floor":29,"gold_loss":0},{"damage_healed":0,"gold_gain":0,"player_choice":"Fought Nobs","damage_taken":0,"max_hp_gain":0,"max_hp_loss":0,"event_name":"Colosseum","floor":29,"gold_loss":0},{"damage_healed":0,"gold_gain":0,"player_choice":"Ignored","damage_taken":0,"max_hp_gain":0,"max_hp_loss":0,"event_name":"Tomb of Lord Red Mask","floor":37,"gold_loss":0},{"damage_healed":0,"gold_gain":0,"player_choice":"Max HP","damage_taken":0,"max_hp_gain":0,"max_hp_loss":7,"event_name":"Winding Halls","floor":38,"gold_loss":0},{"damage_healed":0,"gold_gain":0,"player_choice":"Copied","damage_taken":0,"max_hp_gain":0,"max_hp_loss":0,"event_name":"Duplicator","floor":48,"gold_loss":0,"cards_obtained":["Demon Form"]}],"is_beta":false,"boss_relics":[{"not_picked":["Coffee Dripper","Tiny House"],"picked":"Black Star"},{"not_picked":["SlaversCollar","Mark of Pain"],"picked":"Cursed Key"}],"items_purged_floors":[36],"is_endless":false,"potions_floor_spawned":[4,6,16,18,27,28,29,31,33,35,44,45,47,54],"ascension_level":3}}