{"host":"uv231blk40vjdojr","time":1612888419,"event":{"mods":["BaseMod","Minty Spire (QoL Compilation)","Relic Stats","ojb\u0027s Info Mod"],"gold_per_floor":[112,112,112,130,140,140,156,183,209,12,12,40,57,67,67,166,166,181,181,181,200,200,231,231,242,242,271,291,317,317,317,317,422,422,433,444,464,464,475,510,510,536,536,536,137,150,178,33,33,33,33,33,33,67,67],"floor_reached":56,"language":"ENG","playtime":3048,"items_purged":[],"score":1631,"play_id":"2775dc53-dfe1-4ba8-92d4-dcd25bfdd189","local_time":"20210209173339","is_ascension_mode":true,"campfire_choices":[{"data":"Eruption","floor":6.0,"key":"SMITH"},{"data":"ReachHeaven","floor":15.0,"key":"SMITH"},{"data":"LessonLearned","floor":24.0,"key":"SMITH"},{"data":"Scrawl","floor":30.0,"key":"SMITH"},{"data":"Panacea","floor":32.0,"key":"SMITH"},{"floor":44.0,"key":"RECALL"},{"data":"1","floor":49.0,"key":"LIFT"},{"data":"2","floor":52.0,"key":"LIFT"}],"circlet_count":0,"master_deck":["Strike_P+1","Strike_P+1","Strike_P+1","Strike_P+1","Defend_P+1","Defend_P+1","Defend_P+1","Defend_P+1","Eruption+1","Vigilance+1","CurseOfTheBell","SashWhip+1","SashWhip+1","Conclude+1","TalkToTheHand+1","Halt+1","LessonLearned+1","LikeWater+1","Vengeance+1","Scrawl+1","ReachHeaven+1","Scrawl+1","CrushJoints+1","Panacea+1","Wallop+1","CutThroughFate+1","Wallop+1"],"relics":["Calling Bell","Strawberry","HornCleat","Gambling Chip","Ancient Tea Set","Vajra","Omamori","Busted Crown","MutagenicStrength","Necronomicon","Mercury Hourglass","Eternal Feather","Regal Pillow","InkBottle","CloakClasp","Cursed Key","Girya","Blue Candle","Shuriken","Bronze Scales","Orichalcum","ClockworkSouvenir","War Paint"],"acts_visited":["Exordium","TheCity","TheBeyond","TheEnding"],"potions_floor_usage":[],"damage_taken":[{"damage":0.0,"enemies":"Small Slimes","floor":1.0,"turns":3.0},{"damage":0.0,"enemies":"Jaw Worm","floor":4.0,"turns":3.0},{"damage":0.0,"enemies":"Cultist","floor":5.0,"turns":3.0},{"damage":0.0,"enemies":"Red Slaver","floor":7.0,"turns":2.0},{"damage":2.0,"enemies":"Lagavulin","floor":8.0,"turns":7.0},{"damage":6.0,"enemies":"3 Sentries","floor":12.0,"turns":8.0},{"damage":0.0,"enemies":"2 Fungi Beasts","floor":13.0,"turns":2.0},{"damage":0.0,"enemies":"Looter","floor":14.0,"turns":4.0},{"damage":7.0,"enemies":"Hexaghost","floor":16.0,"turns":10.0},{"damage":3.0,"enemies":"3 Byrds","floor":18.0,"turns":6.0},{"damage":3.0,"enemies":"2 Thieves","floor":21.0,"turns":3.0},{"damage":9.0,"enemies":"Book of Stabbing","floor":23.0,"turns":4.0},{"damage":4.0,"enemies":"Shelled Parasite and Fungi","floor":25.0,"turns":4.0},{"damage":0.0,"enemies":"Gremlin Leader","floor":27.0,"turns":2.0},{"damage":0.0,"enemies":"Sentry and Sphere","floor":28.0,"turns":2.0},{"damage":0.0,"enemies":"Slavers","floor":29.0,"turns":2.0},{"damage":5.0,"enemies":"Collector","floor":33.0,"turns":3.0},{"damage":0.0,"enemies":"3 Shapes","floor":35.0,"turns":2.0},{"damage":0.0,"enemies":"Orb Walker","floor":36.0,"turns":2.0},{"damage":7.0,"enemies":"Writhing Mass","floor":37.0,"turns":3.0},{"damage":0.0,"enemies":"Transient","floor":39.0,"turns":5.0},{"damage":1.0,"enemies":"Nemesis","floor":40.0,"turns":5.0},{"damage":0.0,"enemies":"Giant Head","floor":42.0,"turns":5.0},{"damage":0.0,"enemies":"Sphere and 2 Shapes","floor":46.0,"turns":2.0},{"damage":0.0,"enemies":"Reptomancer","floor":47.0,"turns":2.0},{"damage":0.0,"enemies":"Time Eater","floor":50.0,"turns":3.0},{"damage":12.0,"enemies":"Shield and Spear","floor":54.0,"turns":3.0},{"damage":3,"enemies":"The Heart","floor":55,"turns":5}],"seed_played":"4890874732561411190","potions_obtained":[{"floor":7.0,"key":"EntropicBrew"},{"floor":8.0,"key":"Weak Potion"},{"floor":13.0,"key":"Dexterity Potion"},{"floor":29.0,"key":"DistilledChaos"},{"floor":33.0,"key":"Block Potion"},{"floor":42.0,"key":"Fruit Juice"},{"floor":54.0,"key":"SkillPotion"}],"is_trial":false,"path_per_floor":["M","?","?","M","M","R","M","E","T","$","?","E","M","M","R","B",null,"M","?","?","M","?","E","R","M","T","E","M","E","R","?","R","B",null,"M","M","M","?","M","E","?","E","T","R","$","M","E","$","R","B",null,"R","$","E","B",null],"character_chosen":"WATCHER","items_purchased":["LessonLearned","LikeWater","Shuriken","Bronze Scales","ClockworkSouvenir"],"campfire_rested":0,"item_purchase_floors":[10,10,45,45,48],"current_hp_per_floor":[79,63,63,63,63,63,63,61,61,61,61,55,55,55,55,48,79,76,76,60,57,57,48,60,56,56,56,56,56,68,68,79,74,79,79,79,72,72,72,71,71,76,76,80,80,80,80,80,80,80,80,80,80,68,65],"gold":67,"neow_bonus":"BOSS_RELIC","is_daily":false,"chose_seed":false,"campfire_upgraded":5,"win_rate":0.0,"timestamp":1612888419,"path_taken":["M","?","?","M","M","R","?","E","T","?","?","E","M","M","R","BOSS","M","?","?","M","?","E","R","M","T","E","M","E","R","?","R","BOSS","M","M","M","?","M","E","?","E","T","R","$","?","E","$","R","BOSS","R","$","E","BOSS"],"items_purchased_type":["Card","Card","Relic","Relic","Relic"],"build_version":"2020-12-22","purchased_purges":0,"victory":true,"max_hp_per_floor":[79,79,79,79,79,79,79,79,79,79,79,79,79,79,79,79,79,79,79,79,79,79,79,79,79,79,79,79,79,79,79,79,79,79,79,79,79,75,75,75,75,80,80,80,80,80,80,80,80,80,80,80,80,80,80],"relic_stats":{"Regal Pillow":0,"counters":[28,105],"Blue Candle":[0],"Eternal Feather":39,"CloakClasp":[85],"Orichalcum":[6],"War Paint":[],"Cursed Key":0,"Mercury Hourglass":[200],"Busted Crown":34,"Shuriken":[12],"Gambling Chip":[71],"Bronze Scales":[69],"Necronomicon":[36],"obtain_stats":[{"Girya":40,"Regal Pillow":26,"Blue Candle":42,"Vajra":8,"Eternal Feather":23,"Omamori":12,"CloakClasp":29,"Orichalcum":47,"War Paint":54,"Ancient Tea Set":3,"Cursed Key":34,"Mercury Hourglass":22,"ClockworkSouvenir":48,"Calling Bell":0,"HornCleat":0,"Busted Crown":17,"Shuriken":45,"Strawberry":0,"Gambling Chip":0,"MutagenicStrength":19,"Bronze Scales":45,"Necronomicon":20,"PureWater":0,"InkBottle":27},{"Girya":22,"Regal Pillow":13,"Blue Candle":23,"Vajra":5,"Eternal Feather":12,"Omamori":6,"CloakClasp":16,"Orichalcum":25,"War Paint":27,"Ancient Tea Set":1,"Cursed Key":17,"Mercury Hourglass":11,"ClockworkSouvenir":25,"Calling Bell":0,"HornCleat":0,"Busted Crown":9,"Shuriken":23,"Strawberry":0,"Gambling Chip":0,"MutagenicStrength":10,"Bronze Scales":23,"Necronomicon":10,"PureWater":0,"InkBottle":14},{"Girya":85,"Regal Pillow":59,"Blue Candle":90,"Vajra":18,"Eternal Feather":55,"Omamori":26,"CloakClasp":65,"Orichalcum":94,"War Paint":100,"Ancient Tea Set":3,"Cursed Key":68,"Mercury Hourglass":51,"ClockworkSouvenir":94,"Calling Bell":0,"HornCleat":0,"Busted Crown":42,"Shuriken":90,"Strawberry":0,"Gambling Chip":0,"MutagenicStrength":48,"Bronze Scales":90,"Necronomicon":48,"PureWater":0,"InkBottle":61}],"InkBottle":[18]},"card_choices":[{"not_picked":["EmptyFist","EmptyBody"],"picked":"SashWhip","floor":1.0},{"not_picked":["EmptyMind","WaveOfTheHand"],"picked":"SashWhip","floor":4.0},{"not_picked":["Fasting2","PathToVictory"],"picked":"Conclude","floor":5.0},{"not_picked":["Nirvana","Meditate"],"picked":"TalkToTheHand","floor":7.0},{"not_picked":["BattleHymn","FlyingSleeves"],"picked":"Halt","floor":8.0},{"not_picked":["Halt","Crescendo"],"picked":"Vengeance","floor":12.0},{"not_picked":["FollowUp","FlurryOfBlows"],"picked":"Scrawl","floor":13.0},{"not_picked":["ForeignInfluence","Protect"],"picked":"ReachHeaven","floor":14.0},{"not_picked":["Blasphemy","Judgement"],"picked":"Scrawl","floor":16.0},{"not_picked":[],"picked":"CrushJoints+1","floor":18.0},{"not_picked":["Nirvana"],"picked":"SKIP","floor":21.0},{"not_picked":["FlyingSleeves"],"picked":"SKIP","floor":23.0},{"not_picked":["ClearTheMind"],"picked":"SKIP","floor":25.0},{"not_picked":["Wireheading"],"picked":"SKIP","floor":27.0},{"not_picked":["Protect"],"picked":"SKIP","floor":28.0},{"not_picked":["Collect+1"],"picked":"SKIP","floor":29.0},{"not_picked":[],"picked":"Wallop+1","floor":35.0},{"not_picked":[],"picked":"CutThroughFate","floor":36.0},{"not_picked":["JustLucky"],"picked":"SKIP","floor":37.0},{"not_picked":["Weave+1"],"picked":"SKIP","floor":39.0},{"not_picked":["PathToVictory+1"],"picked":"SKIP","floor":40.0},{"not_picked":["Study"],"picked":"SKIP","floor":42.0},{"not_picked":[],"picked":"Wallop+1","floor":46.0},{"not_picked":["ClearTheMind"],"picked":"SKIP","floor":47.0},{"not_picked":["Swivel"],"picked":"SKIP","floor":54.0}],"player_experience":761195,"relics_obtained":[{"floor":0.0,"key":"Strawberry"},{"floor":0.0,"key":"HornCleat"},{"floor":0.0,"key":"Gambling Chip"},{"floor":3.0,"key":"Ancient Tea Set"},{"floor":8.0,"key":"Vajra"},{"floor":12.0,"key":"Omamori"},{"floor":20.0,"key":"Necronomicon"},{"floor":23.0,"key":"Eternal Feather"},{"floor":26.0,"key":"Regal Pillow"},{"floor":27.0,"key":"InkBottle"},{"floor":29.0,"key":"CloakClasp"},{"floor":40.0,"key":"Girya"},{"floor":42.0,"key":"Blue Candle"},{"floor":47.0,"key":"Orichalcum"},{"floor":54.0,"key":"War Paint"}],"event_choices":[{"damage_healed":0.0,"max_hp_gain":0.0,"max_hp_loss":0.0,"gold_gain":0.0,"event_name":"Shining Light","player_choice":"Entered Light","floor":2.0,"gold_loss":0.0,"damage_taken":16.0,"cards_upgraded":["Vigilance","Defend_P"]},{"damage_healed":0.0,"max_hp_gain":0.0,"max_hp_loss":0.0,"gold_gain":0.0,"event_name":"Wheel of Change","player_choice":"Relic","floor":3.0,"gold_loss":0.0,"damage_taken":0.0},{"damage_healed":0.0,"max_hp_gain":0.0,"max_hp_loss":0.0,"gold_gain":0.0,"event_name":"Living Wall","player_choice":"Grow","floor":11.0,"gold_loss":0.0,"damage_taken":0.0,"cards_upgraded":["LikeWater"]},{"damage_healed":0.0,"max_hp_gain":0.0,"max_hp_loss":0.0,"gold_gain":0.0,"event_name":"Drug Dealer","player_choice":"Inject Mutagens","floor":19.0,"gold_loss":0.0,"damage_taken":0.0,"relics_obtained":["MutagenicStrength"]},{"damage_healed":0.0,"max_hp_gain":0.0,"max_hp_loss":0.0,"gold_gain":0.0,"event_name":"Cursed Tome","player_choice":"Obtained Book","floor":20.0,"gold_loss":0.0,"damage_taken":16.0},{"damage_healed":0.0,"max_hp_gain":0.0,"max_hp_loss":0.0,"gold_gain":0.0,"event_name":"Addict","player_choice":"Stole Relic","floor":22.0,"gold_loss":0.0,"damage_taken":0.0,"relics_obtained":["Mercury Hourglass"],"cards_obtained":["Shame"]},{"damage_healed":0.0,"max_hp_gain":0.0,"max_hp_loss":0.0,"gold_gain":0.0,"event_name":"Match and Keep!","player_choice":"1 cards matched","floor":31.0,"gold_loss":0.0,"damage_taken":0.0,"cards_obtained":["Panacea"]},{"damage_healed":0.0,"max_hp_gain":0.0,"max_hp_loss":4.0,"gold_gain":0.0,"event_name":"Winding Halls","player_choice":"Max HP","floor":38.0,"gold_loss":0.0,"damage_taken":0.0},{"damage_healed":0.0,"max_hp_gain":0.0,"max_hp_loss":0.0,"gold_gain":0.0,"event_name":"Upgrade Shrine","player_choice":"Upgraded","floor":41.0,"gold_loss":0.0,"damage_taken":0.0,"cards_upgraded":["Vengeance"]}],"is_beta":false,"boss_relics":[{"not_picked":["Pandora\u0027s Box","Philosopher\u0027s Stone"],"picked":"Busted Crown"},{"not_picked":["Snecko Eye","Runic Pyramid"],"picked":"Cursed Key"}],"items_purged_floors":[],"is_endless":false,"potions_floor_spawned":[7,8,13,14,16,18,29,33,35,36,40,42,54],"ascension_level":4}}