{"host":"ibgtsljv18d2rnte","time":1612849240,"event":{"mods":["AchievementEnabler","BaseMod","Better Match","Hermit","Koishi","Marisa????????","Minty Spire (QoL Compilation)","Prisma Mod","Reliquary","StSLib","The Alterego","The Fake Hero","The Marked","The Servant 0.9.4","Waifu the Spire","Yakumo Yukari mod","everything is the same but u backflip on backflip","slay the spire mod where everything is the same but ironclad has a cowboy hat"],"gold_per_floor":[113,113,127,143,70,70,170,170,170,189,189,213,213,56,56,56,56],"floor_reached":16,"language":"ENG","playtime":517,"items_purged":[],"score":90,"play_id":"68ecc27b-35c1-43f5-9c94-a7600f72e4e8","local_time":"20210208224040","is_ascension_mode":false,"campfire_choices":[{"data":"Bash","floor":6,"key":"SMITH"},{"data":"Entrench","floor":8,"key":"SMITH"},{"data":"Spot Weakness","floor":13,"key":"SMITH"},{"floor":15,"key":"REST"}],"circlet_count":0,"master_deck":["Strike_R","Strike_R","Strike_R","Defend_R","Defend_R","Defend_R","Defend_R","Bash+1","Injury","Entrench+1","Clash","Impervious","Spot Weakness+1","Bloodletting"],"relics":["Burning Blood","Golden Idol","reliquary:ExpiredCoupon","reliquary:Aerogel","Strange Spoon"],"acts_visited":["Exordium"],"potions_floor_usage":[10],"damage_taken":[{"damage":13,"enemies":"Small Slimes","floor":1,"turns":4},{"damage":5,"enemies":"Cultist","floor":3,"turns":4},{"damage":10,"enemies":"Jaw Worm","floor":4,"turns":5},{"damage":28,"enemies":"Exordium Thugs","floor":10,"turns":7},{"damage":13,"enemies":"3 Louse","floor":12,"turns":4},{"damage":50,"enemies":"Slime Boss","floor":16,"turns":8}],"seed_played":"5044757936342238350","potions_obtained":[{"floor":3,"key":"SpeedPotion"},{"floor":10,"key":"FearPotion"}],"is_trial":false,"path_per_floor":["M","?","M","M","$","R","?","R","T","M","?","M","R","$","R","B"],"character_chosen":"IRONCLAD","items_purchased":["Impervious","Strange Spoon"],"campfire_rested":1,"item_purchase_floors":[5,14],"current_hp_per_floor":[65,65,66,62,62,62,62,62,62,40,40,33,33,33,54,4,4],"gold":56,"neow_bonus":"REMOVE_TWO","is_daily":false,"chose_seed":false,"campfire_upgraded":3,"win_rate":0.0,"timestamp":1612849240,"path_taken":["M","?","M","M","$","R","?","R","T","?","?","M","R","$","R","BOSS"],"items_purchased_type":["Card","Relic"],"build_version":"2020-12-22","purchased_purges":0,"victory":false,"max_hp_per_floor":[72,72,72,72,72,72,72,72,72,72,72,72,72,72,72,72,72],"card_choices":[{"not_picked":["Perfected Strike","Burning Pact","True Grit"],"picked":"SKIP","floor":1},{"not_picked":["Clash","Combust"],"picked":"Entrench","floor":3},{"not_picked":["Perfected Strike","Cleave"],"picked":"Clash","floor":4},{"not_picked":["Whirlwind","Dark Embrace"],"picked":"Spot Weakness","floor":10},{"not_picked":["Shrug It Off","Thunderclap"],"picked":"Bloodletting","floor":12}],"player_experience":107986,"relics_obtained":[{"floor":9,"key":"reliquary:ExpiredCoupon"}],"event_choices":[{"damage_healed":0,"gold_gain":0,"player_choice":"Take Wound","damage_taken":0,"relics_obtained":["Golden Idol"],"max_hp_gain":0,"max_hp_loss":0,"event_name":"Golden Idol","floor":2,"gold_loss":0,"cards_obtained":["Injury"]},{"damage_healed":0,"gold_gain":100,"player_choice":"Pray","damage_taken":0,"max_hp_gain":0,"max_hp_loss":0,"event_name":"Golden Shrine","floor":7,"gold_loss":0},{"damage_healed":0,"gold_gain":0,"player_choice":"Gave Potion","damage_taken":0,"relics_obtained":["reliquary:Aerogel"],"max_hp_gain":0,"max_hp_loss":0,"event_name":"WeMeetAgain","floor":11,"gold_loss":0}],"is_beta":false,"boss_relics":[],"items_purged_floors":[],"is_endless":false,"potions_floor_spawned":[3,10],"killed_by":"Slime Boss","ascension_level":0}}