{"host":"m7jrdcbl89w2s34c","time":1612862463,"event":{"mods":["AchievementEnabler","BaseMod","Bestiary","Block Reminder","Colored Map","Colored Powertips","Minty Spire (QoL Compilation)","Permanent Neow","Relic Stats","StSLib"],"gold_per_floor":[109,128,140,215,3,38,38,52,52,52,75,75,93,107,107,178,178,192,206,121,121,121,121,121],"floor_reached":23,"language":"ENG","playtime":1644,"items_purged":[],"score":363,"play_id":"c4019929-9212-41cc-a584-597aca0cdfd3","local_time":"20210209102103","is_ascension_mode":true,"campfire_choices":[{"data":"Defragment","floor":7.0,"key":"SMITH"},{"floor":10.0,"key":"REST"},{"floor":15.0,"key":"REST"}],"circlet_count":0,"master_deck":["AscendersBane","Strike_B","Strike_B","Strike_B","Strike_B","Defend_B","Defend_B","Defend_B","Defend_B","Zap","Dualcast","Panacea","Go for the Eyes","Defragment+1","Conserve Battery","Cold Snap","Sweeping Beam","Capacitor","Hologram","Leap","Biased Cognition","Turbo+1","Coolheaded","Decay"],"relics":["Cracked Core","Membership Card","Smiling Mask","Vajra","Odd Mushroom","Kunai","Black Star","Shuriken"],"acts_visited":["Exordium","TheCity"],"potions_floor_usage":[23],"damage_taken":[{"damage":2.0,"enemies":"Cultist","floor":1.0,"turns":4.0},{"damage":2.0,"enemies":"Jaw Worm","floor":2.0,"turns":4.0},{"damage":0.0,"enemies":"2 Louse","floor":3.0,"turns":2.0},{"damage":26.0,"enemies":"Gremlin Nob","floor":6.0,"turns":4.0},{"damage":7.0,"enemies":"Exordium Wildlife","floor":8.0,"turns":5.0},{"damage":9.0,"enemies":"The Mushroom Lair","floor":11.0,"turns":4.0},{"damage":11.0,"enemies":"Large Slime","floor":13.0,"turns":7.0},{"damage":10.0,"enemies":"Red Slaver","floor":14.0,"turns":2.0},{"damage":3.0,"enemies":"Hexaghost","floor":16.0,"turns":12.0},{"damage":6,"enemies":"Chosen","floor":18,"turns":6},{"damage":31,"enemies":"3 Byrds","floor":19,"turns":7},{"damage":26,"enemies":"Book of Stabbing","floor":23,"turns":7}],"seed_played":"5371122481961126733","potions_obtained":[{"floor":3.0,"key":"Dexterity Potion"},{"floor":8.0,"key":"EssenceOfSteel"},{"floor":11.0,"key":"Dexterity Potion"},{"floor":14.0,"key":"PowerPotion"},{"floor":19,"key":"PotionOfCapacity"}],"is_trial":false,"path_per_floor":["M","M","M","?","$","E","R","M","T","R","?","T","M","M","R","B",null,"M","M","?","?","?","E"],"character_chosen":"DEFECT","items_purchased":["Membership Card","Cold Snap","Fire Potion"],"campfire_rested":2,"item_purchase_floors":[5,5,5],"current_hp_per_floor":[62,60,60,49,49,23,23,16,16,37,28,28,17,7,28,25,60,54,23,23,23,23,0,0],"gold":121,"neow_bonus":"RANDOM_COLORLESS","is_daily":false,"chose_seed":false,"campfire_upgraded":1,"win_rate":0.0,"timestamp":1612862463,"path_taken":["M","?","M","?","$","E","R","M","T","R","?","?","?","M","R","BOSS","M","M","?","?","?","E"],"items_purchased_type":["Relic","Card","Potion"],"build_version":"2020-12-22","purchased_purges":0,"victory":false,"max_hp_per_floor":[71,71,71,71,71,71,71,71,71,71,71,71,71,71,71,71,71,71,71,71,71,71,71,71],"relic_stats":{"counters":[12,64],"Shuriken":[0],"Black Star":0,"Kunai":[3],"Smiling Mask":0,"obtain_stats":[{"Shuriken":20,"Vajra":9,"Black Star":17,"Membership Card":5,"Kunai":12,"Odd Mushroom":11,"Cracked Core":0,"Smiling Mask":6},{"Shuriken":11,"Vajra":5,"Black Star":9,"Membership Card":3,"Kunai":6,"Odd Mushroom":6,"Cracked Core":0,"Smiling Mask":4},{"Shuriken":57,"Vajra":19,"Black Star":44,"Membership Card":10,"Kunai":23,"Odd Mushroom":23,"Cracked Core":0,"Smiling Mask":14}]},"card_choices":[{"not_picked":["Blind","Dramatic Entrance"],"picked":"Panacea","floor":0.0},{"not_picked":["FTL","Beam Cell"],"picked":"Go for the Eyes","floor":1.0},{"not_picked":["Rebound","Cold Snap"],"picked":"Defragment","floor":2.0},{"not_picked":["Skim","Static Discharge"],"picked":"Conserve Battery","floor":3.0},{"not_picked":["Tempest","Barrage"],"picked":"Sweeping Beam","floor":6.0},{"not_picked":["Tempest","Undo"],"picked":"Capacitor","floor":8.0},{"not_picked":["Steam","Storm"],"picked":"Hologram","floor":11.0},{"not_picked":["Rebound","Streamline"],"picked":"Leap","floor":13.0},{"not_picked":["Rip and Tear","Beam Cell","Hyperbeam"],"picked":"SKIP","floor":14.0},{"not_picked":["Echo Form","Meteor Strike"],"picked":"Biased Cognition","floor":16.0},{"not_picked":["Gash","Fusion"],"picked":"Turbo+1","floor":18},{"not_picked":["Beam Cell","Steam Power+1"],"picked":"Coolheaded","floor":19}],"player_experience":271941,"relics_obtained":[{"floor":6.0,"key":"Smiling Mask"},{"floor":9.0,"key":"Vajra"},{"floor":11.0,"key":"Odd Mushroom"},{"floor":12.0,"key":"Kunai"}],"event_choices":[{"damage_healed":0.0,"max_hp_gain":0.0,"max_hp_loss":0.0,"gold_gain":75.0,"event_name":"World of Goop","player_choice":"Gather Gold","floor":4.0,"gold_loss":0.0,"damage_taken":11.0},{"damage_healed":0.0,"max_hp_gain":0.0,"max_hp_loss":0.0,"gold_gain":0.0,"event_name":"Mushrooms","player_choice":"Fought Mushrooms","floor":11.0,"gold_loss":0.0,"damage_taken":0.0},{"damage_healed":0,"gold_gain":0,"player_choice":"Obtained Relic","damage_taken":0,"relics_obtained":["Shuriken"],"max_hp_gain":0,"max_hp_loss":0,"event_name":"Addict","floor":20,"gold_loss":85},{"damage_healed":0,"gold_gain":0,"player_choice":"Smashed Altar","damage_taken":0,"max_hp_gain":0,"max_hp_loss":0,"event_name":"Forgotten Altar","floor":21,"gold_loss":0,"cards_obtained":["Decay"]},{"damage_healed":0,"gold_gain":0,"player_choice":"Ignored","damage_taken":0,"max_hp_gain":0,"max_hp_loss":0,"event_name":"N\u0027loth","floor":22,"gold_loss":0}],"is_beta":false,"boss_relics":[{"not_picked":["Velvet Choker","Calling Bell"],"picked":"Black Star"}],"items_purged_floors":[],"is_endless":false,"potions_floor_spawned":[3,8,11,14,19],"killed_by":"Book of Stabbing","ascension_level":18}}