{"host":"8is2j71l4wmybkoi","time":1612867262,"event":{"mods":["AchievementEnabler","BaseMod","Colored Map","Minty Spire (QoL Compilation)","Rare Cards Sparkle","StSLib","SuperFastMode"],"gold_per_floor":[118,118,131,131,56,56,91,91,91,106,116,6,25,53,53,126,126,142,162,362,379,395,395,407,441,491,491,491,142,142,142],"floor_reached":30,"language":"KOR","playtime":1110,"items_purged":["Strike_R","Strike_R"],"score":499,"play_id":"32af59bb-2015-490f-9a18-d0f9306f5cc5","local_time":"20210209194102","is_ascension_mode":true,"campfire_choices":[{"data":"Bash","floor":6.0,"key":"SMITH"},{"data":"Anger","floor":8.0,"key":"SMITH"},{"data":"Body Slam","floor":15.0,"key":"SMITH"},{"floor":23.0,"key":"REST"},{"data":"Barricade","floor":27,"key":"SMITH"}],"circlet_count":0,"master_deck":["AscendersBane","Defend_R","Defend_R","Defend_R","Defend_R","Bash+1","Anger+1","Pummel","Shrug It Off","Rage","Barricade+1","Fire Breathing","Body Slam+1","Offering","Disarm","Exhume","Bloodletting+1","Dark Embrace","Shockwave"],"relics":["Burning Blood","Bag of Marbles","Vajra","Sozu","Torii","Smiling Mask","PreservedInsect","Orrery"],"acts_visited":["Exordium","TheCity"],"potions_floor_usage":[25,25],"damage_taken":[{"damage":1.0,"enemies":"Small Slimes","floor":1.0,"turns":4.0},{"damage":4.0,"enemies":"Jaw Worm","floor":3.0,"turns":3.0},{"damage":25.0,"enemies":"3 Sentries","floor":7.0,"turns":8.0},{"damage":1.0,"enemies":"Cultist","floor":10.0,"turns":3.0},{"damage":6.0,"enemies":"Red Slaver","floor":11.0,"turns":3.0},{"damage":16.0,"enemies":"Exordium Wildlife","floor":13.0,"turns":4.0},{"damage":0.0,"enemies":"Lagavulin","floor":14.0,"turns":6.0},{"damage":26.0,"enemies":"Hexaghost","floor":16.0,"turns":9.0},{"damage":13.0,"enemies":"3 Byrds","floor":18.0,"turns":5.0},{"damage":14.0,"enemies":"Spheric Guardian","floor":19.0,"turns":5.0},{"damage":16.0,"enemies":"Chosen and Byrds","floor":21.0,"turns":6.0},{"damage":28.0,"enemies":"Sentry and Sphere","floor":22.0,"turns":6.0},{"damage":16.0,"enemies":"Centurion and Healer","floor":24.0,"turns":5.0},{"damage":26,"enemies":"Slavers","floor":25,"turns":5},{"damage":14,"enemies":"Gremlin Leader","floor":30,"turns":2}],"seed_played":"-8037949581825034724","potions_obtained":[{"floor":3.0,"key":"Fire Potion"},{"floor":10.0,"key":"Swift Potion"},{"floor":14.0,"key":"Strength Potion"},{"floor":16.0,"key":"Fire Potion"}],"is_trial":false,"path_per_floor":["M","?","M","?","?","R","E","R","T","M","M","$","M","E","R","B",null,"M","M","?","M","M","R","M","E","T","R","?","$","E"],"character_chosen":"IRONCLAD","items_purchased":["Fire Breathing","PreservedInsect","Orrery"],"campfire_rested":1,"item_purchase_floors":[12,29,29],"current_hp_per_floor":[73,78,80,73,73,73,54,54,54,59,59,59,49,55,55,35,69,62,54,54,44,22,46,36,16,16,16,10,10,0,0],"gold":142,"neow_bonus":"TRANSFORM_CARD","is_daily":false,"chose_seed":false,"campfire_upgraded":4,"win_rate":0.0,"timestamp":1612867262,"path_taken":["M","?","M","?","?","R","E","R","T","M","?","?","M","E","R","BOSS","M","M","?","?","M","R","M","E","T","R","?","$","E"],"items_purchased_type":["Card","Relic","Relic"],"build_version":"2020-12-22","purchased_purges":2,"victory":false,"max_hp_per_floor":[75,80,80,80,80,80,80,80,80,80,80,80,80,80,80,80,80,80,80,80,80,80,80,80,80,80,80,80,80,80,80],"card_choices":[{"not_picked":["Anger","Iron Wave"],"picked":"Pummel","floor":1.0},{"not_picked":["Twin Strike","Havoc"],"picked":"Shrug It Off","floor":3.0},{"not_picked":["Headbutt","Sword Boomerang","Cleave"],"picked":"SKIP","floor":7.0},{"not_picked":["Headbutt","Warcry"],"picked":"Rage","floor":10.0},{"not_picked":["Inflame","Whirlwind"],"picked":"Barricade","floor":11.0},{"not_picked":["Fire Breathing","Rampage"],"picked":"Body Slam","floor":13.0},{"not_picked":["Flex","Feel No Pain","Rupture"],"picked":"SKIP","floor":14.0},{"not_picked":["Impervious","Barricade"],"picked":"Offering","floor":16.0},{"not_picked":["Sword Boomerang","Flame Barrier"],"picked":"Disarm","floor":18.0},{"not_picked":["Pommel Strike","Clash+1","Whirlwind"],"picked":"SKIP","floor":19.0},{"not_picked":["Iron Wave","True Grit"],"picked":"Exhume","floor":21.0},{"not_picked":["Intimidate","Clash","Heavy Blade"],"picked":"SKIP","floor":22.0},{"not_picked":["Havoc","Bludgeon"],"picked":"Bloodletting+1","floor":24.0},{"not_picked":["True Grit","Barricade","Warcry"],"picked":"SKIP","floor":25},{"not_picked":["Ghostly Armor","Bloodletting"],"picked":"Dark Embrace","floor":29},{"not_picked":["Sword Boomerang+1","Pommel Strike"],"picked":"Shockwave","floor":29}],"player_experience":1082578,"relics_obtained":[{"floor":7.0,"key":"Bag of Marbles"},{"floor":14.0,"key":"Vajra"},{"floor":25,"key":"Torii"},{"floor":26,"key":"Smiling Mask"}],"event_choices":[{"damage_healed":0.0,"max_hp_gain":5.0,"max_hp_loss":0.0,"gold_gain":0.0,"event_name":"Big Fish","player_choice":"Donut","floor":2.0,"gold_loss":0.0,"damage_taken":0.0},{"cards_removed":["Strike_R"],"damage_healed":0.0,"max_hp_gain":0.0,"max_hp_loss":0.0,"gold_gain":0.0,"event_name":"Golden Wing","player_choice":"Card Removal","floor":4.0,"gold_loss":0.0,"damage_taken":7.0},{"cards_removed":["Strike_R"],"damage_healed":0.0,"max_hp_gain":0.0,"max_hp_loss":0.0,"gold_gain":0.0,"event_name":"The Cleric","player_choice":"Card Removal","floor":5.0,"gold_loss":75.0,"damage_taken":0.0},{"damage_healed":0.0,"max_hp_gain":0.0,"max_hp_loss":0.0,"gold_gain":200.0,"event_name":"Wheel of Change","player_choice":"Gold","floor":20.0,"gold_loss":0.0,"damage_taken":0.0},{"damage_healed":0,"gold_gain":0,"player_choice":"","damage_taken":6,"max_hp_gain":0,"max_hp_loss":0,"event_name":"Knowing Skull","floor":28,"potions_obtained":[],"gold_loss":0,"cards_obtained":[]}],"is_beta":false,"boss_relics":[{"not_picked":["Mark of Pain","SacredBark"],"picked":"Sozu"}],"items_purged_floors":[12,29],"is_endless":false,"potions_floor_spawned":[3,10,14,16,24,25],"killed_by":"Gremlin Leader","ascension_level":15}}