{"host":"f55nj4gldpx3ksju","time":1612875378,"event":{"mods":["BaseMod","Colored Map","Highlight Path","Minty Spire (QoL Compilation)"],"gold_per_floor":[112,123,135,135,41,41,68,78,104,104,117,192,192,203,203,306,306,322,322,342,201,214,214,214],"floor_reached":23,"language":"ZHS","playtime":999,"items_purged":[],"score":261,"play_id":"f033d6fb-eefb-4de1-ba65-1c9b03c3c9fe","local_time":"20210209205618","is_ascension_mode":true,"campfire_choices":[{"data":"Prostrate","floor":6.0,"key":"SMITH"},{"floor":10.0,"key":"REST"},{"data":"Prostrate","floor":15.0,"key":"SMITH"}],"circlet_count":0,"master_deck":["Strike_P","Strike_P","Strike_P","Defend_P","Defend_P","Defend_P","Defend_P","Vigilance","InnerPeace","Prostrate+1","Worship+1","BattleHymn","LikeWater","Prostrate+1","Devotion","Wallop","LessonLearned"],"relics":["Empty Cage","Strawberry","Anchor","Sozu"],"acts_visited":["Exordium","TheCity"],"potions_floor_usage":[],"damage_taken":[{"damage":23.0,"enemies":"Cultist","floor":1.0,"turns":6.0},{"damage":5.0,"enemies":"2 Louse","floor":2.0,"turns":5.0},{"damage":1.0,"enemies":"Small Slimes","floor":3.0,"turns":6.0},{"damage":17.0,"enemies":"3 Sentries","floor":7.0,"turns":12.0},{"damage":12.0,"enemies":"Looter","floor":8.0,"turns":3.0},{"damage":9.0,"enemies":"Blue Slaver","floor":11.0,"turns":3.0},{"damage":1.0,"enemies":"Gremlin Gang","floor":14.0,"turns":6.0},{"damage":17.0,"enemies":"The Guardian","floor":16.0,"turns":8.0},{"damage":30.0,"enemies":"3 Byrds","floor":18.0,"turns":6.0},{"damage":2.0,"enemies":"Spheric Guardian","floor":20.0,"turns":3.0},{"damage":8.0,"enemies":"Cultist and Chosen","floor":22.0,"turns":5.0},{"damage":34,"enemies":"Gremlin Leader","floor":23,"turns":2}],"seed_played":"727399208603419205","potions_obtained":[{"floor":1.0,"key":"Ambrosia"},{"floor":3.0,"key":"SkillPotion"},{"floor":4.0,"key":"Block Potion"},{"floor":4.0,"key":"AttackPotion"},{"floor":7.0,"key":"Dexterity Potion"}],"is_trial":false,"path_per_floor":["M","M","M","?","$","R","E","M","T","R","M","?","?","M","R","B",null,"M","?","M","$","M","E"],"character_chosen":"WATCHER","items_purchased":["Prostrate","Worship","Wallop","LessonLearned"],"campfire_rested":1,"item_purchase_floors":[5,5,21,21],"current_hp_per_floor":[42,37,36,36,36,36,26,14,14,37,28,17,43,42,42,25,66,36,36,34,34,26,0,0],"gold":214,"neow_bonus":"BOSS_RELIC","is_daily":false,"chose_seed":false,"campfire_upgraded":2,"win_rate":0.0,"timestamp":1612875378,"path_taken":["M","M","?","?","$","R","E","?","T","R","M","?","?","M","R","BOSS","M","?","M","$","?","E"],"items_purchased_type":["Card","Card","Card","Card"],"build_version":"2020-12-22","purchased_purges":0,"victory":false,"max_hp_per_floor":[72,72,72,72,72,72,79,79,79,79,79,79,79,79,79,79,79,79,79,79,79,79,79,79],"card_choices":[{"not_picked":["Fasting2","FollowUp","ForeignInfluence"],"picked":"SKIP","floor":1.0},{"not_picked":["Vengeance","CrushJoints","CutThroughFate"],"picked":"SKIP","floor":2.0},{"not_picked":["Adaptation","BowlingBash"],"picked":"InnerPeace","floor":3.0},{"not_picked":["EmptyBody","FlurryOfBlows"],"picked":"BattleHymn","floor":7.0},{"not_picked":["LessonLearned","Meditate"],"picked":"LikeWater","floor":8.0},{"not_picked":["SandsOfTime","JustLucky","Study"],"picked":"SKIP","floor":11.0},{"not_picked":["CutThroughFate","MentalFortress"],"picked":"Prostrate","floor":14.0},{"not_picked":["Scrawl","Wish"],"picked":"Devotion","floor":16.0},{"not_picked":["BattleHymn","FlyingSleeves+1","Protect"],"picked":"SKIP","floor":18.0},{"not_picked":["Study","SashWhip","EmptyFist"],"picked":"SKIP","floor":20.0},{"not_picked":["Halt","SashWhip+1","Protect"],"picked":"SKIP","floor":22.0}],"player_experience":394825,"relics_obtained":[{"floor":7.0,"key":"Strawberry"},{"floor":9.0,"key":"Anchor"}],"event_choices":[{"damage_healed":0.0,"max_hp_gain":0.0,"max_hp_loss":0.0,"gold_gain":0.0,"event_name":"Lab","player_choice":"Got Potions","floor":4.0,"gold_loss":0.0,"damage_taken":0.0},{"damage_healed":0.0,"max_hp_gain":0.0,"max_hp_loss":0.0,"gold_gain":75.0,"event_name":"World of Goop","player_choice":"Gather Gold","floor":12.0,"gold_loss":0.0,"damage_taken":11.0},{"damage_healed":26.0,"max_hp_gain":0.0,"max_hp_loss":0.0,"gold_gain":0.0,"event_name":"Big Fish","player_choice":"Banana","floor":13.0,"gold_loss":0.0,"damage_taken":0.0},{"damage_healed":0.0,"max_hp_gain":0.0,"max_hp_loss":0.0,"gold_gain":0.0,"event_name":"The Woman in Blue","player_choice":"Bought 0 Potions","floor":19.0,"gold_loss":0.0,"damage_taken":0.0}],"is_beta":false,"boss_relics":[{"not_picked":["Pandora\u0027s Box","Fusion Hammer"],"picked":"Sozu"}],"items_purged_floors":[],"is_endless":false,"potions_floor_spawned":[1,3,7,20],"killed_by":"Gremlin Leader","ascension_level":7}}