{"host":"37ccm3d17clopct7","time":1612890029,"event":{"mods":["BaseMod","GungeonMod","Hermit","Lobotomy","Minty Spire (QoL Compilation)","StSLib","The Bug Knight","The Cursed","The Hierophant","The Jungle","The Runesmith"],"gold_per_floor":[209,228,228,245,258,291,310,310,310,310,310,323,4,79,79,79,79],"floor_reached":16,"language":"KOR","playtime":481,"items_purged":["Defend_G"],"score":102,"play_id":"47b0a450-6989-4dcc-a086-8ce5bd74d62a","local_time":"20210210020029","is_ascension_mode":false,"campfire_choices":[{"floor":8,"key":"REST"},{"data":"Dagger Spray","floor":10,"key":"SMITH"},{"floor":15,"key":"REST"}],"circlet_count":0,"master_deck":["Strike_G","Strike_G","Strike_G","Strike_G","Strike_G","Defend_G","Defend_G","Defend_G","Defend_G","Survivor","Neutralize","PiercingWail","Dagger Spray+1","Endless Agony","Sucker Punch","Slice","Slice"],"relics":["Ring of the Snake","Tiny Chest","DemoMod:PoisonVial","Bottled Lightning"],"acts_visited":["Exordium"],"potions_floor_usage":[6,16,16],"damage_taken":[{"damage":0,"enemies":"2 Louse","floor":1,"turns":3},{"damage":0,"enemies":"Cultist","floor":2,"turns":4},{"damage":0,"enemies":"Small Slimes","floor":4,"turns":3},{"damage":3,"enemies":"Exordium Wildlife","floor":5,"turns":4},{"damage":30,"enemies":"Gremlin Nob","floor":6,"turns":6},{"damage":4,"enemies":"Looter","floor":7,"turns":3},{"damage":0,"enemies":"Lots of Slimes","floor":12,"turns":1},{"damage":64,"enemies":"The Guardian","floor":16,"turns":14}],"seed_played":"-5072795190945010579","potions_obtained":[{"floor":4,"key":"SpeedPotion"},{"floor":5,"key":"Block Potion"},{"floor":6,"key":"SpeedPotion"},{"floor":7,"key":"SteroidPotion"}],"is_trial":false,"path_per_floor":["M","M","?","M","M","E","M","R","T","R","?","M","$","?","R","B"],"character_chosen":"THE_SILENT","items_purchased":["Bottled Lightning"],"campfire_rested":2,"item_purchase_floors":[13],"current_hp_per_floor":[70,70,70,70,67,37,33,54,54,54,54,54,54,43,64,0,0],"gold":79,"neow_bonus":"HUNDRED_GOLD","is_daily":false,"chose_seed":false,"campfire_upgraded":1,"win_rate":0.0,"timestamp":1612890029,"path_taken":["M","M","?","M","M","E","M","R","T","R","?","?","$","?","R","BOSS"],"items_purchased_type":["Relic"],"build_version":"2020-12-22","purchased_purges":1,"victory":false,"max_hp_per_floor":[70,70,70,70,70,70,70,70,70,70,70,70,70,70,70,70,70],"card_choices":[{"not_picked":["Endless Agony","Deflect"],"picked":"PiercingWail","floor":1},{"not_picked":["A Thousand Cuts","Tactician"],"picked":"Dagger Spray","floor":2},{"not_picked":["Dagger Spray","Heel Hook"],"picked":"Endless Agony","floor":4},{"not_picked":["Heel Hook","Poisoned Stab"],"picked":"Sucker Punch","floor":5},{"not_picked":["Dagger Spray","Blade Dance"],"picked":"Slice","floor":6},{"not_picked":["Underhanded Strike","Dagger Spray"],"picked":"Slice","floor":7},{"not_picked":["Well Laid Plans","Tactician","Masterful Stab"],"picked":"SKIP","floor":12}],"player_experience":155835,"relics_obtained":[{"floor":6,"key":"Tiny Chest"},{"floor":9,"key":"DemoMod:PoisonVial"}],"event_choices":[{"damage_healed":0,"gold_gain":0,"player_choice":"Ignored","damage_taken":0,"max_hp_gain":0,"max_hp_loss":0,"event_name":"Liars Game","floor":3,"gold_loss":0},{"cards_removed":["Defend_R"],"damage_healed":0,"gold_gain":0,"player_choice":"Took Card","damage_taken":0,"max_hp_gain":0,"max_hp_loss":0,"event_name":"NoteForYourself","floor":11,"gold_loss":0,"cards_obtained":["Defend_R"]},{"damage_healed":0,"gold_gain":75,"player_choice":"Gather Gold","damage_taken":11,"max_hp_gain":0,"max_hp_loss":0,"event_name":"World of Goop","floor":14,"gold_loss":0}],"is_beta":false,"boss_relics":[],"items_purged_floors":[13],"is_endless":false,"potions_floor_spawned":[4,5,6,7],"killed_by":"The Guardian","ascension_level":0}}