{"host":"z94nnvkgi5lm5f4m","time":1612855368,"event":{"mods":["AchievementEnabler","BaseMod","Colored Map","Colored Powertips","Minty Spire (QoL Compilation)"],"gold_per_floor":[118,135,135,13,28,28,54,54,54,85,98,112,112,122,122,226,226,243,262,279,279,289,289,170,170,170,180,95,107,141,155,155,253,253,266,266,286,45,45,45,45,45,100,130,3,3,3],"floor_reached":46,"language":"ENG","playtime":3582,"items_purged":["Strike_B"],"score":504,"play_id":"6a54a1ed-c9e3-4167-bf9f-d7f2770b3d14","local_time":"20210208232248","is_ascension_mode":true,"campfire_choices":[{"floor":6.0,"key":"RECALL"},{"data":"Zap","floor":8.0,"key":"SMITH"},{"floor":15,"key":"REST"},{"floor":23,"key":"REST"},{"data":"Rainbow","floor":25,"key":"SMITH"},{"floor":32,"key":"REST"},{"data":"Coolheaded","floor":40,"key":"SMITH"}],"circlet_count":0,"master_deck":["Strike_B","Strike_B","Defend_B","Defend_B","Zap+1","Dualcast","Conserve Battery","Leap","Steam","Cold Snap","Go for the Eyes+1","Creative AI+1","Beam Cell+1","Steam+1","Storm+1","Rainbow+1","Coolheaded+1","BootSequence","Necronomicurse","Sweeping Beam+1","Capacitor+1","Turbo","Turbo+1","Rip and Tear+1","Conserve Battery","Go for the Eyes+1","Amplify","Leap+1","Electrodynamics+1","Glacier","Barrage+1"],"relics":["Cracked Core","Molten Egg 2","Regal Pillow","Frozen Egg 2","Empty Cage","Necronomicon","StoneCalendar","Smiling Mask","Mummified Hand","Inserter","Meat on the Bone","Orichalcum"],"acts_visited":["Exordium","TheCity","TheBeyond"],"potions_floor_usage":[18,27,30,33,44],"damage_taken":[{"damage":10.0,"enemies":"Cultist","floor":1.0,"turns":4.0},{"damage":2.0,"enemies":"Small Slimes","floor":2.0,"turns":3.0},{"damage":0.0,"enemies":"2 Louse","floor":5.0,"turns":3.0},{"damage":11.0,"enemies":"3 Sentries","floor":7.0,"turns":9.0},{"damage":11.0,"enemies":"Gremlin Nob","floor":10.0,"turns":5.0},{"damage":16.0,"enemies":"Lots of Slimes","floor":11.0,"turns":5.0},{"damage":1.0,"enemies":"Red Slaver","floor":12.0,"turns":3.0},{"damage":0.0,"enemies":"3 Louse","floor":14.0,"turns":4.0},{"damage":18,"enemies":"Hexaghost","floor":16,"turns":8},{"damage":10,"enemies":"Spheric Guardian","floor":18,"turns":4},{"damage":1,"enemies":"Shell Parasite","floor":19,"turns":7},{"damage":1,"enemies":"Centurion and Healer","floor":20,"turns":9},{"damage":8,"enemies":"Snake Plant","floor":22,"turns":6},{"damage":0,"enemies":"Chosen and Byrds","floor":27,"turns":4},{"damage":5,"enemies":"Centurion and Healer","floor":29,"turns":7},{"damage":15,"enemies":"Gremlin Leader","floor":30,"turns":7},{"damage":20,"enemies":"Cultist and Chosen","floor":31,"turns":7},{"damage":49,"enemies":"Automaton","floor":33,"turns":10},{"damage":44,"enemies":"3 Darklings","floor":35,"turns":6},{"damage":17,"enemies":"Orb Walker","floor":37,"turns":6},{"damage":26,"enemies":"Giant Head","floor":44,"turns":10},{"damage":45,"enemies":"Jaw Worm Horde","floor":46,"turns":4}],"seed_played":"-8450390208632888759","potions_obtained":[{"floor":0.0,"key":"Swift Potion"},{"floor":0.0,"key":"Fire Potion"},{"floor":0.0,"key":"Energy Potion"},{"floor":7.0,"key":"Energy Potion"},{"floor":11.0,"key":"ColorlessPotion"},{"floor":22,"key":"DistilledChaos"},{"floor":27,"key":"LiquidBronze"},{"floor":29,"key":"GamblersBrew"},{"floor":37,"key":"PowerPotion"}],"is_trial":false,"path_per_floor":["M","M","?","$","M","R","E","R","T","E","M","M","?","M","R","B",null,"M","M","M","?","M","R","$","R","T","M","?","M","E","M","R","B",null,"M","?","M","$","?","R","?","$","T","E","$","M"],"character_chosen":"DEFECT","items_purchased":["Steam","Capacitor+1","Turbo","Meat on the Bone","Glacier","Barrage+1"],"campfire_rested":3,"item_purchase_floors":[4,24,24,38,45,45],"current_hp_per_floor":[65,63,63,63,63,63,52,52,52,41,25,24,24,24,61,43,75,65,64,63,47,39,75,75,75,75,75,75,70,55,35,72,23,75,31,31,14,14,66,66,66,66,66,40,40,0,0],"gold":3,"neow_bonus":"THREE_SMALL_POTIONS","is_daily":false,"chose_seed":false,"campfire_upgraded":3,"win_rate":0.0,"timestamp":1612855368,"path_taken":["M","M","?","?","M","R","E","R","T","E","?","M","?","M","R","BOSS","M","?","M","?","M","R","$","R","T","M","?","M","E","M","R","BOSS","M","?","?","$","?","R","?","$","T","E","?","M"],"items_purchased_type":["Card","Card","Card","Relic","Card","Card"],"build_version":"2020-12-22","purchased_purges":1,"victory":false,"max_hp_per_floor":[75,75,75,75,75,75,75,75,75,75,75,75,75,75,75,75,75,75,75,75,75,75,75,75,75,75,75,75,75,75,75,75,75,75,75,75,75,75,66,66,66,66,66,66,66,66,66],"card_choices":[{"not_picked":["Chill","Auto Shields"],"picked":"Conserve Battery","floor":1.0},{"not_picked":["Rebound","Go for the Eyes"],"picked":"Leap","floor":2.0},{"not_picked":["Steam","Undo"],"picked":"Cold Snap","floor":5.0},{"not_picked":["Rebound+1","Gash+1"],"picked":"Go for the Eyes+1","floor":7.0},{"not_picked":["Blizzard+1","Hologram"],"picked":"Creative AI+1","floor":10.0},{"not_picked":["Steam","Static Discharge+1"],"picked":"Beam Cell+1","floor":11.0},{"not_picked":["Redo","Doom and Gloom+1"],"picked":"Steam","floor":12.0},{"not_picked":["Sunder+1","Hologram"],"picked":"Storm+1","floor":14.0},{"not_picked":["Creative AI+1","Meteor Strike+1"],"picked":"Rainbow","floor":16},{"not_picked":["Consume+1","Aggregate"],"picked":"Coolheaded","floor":18},{"not_picked":["Consume","Rebound+1"],"picked":"BootSequence","floor":19},{"not_picked":["Sunder+1","Tempest","Chaos"],"picked":"SKIP","floor":20},{"not_picked":["Gash+1","Coolheaded"],"picked":"Sweeping Beam+1","floor":22},{"not_picked":["Skim+1","Compile Driver+1"],"picked":"Turbo+1","floor":27},{"not_picked":["Steam","Beam Cell+1"],"picked":"Rip and Tear+1","floor":29},{"not_picked":["Sweeping Beam+1","Storm+1"],"picked":"Conserve Battery","floor":30},{"not_picked":["Compile Driver+1","Streamline+1"],"picked":"Go for the Eyes+1","floor":31},{"not_picked":["All For One+1","Multi-Cast"],"picked":"Amplify","floor":33},{"not_picked":["Conserve Battery+1","Reinforced Body"],"picked":"Leap+1","floor":35},{"not_picked":["Coolheaded+1","Sweeping Beam+1"],"picked":"Electrodynamics+1","floor":37},{"not_picked":["Aggregate+1","Hyperbeam+1","Go for the Eyes+1"],"picked":"SKIP","floor":44}],"player_experience":92640,"relics_obtained":[{"floor":7.0,"key":"Molten Egg 2"},{"floor":9.0,"key":"Regal Pillow"},{"floor":10.0,"key":"Frozen Egg 2"},{"floor":21,"key":"Necronomicon"},{"floor":26,"key":"StoneCalendar"},{"floor":30,"key":"Mummified Hand"},{"floor":44,"key":"Orichalcum"}],"event_choices":[{"damage_healed":0.0,"max_hp_gain":0.0,"max_hp_loss":0.0,"gold_gain":0.0,"event_name":"The Woman in Blue","player_choice":"Bought 0 Potions","floor":3.0,"gold_loss":0.0,"damage_taken":0.0},{"damage_healed":0.0,"max_hp_gain":0.0,"max_hp_loss":0.0,"gold_gain":0.0,"event_name":"Match and Keep!","player_choice":"0 cards matched","floor":13.0,"gold_loss":0.0,"damage_taken":0.0,"cards_obtained":[]},{"damage_healed":0,"gold_gain":0,"player_choice":"Obtained Book","damage_taken":16,"max_hp_gain":0,"max_hp_loss":0,"event_name":"Cursed Tome","floor":21,"gold_loss":0},{"damage_healed":0,"gold_gain":0,"player_choice":"Obtained Relic","damage_taken":0,"relics_obtained":["Smiling Mask"],"max_hp_gain":0,"max_hp_loss":0,"event_name":"Addict","floor":28,"gold_loss":85},{"damage_healed":0,"gold_gain":0,"player_choice":"Upgraded","damage_taken":0,"max_hp_gain":0,"max_hp_loss":0,"event_name":"Upgrade Shrine","floor":36,"gold_loss":0,"cards_upgraded":["Steam"]},{"damage_healed":66,"gold_gain":0,"player_choice":"Heal","damage_taken":0,"max_hp_gain":0,"max_hp_loss":9,"event_name":"The Moai Head","floor":39,"gold_loss":0},{"cards_removed":["Defend_B"],"damage_healed":0,"gold_gain":0,"player_choice":"Removed Skill","damage_taken":0,"max_hp_gain":0,"max_hp_loss":0,"event_name":"Falling","floor":41,"gold_loss":0}],"is_beta":false,"boss_relics":[{"not_picked":["SacredBark","Cursed Key"],"picked":"Empty Cage"},{"not_picked":["Astrolabe","Calling Bell"],"picked":"Inserter"}],"items_purged_floors":[4],"is_endless":false,"potions_floor_spawned":[2,7,11,22,27,29,37],"killed_by":"Jaw Worm Horde","ascension_level":1}}