{"host":"d73an99q9oevilk5","time":1612838784,"event":{"mods":["2.2 Compatiblity","AchievementEnabler","Act Like it!","Aspiration","BaseMod","Beaked The Cultist","Better Third Choice","BetterRewards","Colored Map","Colored Powertips","Conspire","Downfall","GifTheSpireLib","GungeonMod","Halation","Hubris","Infinite Spire","Marisa????????","Mimic Mod","Minty Spire (QoL Compilation)","Quick Restart","Relic Sorter","Reliquary","Replay The Spire","Shop Mod","Spikes Relics","StSLib","Stuff the Spire","The Cursed","The Necromancer","The Saiyan","Waifu the Spire","[IsaacMod]????","egg","slay the spire mod where everything is the same but ironclad has a cowboy hat"],"gold_per_floor":[116,116,116,116,41,59,73,73,73,105,105,130,180,247,247,273,273,392,392,484,529,561,568,611,611,644,744,744,744,744,773,773,806,806,952,952,1015,1015,1015,1070,1070,1070,485,540,540,540,28,0,31,92,92,113],"floor_reached":53,"language":"ENG","playtime":2111,"items_purged":["infinitespire:Pacifist"],"score":750,"play_id":"9cbd84f7-fdd6-4264-b221-f82bb5d5d070","local_time":"20210208194624","is_ascension_mode":false,"campfire_choices":[{"data":"Self Repair","floor":8,"key":"SMITH"},{"data":"BasicCrystalCard","floor":15,"key":"SMITH"},{"floor":17,"key":"DIG"},{"data":"Defragment","floor":25,"key":"SMITH"},{"data":"Conserve Battery","floor":29,"key":"SMITH"},{"data":"Defragment","floor":32,"key":"SMITH"},{"data":"Defragment","floor":34,"key":"SMITH"},{"floor":42,"key":"REST"},{"floor":46,"key":"REST"},{"floor":51,"key":"REST"}],"circlet_count":0,"master_deck":["Strike_B","Strike_B","Strike_B","Strike_B","Defend_B+1","Defend_B+1","Defend_B+1","Defend_B+1","Zap","Dualcast","DoctorFetus+1","Redo","Self Repair+1","Ball Lightning","Cold Snap","BasicCrystalCard+1","Crystallizer","Glacier","Leap","Creative AI","Defragment+1","infinitespire:DeathsTouch","Conserve Battery+1","Defragment+1","Defragment+1","BasicCrystalCard","hubris:SpecializedCircuitry","Consume","Capacitor","Parasite","Chill","Leap"],"relics":["Cracked Core","SatanicBible","Replay:Accelerometer","HushsDoor","aspiration:AnachronicSnailShell","BFFS","GnawedLeaf","SalivaCoin","Replay:Bottled Eggs","StuffTheSpire:NeowsTribute","conspire:SlowCooker","DemoMod:LamentConfigurum","DemoMod:VorpalBullet","Black Star","halation:LostSnail","StuffTheSpire:DarkSteelAnvil","HornCleat","Toy Ornithopter","Mirror","Red Mask"],"acts_visited":["Exordium","TheCity","TheBeyond"],"potions_floor_usage":[10,13,20,35,35,44,49,52,52],"damage_taken":[{"damage":14,"enemies":"Small Slimes","floor":1,"turns":5},{"damage":2,"enemies":"2 Louse","floor":6,"turns":3},{"damage":1,"enemies":"Cultist","floor":7,"turns":3},{"damage":0,"enemies":"3 Sentries","floor":10,"turns":2},{"damage":7,"enemies":"Gremlin Nob","floor":12,"turns":4},{"damage":34,"enemies":"Hiden Room Battle","floor":13,"turns":4},{"damage":5,"enemies":"3 Sentries","floor":14,"turns":6},{"damage":3,"enemies":"2 Fungi Beasts","floor":16,"turns":4},{"damage":12,"enemies":"Slime Boss","floor":18,"turns":6},{"damage":12,"enemies":"3 Byrds","floor":20,"turns":8},{"damage":2,"enemies":"conspire:MimicChest","floor":21,"turns":7},{"damage":6,"enemies":"Spheric Guardian","floor":22,"turns":8},{"damage":6,"enemies":"Shelled Parasite and Fungi","floor":24,"turns":3},{"damage":3,"enemies":"Centurion and Healer","floor":26,"turns":8},{"damage":6,"enemies":"Cultist and Chosen","floor":31,"turns":6},{"damage":7,"enemies":"Snecko","floor":33,"turns":6},{"damage":26,"enemies":"Automaton","floor":35,"turns":12},{"damage":45,"enemies":"Orb Walker","floor":37,"turns":5},{"damage":33,"enemies":"3 Shapes","floor":40,"turns":4},{"damage":19,"enemies":"Writhing Mass","floor":44,"turns":10},{"damage":7,"enemies":"Spire Growth","floor":49,"turns":8},{"damage":27,"enemies":"Jaw Worm Horde","floor":50,"turns":9},{"damage":22,"enemies":"Replay:Hell Engine","floor":52,"turns":21}],"seed_played":"-2205853913085776735","potions_obtained":[{"floor":10,"key":"CultistPotion"},{"floor":14,"key":"Strength Potion"},{"floor":16,"key":"AttackPotion"},{"floor":20,"key":"Milkshake"},{"floor":21,"key":"FocusPotion"},{"floor":44,"key":"Block Potion"},{"floor":50,"key":"Fire Potion"}],"is_trial":false,"path_per_floor":["M","?","PTL","PTL","$","M","M","R","?","E","T","E","?","E","R","M","R_BF","B",null,"M","?","M","?","M","R","M","?","T","R","?","M","R","M","R_BF","B",null,"M","?","?","M","?","R","$","M","T","R","$","?","M","M","R","B",null],"character_chosen":"DEFECT","items_purchased":["aspiration:AnachronicSnailShell","PowerPotion","Self Repair","halation:LostSnail","StuffTheSpire:DarkSteelAnvil","Consume","Capacitor","SpeedPotion","Toy Ornithopter","Mirror","Slimebound:ThreeZeroPotion"],"campfire_rested":3,"item_purchase_floors":[0,0,5,43,43,43,43,43,47,47,47],"current_hp_per_floor":[61,61,61,61,61,66,72,72,72,75,75,75,51,56,56,63,63,51,75,73,75,75,57,61,61,68,68,68,68,68,72,72,75,75,59,75,40,40,40,17,17,39,39,30,30,52,52,52,60,43,65,63],"gold":113,"neow_bonus":"","is_daily":false,"chose_seed":false,"campfire_upgraded":6,"win_rate":0.0,"timestamp":1612838784,"path_taken":["M","?","PTL","PTL","?","M","M","R","?","E","T","E","?","E","R","M","R_BF","BOSS","M","?","M","?","M","R","?","?","T","R","?","M","R","M","R_BF","BOSS","M","?","?","?","?","R","$","M","T","R","$","?","M","M","R","BOSS"],"items_purchased_type":["Relic","Potion","Card","Relic","Relic","Card","Card","Potion","Relic","Relic","Potion"],"build_version":"2020-12-22","purchased_purges":1,"victory":true,"max_hp_per_floor":[75,75,75,75,75,75,75,75,75,75,75,75,75,75,75,75,75,75,75,75,75,75,75,75,75,75,75,75,75,75,75,75,75,75,75,75,75,75,75,75,75,75,75,75,75,75,75,75,75,75,75,75],"card_choices":[{"not_picked":[],"picked":"DoctorFetus","floor":0},{"not_picked":["StuffTheSpire:SnapShoot","StuffTheSpire:LoadUp"],"picked":"Redo","floor":1},{"not_picked":["FIFO Queue","Hologram"],"picked":"Ball Lightning","floor":6},{"not_picked":["Gash","StuffTheSpire:Rend"],"picked":"Cold Snap","floor":7},{"not_picked":["Cold Snap","ReplayGash"],"picked":"BasicCrystalCard","floor":10},{"not_picked":["Reinforced Body","Barrage"],"picked":"Crystallizer","floor":12},{"not_picked":["StuffTheSpire:GlassShard","Streamline"],"picked":"Glacier","floor":14},{"not_picked":["Redo","Stack"],"picked":"Leap","floor":16},{"not_picked":["Fission","hubris:SpecializedCircuitry"],"picked":"Creative AI","floor":18},{"not_picked":["StuffTheSpire:LoadUp","Gash"],"picked":"Defragment","floor":20},{"not_picked":["Coolheaded","Go for the Eyes","Rebound+1"],"picked":"SKIP","floor":22},{"not_picked":["infinitespire:UltimateForm","ReplayTheSpireMod:Black Plague"],"picked":"infinitespire:DeathsTouch","floor":23},{"not_picked":["Gash","Rebound"],"picked":"Conserve Battery","floor":24},{"not_picked":["Self Repair+1","Amplify"],"picked":"Defragment","floor":26},{"not_picked":["Skim","Turbo","Rip and Tear"],"picked":"SKIP","floor":31},{"not_picked":["Chaos","StuffTheSpire:Plugnplay"],"picked":"Defragment","floor":33},{"not_picked":["Reboot","StuffTheSpire:EventHorizon"],"picked":"Thunder Strike","floor":35},{"not_picked":["Steam","StuffTheSpire:Plugnplay"],"picked":"BasicCrystalCard","floor":37},{"not_picked":["Pulse","StuffTheSpire:NuclearReactor+1","StuffTheSpire:CleanHardDrive+1"],"picked":"SKIP","floor":40},{"not_picked":["Doom and Gloom+1","Capacitor+1"],"picked":"Chill","floor":44},{"not_picked":["Cold Snap+1","BasicCrystalCard"],"picked":"Leap","floor":49},{"not_picked":["Leap","Steam","Turbo"],"picked":"SKIP","floor":50}],"player_experience":1868316,"relics_obtained":[{"floor":10,"key":"BFFS"},{"floor":11,"key":"Replay:Accelerometer"},{"floor":13,"key":"GnawedLeaf"},{"floor":13,"key":"SalivaCoin"},{"floor":14,"key":"Replay:Bottled Eggs"},{"floor":17,"key":"StuffTheSpire:NeowsTribute"},{"floor":21,"key":"DemoMod:LamentConfigurum"},{"floor":28,"key":"DemoMod:VorpalBullet"},{"floor":45,"key":"HornCleat"}],"event_choices":[{"damage_healed":0,"gold_gain":0,"player_choice":"Leave","damage_taken":0,"max_hp_gain":0,"max_hp_loss":0,"event_name":"conspire:Investor","floor":2,"gold_loss":0},{"damage_healed":0,"gold_gain":0,"player_choice":"Fight","damage_taken":0,"max_hp_gain":0,"max_hp_loss":0,"event_name":"HidenRoomEvent","floor":13,"gold_loss":0},{"damage_healed":0,"gold_gain":0,"player_choice":"Ignored","damage_taken":0,"max_hp_gain":0,"max_hp_loss":0,"event_name":"NoteForYourself","floor":30,"gold_loss":0},{"damage_healed":0,"gold_gain":0,"cards_transformed":["Thunder Strike"],"player_choice":"Transformed","damage_taken":0,"max_hp_gain":0,"max_hp_loss":0,"event_name":"Transmorgrifier","floor":38,"gold_loss":0,"cards_obtained":["hubris:SpecializedCircuitry"]},{"damage_healed":0,"gold_gain":0,"player_choice":"Paid","damage_taken":0,"relics_obtained":["Red Mask"],"max_hp_gain":0,"max_hp_loss":0,"event_name":"Tomb of Lord Red Mask","floor":48,"gold_loss":28}],"is_beta":false,"boss_relics":[{"not_picked":["Replay:Ancient Bell","beaked:MawFillet"],"picked":"conspire:SlowCooker"},{"not_picked":[]},{"not_picked":["halation:MonkeysPaw","halation:HeavySnake"],"picked":"Black Star"},{"not_picked":[]}],"items_purged_floors":[0],"is_endless":false,"potions_floor_spawned":[10,14,16,20,21,44,50],"ascension_level":0}}