{"host":"4pckc3u5mqcilakq","time":1612883179,"event":{"mods":["AchievementEnabler","BaseMod","Bestiary","Colored Map","Colored Powertips","Highlight Path","Minty Spire (QoL Compilation)","Quick Restart","Relic Stats"],"gold_per_floor":[114,114,114,132,132,132,175,195,195,211,211,250,325,340,340,468,468,468,393,393,333,333,333,333],"floor_reached":23,"language":"ENG","playtime":840,"items_purged":[],"score":280,"play_id":"4d9d3791-d070-459b-ab5c-a2e6aadb945a","local_time":"20210209180619","is_ascension_mode":true,"campfire_choices":[{"data":"Bash","floor":6,"key":"SMITH"},{"data":"Fire Breathing","floor":11,"key":"SMITH"},{"data":"Inflame","floor":15,"key":"SMITH"}],"circlet_count":0,"master_deck":["Strike_R","Strike_R","Strike_R","Strike_R","Defend_R","Defend_R","Defend_R","Defend_R","Bash+1","Thunderclap","Shrug It Off","Fire Breathing+1","Dark Embrace","Inflame+1","Limit Break","Wild Strike","Feed"],"relics":["Burning Blood","NeowsBlessing","Golden Idol","Blood Vial","Akabeko","Ectoplasm","CultistMask","Singing Bowl"],"acts_visited":["Exordium","TheCity"],"potions_floor_usage":[16,21,23,23],"damage_taken":[{"damage":0,"enemies":"Small Slimes","floor":1,"turns":1},{"damage":0,"enemies":"2 Louse","floor":4,"turns":1},{"damage":0,"enemies":"Gremlin Nob","floor":7,"turns":1},{"damage":7,"enemies":"Jaw Worm","floor":8,"turns":3},{"damage":4,"enemies":"Large Slime","floor":10,"turns":7},{"damage":10,"enemies":"3 Sentries","floor":12,"turns":5},{"damage":12,"enemies":"Exordium Wildlife","floor":14,"turns":4},{"damage":48,"enemies":"Hexaghost","floor":16,"turns":9},{"damage":38,"enemies":"Shell Parasite","floor":18,"turns":4},{"damage":28,"enemies":"2 Thieves","floor":21,"turns":5},{"damage":24,"enemies":"Book of Stabbing","floor":23,"turns":2}],"seed_played":"-7957759484211491876","potions_obtained":[{"floor":4,"key":"Ancient Potion"},{"floor":8,"key":"CultistPotion"},{"floor":10,"key":"SkillPotion"},{"floor":14,"key":"DuplicationPotion"},{"floor":18,"key":"SpeedPotion"},{"floor":21,"key":"BlessingOfTheForge"}],"is_trial":false,"path_per_floor":["M","?","$","M","?","R","E","M","T","M","R","E","?","M","R","B",null,"M","?","?","M","T","E"],"character_chosen":"IRONCLAD","items_purchased":[],"campfire_rested":0,"item_purchase_floors":[],"current_hp_per_floor":[80,80,80,80,60,60,66,67,67,71,71,69,58,54,54,14,64,34,34,34,14,14,0,0],"gold":333,"neow_bonus":"THREE_ENEMY_KILL","is_daily":false,"chose_seed":false,"campfire_upgraded":3,"win_rate":0.0,"timestamp":1612883179,"path_taken":["M","?","$","M","?","R","E","M","T","M","R","E","?","?","R","BOSS","M","?","?","?","?","E"],"items_purchased_type":[],"build_version":"2020-12-22","purchased_purges":0,"victory":false,"max_hp_per_floor":[80,80,80,80,80,80,80,80,80,80,80,80,80,80,80,80,80,80,80,80,80,80,80,80],"relic_stats":{"Blood Vial":16,"Singing Bowl":0,"counters":[11,42],"Golden Idol":61,"Ectoplasm":97,"obtain_stats":[{"Blood Vial":7,"NeowsBlessing":0,"Singing Bowl":22,"Golden Idol":5,"Ectoplasm":17,"CultistMask":20,"Burning Blood":0,"Akabeko":12},{"Blood Vial":3,"NeowsBlessing":0,"Singing Bowl":10,"Golden Idol":2,"Ectoplasm":8,"CultistMask":9,"Burning Blood":0,"Akabeko":6},{"Blood Vial":3,"NeowsBlessing":0,"Singing Bowl":40,"Golden Idol":2,"Ectoplasm":31,"CultistMask":35,"Burning Blood":0,"Akabeko":18}],"Burning Blood":48},"card_choices":[{"not_picked":["Perfected Strike","Power Through"],"picked":"Thunderclap","floor":1},{"not_picked":["Dark Embrace","True Grit","Wild Strike"],"picked":"SKIP","floor":4},{"not_picked":["Corruption","Ghostly Armor","Rupture"],"picked":"SKIP","floor":7},{"not_picked":["Anger","Clash"],"picked":"Shrug It Off","floor":8},{"not_picked":["Seeing Red","Whirlwind"],"picked":"Fire Breathing","floor":10},{"not_picked":["Sword Boomerang","Perfected Strike"],"picked":"Dark Embrace","floor":12},{"not_picked":["Body Slam","Shrug It Off"],"picked":"Inflame","floor":14},{"not_picked":["Barricade","Brutality"],"picked":"Limit Break","floor":16},{"not_picked":["Twin Strike","Sword Boomerang"],"picked":"Wild Strike","floor":18},{"not_picked":["Armaments","Hemokinesis"],"picked":"Feed","floor":21}],"player_experience":245595,"relics_obtained":[{"floor":7,"key":"Blood Vial"},{"floor":12,"key":"Akabeko"},{"floor":22,"key":"Singing Bowl"}],"event_choices":[{"damage_healed":0,"gold_gain":0,"player_choice":"Leave","damage_taken":0,"max_hp_gain":0,"max_hp_loss":0,"event_name":"The Cleric","floor":2,"gold_loss":0},{"damage_healed":0,"gold_gain":0,"player_choice":"Take Damage","damage_taken":20,"relics_obtained":["Golden Idol"],"max_hp_gain":0,"max_hp_loss":0,"event_name":"Golden Idol","floor":5,"gold_loss":0},{"damage_healed":0,"gold_gain":75,"player_choice":"Gather Gold","damage_taken":11,"max_hp_gain":0,"max_hp_loss":0,"event_name":"World of Goop","floor":13,"gold_loss":0},{"cards_removed":["Strike_R"],"damage_healed":0,"gold_gain":0,"player_choice":"Gave Gold","damage_taken":0,"max_hp_gain":0,"max_hp_loss":0,"event_name":"Beggar","floor":19,"gold_loss":75},{"damage_healed":0,"gold_gain":0,"player_choice":"Trade","damage_taken":0,"relics_obtained":["CultistMask"],"max_hp_gain":0,"max_hp_loss":0,"event_name":"FaceTrader","floor":20,"gold_loss":0}],"is_beta":false,"boss_relics":[{"not_picked":["Runic Cube","SlaversCollar"],"picked":"Ectoplasm"}],"items_purged_floors":[],"is_endless":false,"potions_floor_spawned":[4,8,10,14,18,21],"killed_by":"Book of Stabbing","ascension_level":5}}