{"host":"6xsbn6ynqlzwllfm","time":1612901076,"event":{"mods":["2.2 Compatiblity","BaseMod","Bestiary","Colored Map","Colored Powertips","Curses Come First","Highlight Path","Keyboard Shortcuts","Minty Spire (QoL Compilation)","Relic Stats","Slay the Relics Exporter","StSLib","SuperFastMode"],"gold_per_floor":[109,159,174,184,197,231,231,258,258,271,302,322,322,3,3,81,81,92,106,31,46,59,59,93,18,45,45,45],"floor_reached":27,"language":"ENG","playtime":908,"items_purged":["Strike_R"],"score":510,"play_id":"0713a5cb-3c18-49d6-b2ff-f023d7352b71","local_time":"20210209150436","is_ascension_mode":true,"campfire_choices":[{"floor":7.0,"key":"REST"},{"floor":13.0,"key":"REST"},{"data":"Inflame","floor":15.0,"key":"SMITH"},{"floor":23.0,"key":"REST"}],"circlet_count":0,"master_deck":["AscendersBane","Strike_R","Strike_R","Strike_R","Defend_R","Defend_R","Defend_R","Defend_R","Bash","Anger","Inflame","Heavy Blade","Immolate","Iron Wave","Inflame+1","Bloodletting","Headbutt","Pommel Strike","True Grit+1","Juggernaut","Bloodletting+1","Thunderclap+1","Disarm+1","Feel No Pain","Intimidate+1"],"relics":["Black Star","Sundial","Mummified Hand","Centennial Puzzle","Mercury Hourglass","Pantograph","Nunchaku","Torii","Toxic Egg 2","Runic Cube","Happy Flower","PreservedInsect","Bag of Preparation"],"acts_visited":["Exordium","TheCity"],"potions_floor_usage":[24],"damage_taken":[{"damage":5.0,"enemies":"2 Louse","floor":1.0,"turns":4.0},{"damage":0.0,"enemies":"Cultist","floor":3.0,"turns":2.0},{"damage":9.0,"enemies":"Jaw Worm","floor":4.0,"turns":3.0},{"damage":4.0,"enemies":"Blue Slaver","floor":5.0,"turns":4.0},{"damage":30.0,"enemies":"Lagavulin","floor":6.0,"turns":6.0},{"damage":20.0,"enemies":"3 Sentries","floor":8.0,"turns":5.0},{"damage":1.0,"enemies":"Exordium Thugs","floor":10.0,"turns":3.0},{"damage":6.0,"enemies":"Gremlin Nob","floor":11.0,"turns":3.0},{"damage":7.0,"enemies":"Exordium Wildlife","floor":12.0,"turns":2.0},{"damage":29.0,"enemies":"The Guardian","floor":16.0,"turns":7.0},{"damage":10.0,"enemies":"Chosen","floor":18.0,"turns":3.0},{"damage":18.0,"enemies":"Shell Parasite","floor":19.0,"turns":3.0},{"damage":12.0,"enemies":"Sentry and Sphere","floor":21.0,"turns":3.0},{"damage":4.0,"enemies":"Snecko","floor":22.0,"turns":3.0},{"damage":15,"enemies":"Slavers","floor":24,"turns":3},{"damage":28,"enemies":"Gremlin Leader","floor":27,"turns":2}],"seed_played":"5751680013271930508","potions_obtained":[{"floor":4.0,"key":"Block Potion"},{"floor":5.0,"key":"Explosive Potion"},{"floor":8.0,"key":"Energy Potion"},{"floor":10.0,"key":"DuplicationPotion"},{"floor":11.0,"key":"PowerPotion"},{"floor":16.0,"key":"Explosive Potion"},{"floor":24,"key":"Dexterity Potion"}],"is_trial":false,"path_per_floor":["M","?","M","M","M","E","R","E","T","M","E","M","R","$","R","B",null,"M","M","?","M","M","R","E","$","T","E"],"character_chosen":"IRONCLAD","items_purchased":["Toxic Egg 2","True Grit+1"],"campfire_rested":3,"item_purchase_floors":[14,14],"current_hp_per_floor":[63,63,63,54,50,20,42,22,22,21,15,8,30,30,30,26,63,53,35,35,23,19,41,26,26,26,0,0],"gold":45,"neow_bonus":"BOSS_RELIC","is_daily":false,"chose_seed":false,"campfire_upgraded":1,"win_rate":0.0,"timestamp":1612901076,"path_taken":["M","?","M","M","M","E","R","E","T","?","E","M","R","?","R","BOSS","M","M","?","M","M","R","E","$","T","E"],"items_purchased_type":["Relic","Card"],"build_version":"2020-12-22","purchased_purges":1,"victory":false,"max_hp_per_floor":[75,75,75,75,75,75,75,75,75,75,75,75,75,75,75,75,75,75,75,75,75,75,75,75,75,75,75,75],"relic_stats":{"Torii":11,"Happy Flower":[0],"counters":[16,56],"PreservedInsect":47,"Bag of Preparation":[2],"Mercury Hourglass":[99],"Centennial Puzzle":[30],"Nunchaku":[5],"Sundial":[2],"Mummified Hand":[39],"Pantograph":25,"Black Star":4,"obtain_stats":[{"Torii":11,"Happy Flower":24,"PreservedInsect":24,"Bag of Preparation":26,"Burning Blood":0,"Mercury Hourglass":8,"Centennial Puzzle":8,"Nunchaku":11,"Sundial":6,"Mummified Hand":6,"Pantograph":9,"Black Star":0,"Toxic Egg 2":14,"Runic Cube":17},{"Torii":8,"Happy Flower":15,"PreservedInsect":15,"Bag of Preparation":15,"Burning Blood":0,"Mercury Hourglass":6,"Centennial Puzzle":6,"Nunchaku":8,"Sundial":5,"Mummified Hand":5,"Pantograph":6,"Black Star":0,"Toxic Egg 2":9,"Runic Cube":10},{"Torii":30,"Happy Flower":54,"PreservedInsect":54,"Bag of Preparation":54,"Burning Blood":0,"Mercury Hourglass":24,"Centennial Puzzle":24,"Nunchaku":30,"Sundial":19,"Mummified Hand":19,"Pantograph":24,"Black Star":0,"Toxic Egg 2":32,"Runic Cube":39}],"Runic Cube":[13]},"card_choices":[{"not_picked":["Clash","Warcry"],"picked":"Anger","floor":1.0},{"not_picked":["Headbutt","Dropkick"],"picked":"Inflame","floor":3.0},{"not_picked":["Anger","Infernal Blade"],"picked":"Heavy Blade","floor":4.0},{"not_picked":["Seeing Red","Havoc"],"picked":"Immolate","floor":5.0},{"not_picked":["Pommel Strike","Wild Strike"],"picked":"Iron Wave","floor":6.0},{"not_picked":["Sever Soul","Flame Barrier"],"picked":"Inflame","floor":8.0},{"not_picked":["Cleave","Iron Wave"],"picked":"Bloodletting","floor":10.0},{"not_picked":["Combust","Armaments"],"picked":"Headbutt","floor":11.0},{"not_picked":["Flex","Rampage"],"picked":"Pommel Strike","floor":12.0},{"not_picked":["Immolate","Brutality"],"picked":"Juggernaut","floor":16.0},{"not_picked":["Power Through+1","Headbutt+1"],"picked":"Bloodletting+1","floor":18.0},{"not_picked":["Body Slam","Iron Wave"],"picked":"Thunderclap+1","floor":19.0},{"not_picked":["Armaments+1","Flex+1"],"picked":"Disarm+1","floor":21.0},{"not_picked":["Clash","Burning Pact+1"],"picked":"Feel No Pain","floor":22.0},{"not_picked":["Twin Strike","Anger"],"picked":"Intimidate+1","floor":24}],"player_experience":1420259,"relics_obtained":[{"floor":6.0,"key":"Sundial"},{"floor":6.0,"key":"Mummified Hand"},{"floor":8.0,"key":"Centennial Puzzle"},{"floor":8.0,"key":"Mercury Hourglass"},{"floor":9.0,"key":"Pantograph"},{"floor":11.0,"key":"Nunchaku"},{"floor":11.0,"key":"Torii"},{"floor":24,"key":"Happy Flower"},{"floor":24,"key":"PreservedInsect"},{"floor":26,"key":"Bag of Preparation"}],"event_choices":[{"damage_healed":0.0,"max_hp_gain":0.0,"max_hp_loss":0.0,"gold_gain":50.0,"event_name":"Golden Shrine","player_choice":"Pray","floor":2.0,"gold_loss":0.0,"damage_taken":0.0},{"cards_removed":["Strike_R"],"damage_healed":0.0,"max_hp_gain":0.0,"max_hp_loss":0.0,"gold_gain":0.0,"event_name":"Beggar","player_choice":"Gave Gold","floor":20.0,"gold_loss":75.0,"damage_taken":0.0}],"is_beta":false,"boss_relics":[{"not_picked":["Astrolabe","Runic Dome"],"picked":"Runic Cube"}],"items_purged_floors":[25],"is_endless":false,"potions_floor_spawned":[4,5,8,10,11,12,16,19,24],"killed_by":"Gremlin Leader","ascension_level":20}}