{"host":"alk2ftu785mujiir","time":1612901494,"event":{"mods":["BaseMod","Bossed Relics","Colored Map","Downfall","Minty Spire (QoL Compilation)","StSLib"],"gold_per_floor":[99,119,136,149,162,197,197,209,209,228,255,255,155,185,195,298,298,298,314,325,340,355,255,278,306,156,171,199,211,211,211,231,334,334,334,361,374,374,374,385,385,398,398,427,443,454,454,482,500,500],"floor_reached":51,"language":"ENG","playtime":2196,"items_purged":[],"score":1035,"play_id":"1660bef3-e6ce-43fb-9327-77e33a88ae8b","local_time":"20210209151134","is_ascension_mode":true,"campfire_choices":[{"data":"Guardian:TwinSlam","floor":1.0,"key":"SMITH"},{"data":"Guardian:ChargeUp","floor":9.0,"key":"SMITH"},{"floor":13.0,"key":"REST"},{"floor":18.0,"key":"RECALL"},{"data":"Guardian:Orbwalk","floor":23.0,"key":"SMITH"},{"data":"Guardian:RefractedBeam","floor":30.0,"key":"SMITH"},{"data":"J.A.X.","floor":35,"key":"SMITH"},{"data":"Guardian:PiercingHide","floor":43,"key":"SMITH"},{"floor":47,"key":"REST"}],"circlet_count":0,"master_deck":["Guardian:Strike_Guardian","Guardian:Strike_Guardian","Guardian:Defend_Guardian","Guardian:Defend_Guardian","Guardian:Defend_Guardian","Guardian:Defend_Guardian","Guardian:CurlUp","Guardian:TwinSlam+1","Bandage Up","Guardian:BodySlam","Guardian:RefractedBeam+1","Guardian:ChargeCore","Guardian:PiercingHide+1","Guardian:ChargeUp+1","Guardian:BodySlam+1","Guardian:PiercingHide","Guardian:Orbwalk+1","Guardian:WalkerClaw+1","Guardian:ShieldCharger","Guardian:GatlingBeam+1","Guardian:VentSteam+1","Guardian:Suspension","Guardian:PrimingBeam+1","Guardian:MultiBeam+1","J.A.X.+1","Guardian:ArmoredProtocol","Guardian:TimeCapacitor","Guardian:BronzeArmor+1","Guardian:TemporalShield"],"relics":["Guardian:ModeShifter","Sundial","Molten Egg 2","Pear","downfall:HeartBlessingGreen","Anchor","Astrolabe","downfall:HeartBlessingRed","Art of War","Lizard Tail","Nunchaku","SlaversCollar","Lantern","Ornamental Fan","Toy Ornithopter","Orichalcum"],"acts_visited":["Exordium","TheCity","TheBeyond"],"potions_floor_usage":[44,44,48,50],"damage_taken":[{"damage":6.0,"enemies":"Cultist","floor":2.0,"turns":4.0},{"damage":0.0,"enemies":"Small Slimes","floor":3.0,"turns":3.0},{"damage":0.0,"enemies":"2 Louse","floor":4.0,"turns":2.0},{"damage":7.0,"enemies":"2 Fungi Beasts","floor":5.0,"turns":4.0},{"damage":16.0,"enemies":"3 Sentries","floor":6.0,"turns":9.0},{"damage":3.0,"enemies":"Blue Slaver","floor":8.0,"turns":4.0},{"damage":18.0,"enemies":"Exordium Thugs","floor":10.0,"turns":3.0},{"damage":14.0,"enemies":"Lagavulin","floor":11.0,"turns":8.0},{"damage":25.0,"enemies":"Gremlin Nob","floor":14.0,"turns":5.0},{"damage":0.0,"enemies":"Red Slaver","floor":15.0,"turns":3.0},{"damage":27.0,"enemies":"WA_ARCHETYPE_RETAIN","floor":16.0,"turns":7.0},{"damage":11.0,"enemies":"Spheric Guardian","floor":19.0,"turns":3.0},{"damage":0.0,"enemies":"3 Byrds","floor":20.0,"turns":3.0},{"damage":4.0,"enemies":"Snecko","floor":21.0,"turns":4.0},{"damage":14.0,"enemies":"Snake Plant","floor":22.0,"turns":4.0},{"damage":24.0,"enemies":"Slavers","floor":25.0,"turns":4.0},{"damage":6.0,"enemies":"3 Cultists","floor":27.0,"turns":6.0},{"damage":17.0,"enemies":"Book of Stabbing","floor":28.0,"turns":4.0},{"damage":0.0,"enemies":"Chosen and Byrds","floor":29.0,"turns":4.0},{"damage":0.0,"enemies":"Cultist and Chosen","floor":32.0,"turns":4.0},{"damage":24,"enemies":"IC_MUSHROOM_ARCHETYPE","floor":33,"turns":6},{"damage":8,"enemies":"3 Shapes","floor":37,"turns":3},{"damage":21,"enemies":"3 Darklings","floor":40,"turns":5},{"damage":17,"enemies":"Transient","floor":42,"turns":5},{"damage":21,"enemies":"Giant Head","floor":44,"turns":6},{"damage":60,"enemies":"4 Shapes","floor":45,"turns":7},{"damage":2,"enemies":"Spire Growth","floor":46,"turns":4},{"damage":35,"enemies":"Reptomancer","floor":48,"turns":6},{"damage":20,"enemies":"Maw","floor":49,"turns":6},{"damage":13,"enemies":"SI_POISON_ARCHETYPE","floor":50,"turns":10}],"seed_played":"1850687374863085278","potions_obtained":[{"floor":4.0,"key":"Swift Potion"},{"floor":5.0,"key":"Slimebound:ThreeZeroPotion"},{"floor":6.0,"key":"Dexterity Potion"},{"floor":14.0,"key":"CultistPotion"},{"floor":22.0,"key":"PowerPotion"},{"floor":25.0,"key":"champ:CounterPotion"},{"floor":27.0,"key":"FearPotion"},{"floor":29.0,"key":"SpeedPotion"},{"floor":40,"key":"DuplicationPotion"},{"floor":45,"key":"Explosive Potion"}],"is_trial":false,"path_per_floor":["R","M","M","M","M","E","T","M","R","M","E","?","R","E","M","B",null,"R","M","M","M","M","R","T","E","?","M","E","M","R","?","M","B",null,"R","?","M","?","?","M","T","M","R","E","M","M","R","E","M","B",null],"character_chosen":"GUARDIAN","items_purchased":[],"campfire_rested":2,"item_purchase_floors":[],"current_hp_per_floor":[80,78,80,80,77,65,65,66,66,52,52,52,79,58,62,39,90,90,79,85,85,75,75,75,55,100,98,85,85,85,85,89,71,100,100,100,92,92,92,75,75,62,62,45,50,48,78,54,38,34],"gold":500,"neow_bonus":"RANDOM_COLORLESS","is_daily":false,"chose_seed":false,"campfire_upgraded":6,"win_rate":0.0,"timestamp":1612901494,"path_taken":["R","M","M","M","M","E","T","M","R","M","E","?","R","E","M","BOSS","R","M","M","M","?","R","T","E","?","M","E","?","R","?","M","BOSS","R","?","M","?","?","M","T","M","R","E","?","M","R","E","M","BOSS"],"items_purchased_type":[],"build_version":"2020-12-22","purchased_purges":0,"victory":true,"max_hp_per_floor":[80,80,80,80,80,80,80,80,80,80,90,90,90,90,90,90,90,90,90,90,90,90,90,90,90,100,100,100,100,100,100,100,100,100,100,100,100,100,100,100,100,100,100,100,100,100,100,100,100,100],"card_choices":[{"not_picked":["Trip","Swift Strike"],"picked":"Bandage Up","floor":0.0},{"not_picked":["Guardian:TemporalStrike","Guardian:Gem_Lightblue"],"picked":"Guardian:BodySlam","floor":2.0},{"not_picked":["Guardian:Gem_Lightblue","Guardian:GuardianWhirl"],"picked":"Guardian:RefractedBeam","floor":3.0},{"not_picked":["Guardian:Suspension","Guardian:Repulse"],"picked":"Guardian:ChargeCore","floor":4.0},{"not_picked":["Guardian:ChargeCore","Guardian:MultiBeam"],"picked":"Guardian:PiercingHide","floor":5.0},{"not_picked":["Guardian:Reroute","Guardian:FloatingOrbs"],"picked":"Guardian:ChargeUp","floor":6.0},{"not_picked":["Guardian:Suspension","Guardian:Gem_Green"],"picked":"Guardian:BodySlam+1","floor":8.0},{"not_picked":["Guardian:Gem_Yellow","Guardian:Suspension"],"picked":"Guardian:PiercingHide","floor":10.0},{"not_picked":["Guardian:Repulse","Guardian:ExploitGems"],"picked":"Guardian:Orbwalk","floor":11.0},{"not_picked":["Guardian:ShieldCharger","Guardian:Reroute+1"],"picked":"Guardian:WalkerClaw+1","floor":14.0},{"not_picked":["Guardian:Gem_Lightblue","Guardian:WalkerClaw+1"],"picked":"Guardian:ShieldCharger","floor":15.0},{"not_picked":["Guardian:RevengeProtocol","Guardian:GemFire+1"],"picked":"Guardian:GatlingBeam+1","floor":16.0},{"not_picked":["Guardian:Reroute+1","Guardian:Incinerate+1"],"picked":"Guardian:Gem_Fragmented","floor":19.0},{"not_picked":["Guardian:Gem_Cyan","Guardian:Emergency"],"picked":"Guardian:VentSteam+1","floor":20.0},{"not_picked":["Guardian:Gem_Fragmented","Guardian:PrismaticBarrier"],"picked":"Guardian:Suspension","floor":21.0},{"not_picked":["Guardian:BronzeArmor","Guardian:Suspension"],"picked":"Guardian:PrimingBeam+1","floor":22.0},{"not_picked":["Guardian:TimeSifter","Guardian:Planning"],"picked":"Guardian:Gem_Purple","floor":25.0},{"not_picked":["Guardian:RefractedBeam+1","Guardian:Recover","Guardian:Suspension"],"picked":"SKIP","floor":27.0},{"not_picked":["Guardian:Preprogram+1","Guardian:Clone+1"],"picked":"Guardian:MultiBeam+1","floor":28.0},{"not_picked":["Guardian:ShieldCharger","Guardian:ChargeCore+1","Guardian:RefractedBeam+1"],"picked":"SKIP","floor":29.0},{"not_picked":["Guardian:PrismaticBarrier+1","Guardian:Gem_Cyan"],"picked":"Guardian:ArmoredProtocol","floor":32.0},{"not_picked":["Guardian:PrismaticBarrier","Guardian:PrimingBeam+1","Guardian:ShieldCharger+1"],"picked":"SKIP","floor":37},{"not_picked":["Guardian:Reroute+1","Guardian:Incinerate+1"],"picked":"Guardian:Gem_Purple","floor":40},{"not_picked":["Guardian:Reroute+1","Guardian:RefractedBeam+1","Guardian:ShieldCharger+1"],"picked":"SKIP","floor":42},{"not_picked":["Guardian:SpikerProtocol","Guardian:BodySlam+1"],"picked":"Guardian:Gem_Cyan","floor":44},{"not_picked":["Guardian:Gem_Lightblue","Guardian:VentSteam+1"],"picked":"Guardian:BronzeArmor+1","floor":45},{"not_picked":["Guardian:RollAttack+1","Guardian:TimeCapacitor"],"picked":"Guardian:TemporalShield","floor":46},{"not_picked":["Guardian:GemFinder","Guardian:PrimingBeam+1","Guardian:Suspension"],"picked":"SKIP","floor":48},{"not_picked":["Guardian:MultiBeam+1","Guardian:Reroute+1","Guardian:TemporalShield"],"picked":"SKIP","floor":49}],"player_experience":1819452,"relics_obtained":[{"floor":6.0,"key":"Sundial"},{"floor":7.0,"key":"Molten Egg 2"},{"floor":11.0,"key":"Pear"},{"floor":14.0,"key":"Anchor"},{"floor":24.0,"key":"Art of War"},{"floor":25.0,"key":"Lizard Tail"},{"floor":28.0,"key":"Nunchaku"},{"floor":36,"key":"Lantern"},{"floor":41,"key":"Ornamental Fan"},{"floor":44,"key":"Toy Ornithopter"},{"floor":48,"key":"Orichalcum"}],"event_choices":[{"damage_healed":0.0,"max_hp_gain":0.0,"max_hp_loss":0.0,"gold_gain":0.0,"event_name":"Drug Dealer","player_choice":"Obtain J.A.X.","floor":31.0,"gold_loss":0.0,"damage_taken":0.0,"cards_obtained":["J.A.X."]}],"is_beta":false,"boss_relics":[{"not_picked":["Calling Bell","Busted Crown"],"picked":"Astrolabe"},{"not_picked":["expansioncontent:StudyCardRelic","Snecko Eye"],"picked":"SlaversCollar"}],"items_purged_floors":[],"is_endless":false,"potions_floor_spawned":[4,5,6,14,22,25,27,29,32,37,40,45],"ascension_level":4}}