{"host":"v3qphhcqhwfpabne","time":1612864135,"event":{"mods":["100% Spire Juice","2.2 Compatiblity","AchievementEnabler","BaseMod","CapriCore","DeckTracker","KinomotoSakuraMod(ÙÊñýÜâ?)","Koishi","Marisa£¨Ùöéë¡¡Øª×âÞÞ£©","Minty Spire (QoL Compilation)","Permanent Neow","Prisma Mod","StSLib","Td1madao Mod","The Bug Knight","The Cursed","The Immortal","The Runesmith","WarShipGirlsR/??á´Ò³R mod"],"gold_per_floor":[15,33,47,66,77,77,96,123,170,200,16,16,34,44,44,147,147,159,178,189,201,211,211,63,63,63,63,79,94,94,107,107,203,203,221,233,246,265,265,265],"floor_reached":39,"language":"KOR","playtime":1269,"items_purged":[],"score":466,"play_id":"fd6f392b-ddbe-4b60-9cc5-b5fcea90c1a2","local_time":"20210209184855","is_ascension_mode":true,"campfire_choices":[{"data":"Immolate","floor":6,"key":"SMITH"},{"data":"Body Slam","floor":12,"key":"SMITH"},{"data":"Entrench","floor":15,"key":"SMITH"},{"floor":23,"key":"REST"},{"data":"Entrench","floor":25,"key":"SMITH"},{"data":"Armaments","floor":30,"key":"SMITH"},{"floor":32,"key":"REST"}],"circlet_count":0,"master_deck":["Strike_R","Strike_R","Strike_R","Defend_R","Defend_R","Defend_R","Defend_R","Bash","Immolate+1","Immolate","Wild Strike","Flame Barrier","Wild Strike","Body Slam+1","Impervious","Spot Weakness","Reckless Charge","Wild Strike","Entrench+1","Feed+1","Evolve+1","Armaments+1","Entrench+1","Metallicize"],"relics":["Black Blood","WingedGreaves","Vajra","HollowMod:PaleOreRelic","PreservedInsect","Mark of Pain"],"acts_visited":["Exordium","TheCity","TheBeyond"],"potions_floor_usage":[16,22,33,33,37],"damage_taken":[{"damage":0,"enemies":"2 Louse","floor":1,"turns":1},{"damage":1,"enemies":"Cultist","floor":2,"turns":3},{"damage":0,"enemies":"Small Slimes","floor":3,"turns":1},{"damage":13,"enemies":"Exordium Thugs","floor":4,"turns":3},{"damage":0,"enemies":"Exordium Wildlife","floor":5,"turns":2},{"damage":7,"enemies":"2 Fungi Beasts","floor":7,"turns":3},{"damage":15,"enemies":"3 Sentries","floor":8,"turns":3},{"damage":45,"enemies":"Gremlin Nob","floor":10,"turns":5},{"damage":0,"enemies":"Looter","floor":13,"turns":1},{"damage":2,"enemies":"Red Slaver","floor":14,"turns":2},{"damage":48,"enemies":"Hexaghost","floor":16,"turns":11},{"damage":0,"enemies":"Chosen","floor":18,"turns":3},{"damage":0,"enemies":"2 Thieves","floor":19,"turns":1},{"damage":33,"enemies":"Centurion and Healer","floor":20,"turns":6},{"damage":54,"enemies":"Snecko","floor":21,"turns":5},{"damage":10,"enemies":"3 Cultists","floor":22,"turns":4},{"damage":18,"enemies":"Centurion and Healer","floor":28,"turns":6},{"damage":5,"enemies":"Snecko","floor":29,"turns":5},{"damage":2,"enemies":"3 Cultists","floor":31,"turns":4},{"damage":20,"enemies":"Champ","floor":33,"turns":10},{"damage":32,"enemies":"Orb Walker","floor":35,"turns":5},{"damage":26,"enemies":"3 Darklings","floor":36,"turns":3},{"damage":44,"enemies":"Writhing Mass","floor":37,"turns":7},{"damage":62,"enemies":"Jaw Worm Horde","floor":38,"turns":4},{"damage":29,"enemies":"Transient","floor":39,"turns":3}],"seed_played":"-5544783434802951288","potions_obtained":[{"floor":4,"key":"SkillPotion"},{"floor":7,"key":"DuplicationPotion"},{"floor":8,"key":"FairyPotion"},{"floor":13,"key":"BloodPotion"},{"floor":18,"key":"BloodPotion"},{"floor":22,"key":"Ancient Potion"},{"floor":35,"key":"Fire Potion"},{"floor":38,"key":"Ancient Potion"}],"is_trial":false,"path_per_floor":["M","M","M","M","M","R","M","E","T","E","$","R","M","M","R","B",null,"M","M","M","M","M","R","$","R","T","?","M","M","R","M","R","B",null,"M","M","M","M","M"],"character_chosen":"IRONCLAD","items_purchased":["PreservedInsect","Reckless Charge","Entrench","Metallicize"],"campfire_rested":2,"item_purchase_floors":[11,11,24,24],"current_hp_per_floor":[80,80,80,73,79,79,78,69,69,30,30,30,36,40,40,14,80,83,83,56,8,20,44,44,44,44,44,32,33,33,37,61,47,83,63,49,17,13,0,0],"gold":265,"neow_bonus":"TRANSFORM_TWO_CARDS","is_daily":false,"chose_seed":false,"campfire_upgraded":5,"win_rate":0.0,"timestamp":1612864135,"path_taken":["M","M","M","M","M","R","M","E","T","E","$","R","M","M","R","BOSS","M","M","M","M","M","R","$","R","T","?","M","M","R","?","R","BOSS","M","M","M","M","M"],"items_purchased_type":["Relic","Card","Card","Card"],"build_version":"2020-12-22","purchased_purges":0,"victory":false,"max_hp_per_floor":[80,80,80,80,80,80,80,80,80,80,80,80,80,80,80,80,80,83,83,83,83,83,83,83,83,83,83,83,83,83,83,83,83,83,83,83,83,87,87,87],"card_choices":[{"not_picked":["Iron Wave","Metallicize"],"picked":"Wild Strike","floor":1},{"not_picked":["Iron Wave","Thunderclap","Inflame"],"picked":"SKIP","floor":2},{"not_picked":["Thunderclap","Armaments"],"picked":"Flame Barrier","floor":3},{"not_picked":["Spot Weakness","Dual Wield","Rage"],"picked":"SKIP","floor":4},{"not_picked":["Evolve","Carnage"],"picked":"Wild Strike","floor":5},{"not_picked":["Flex","Anger"],"picked":"Body Slam","floor":7},{"not_picked":["Headbutt","Anger"],"picked":"Impervious","floor":8},{"not_picked":["Hemokinesis","Pommel Strike"],"picked":"Spot Weakness","floor":10},{"not_picked":["Anger","Shockwave"],"picked":"Wild Strike","floor":13},{"not_picked":["Sentinel","Bloodletting"],"picked":"Entrench","floor":14},{"not_picked":["Demon Form","Reaper"],"picked":"Feed","floor":16},{"not_picked":["Anger","Blood for Blood","Pommel Strike"],"picked":"SKIP","floor":18},{"not_picked":["Searing Blow","Pommel Strike"],"picked":"Evolve+1","floor":19},{"not_picked":["Feel No Pain","Shrug It Off","Cleave"],"picked":"SKIP","floor":20},{"not_picked":["Havoc","Cleave+1"],"picked":"Armaments","floor":21},{"not_picked":["Shockwave+1","Flex","Second Wind"],"picked":"SKIP","floor":22},{"not_picked":["Flex","Wild Strike","Perfected Strike"],"picked":"SKIP","floor":28},{"not_picked":["Armaments","Pommel Strike","Searing Blow"],"picked":"SKIP","floor":29},{"not_picked":["Flex+1","Seeing Red","Exhume"],"picked":"SKIP","floor":31},{"not_picked":["Bloodletting+1","Heavy Blade","Armaments"],"picked":"SKIP","floor":35},{"not_picked":["Hemokinesis+1","Iron Wave","Perfected Strike"],"picked":"SKIP","floor":36},{"not_picked":["Dark Embrace+1","True Grit+1","Evolve+1"],"picked":"SKIP","floor":37},{"not_picked":["Disarm","Clash","Seeing Red+1"],"picked":"SKIP","floor":38}],"player_experience":147681,"relics_obtained":[{"floor":8,"key":"WingedGreaves"},{"floor":9,"key":"Vajra"},{"floor":10,"key":"HollowMod:PaleOreRelic"}],"event_choices":[{"damage_healed":0,"gold_gain":0,"player_choice":"Upgraded","damage_taken":0,"max_hp_gain":0,"max_hp_loss":0,"event_name":"Upgrade Shrine","floor":27,"gold_loss":0,"cards_upgraded":["Feed"]}],"is_beta":false,"boss_relics":[{"not_picked":["Astrolabe","Philosopher\u0027s Stone"],"picked":"Mark of Pain"},{"not_picked":["Tiny House","Fusion Hammer"],"picked":"Black Blood"}],"items_purged_floors":[],"is_endless":false,"potions_floor_spawned":[4,7,8,13,14,18,22,29,31,35,38],"killed_by":"Transient","ascension_level":3}}