{"host":"t7tlgebqkr0de6rl","time":1612866190,"event":{"mods":["BaseMod","Gold Saver","Hero for Fun","Minty Spire (QoL Compilation)","Quick Restart","Shop Mod","Spicy Shops","StSLib","The Alterego","Thieving Mod","Uncapped","[IsaacMod]ÒÔÈö¼âËþ"],"gold_per_floor":[1135,1085,1085,767,785,785,818,832,859,878,938,951,1027,1052,1052,1052,1052],"floor_reached":16,"language":"ZHS","playtime":413,"items_purged":["Regret"],"score":125,"play_id":"d84025d7-0313-4960-9313-e0392e692945","local_time":"20210209182310","is_ascension_mode":false,"campfire_choices":[{"data":"DoctorFetus","floor":6,"key":"SMITH"},{"data":"alterego_mod:BigMeatyClaws","floor":15,"key":"SMITH"}],"circlet_count":0,"master_deck":["alterego_mod:Strike","alterego_mod:Strike","alterego_mod:Strike","alterego_mod:Strike","alterego_mod:Defend","alterego_mod:Defend","alterego_mod:Defend","alterego_mod:Impale","alterego_mod:BigMeatyClaws+1","alterego_mod:BrynhildrsRune","DoctorFetus+1"],"relics":["alterego_mod:MasochisticConstitution","HushsDoor","BloodDonationMachine","NeowsBlessing","Bronze Scales","SteamSale","Toxic Egg 2","Boot","Tiny Chest","PokeGo","Pear","Art of War"],"acts_visited":["Exordium"],"potions_floor_usage":[16,16,16],"damage_taken":[{"damage":0,"enemies":"2 Louse","floor":1,"turns":1},{"damage":0,"enemies":"Small Slimes","floor":5,"turns":1},{"damage":0,"enemies":"3 Sentries","floor":7,"turns":2},{"damage":0,"enemies":"Jaw Worm","floor":8,"turns":1},{"damage":15,"enemies":"Lots of Slimes","floor":10,"turns":2},{"damage":31,"enemies":"3 Sentries","floor":11,"turns":5},{"damage":13,"enemies":"3 Louse","floor":12,"turns":2},{"damage":27,"enemies":"The Guardian","floor":16,"turns":2}],"seed_played":"-5032920676053144028","potions_obtained":[{"floor":7,"key":"SteroidPotion"},{"floor":8,"key":"Fire Potion"},{"floor":11,"key":"Dexterity Potion"}],"is_trial":false,"path_per_floor":["M","?","?","$","M","R","E","M","T","M","?","M","T","T","R","B"],"character_chosen":"The_Alterego","items_purchased":["SteamSale","Toxic Egg 2"],"campfire_rested":0,"item_purchase_floors":[4,4],"current_hp_per_floor":[70,70,70,70,70,70,70,70,70,56,25,13,23,23,23,0,0],"gold":1052,"neow_bonus":"THREE_ENEMY_KILL","is_daily":false,"chose_seed":false,"campfire_upgraded":2,"win_rate":0.0,"timestamp":1612866190,"path_taken":["M","?","?","$","M","R","E","M","T","?","?","M","?","?","R","BOSS"],"items_purchased_type":["Relic","Relic"],"build_version":"2020-12-22","purchased_purges":1,"victory":false,"max_hp_per_floor":[70,70,70,70,70,70,70,70,70,71,72,73,83,83,83,83,83],"card_choices":[{"not_picked":[],"picked":"DoctorFetus","floor":0},{"not_picked":["alterego_mod:TrashNCrash","alterego_mod:Punishment"],"picked":"Bomb","floor":1},{"not_picked":["alterego_mod:Undulate+1","alterego_mod:Tantrum+1","alterego_mod:BiFurious"],"picked":"SKIP","floor":5},{"not_picked":["alterego_mod:Swimsuit","alterego_mod:Jiggle+1","alterego_mod:BoobPocket+1"],"picked":"SKIP","floor":7},{"not_picked":["alterego_mod:Skirt","alterego_mod:HighServant+1","alterego_mod:Maid"],"picked":"SKIP","floor":8},{"not_picked":["alterego_mod:Undulate+1","alterego_mod:Stockings","alterego_mod:BoobPocket+1"],"picked":"SKIP","floor":10},{"not_picked":["alterego_mod:Rip","alterego_mod:Bounce"],"picked":"Bomb","floor":11},{"not_picked":["alterego_mod:Clones+1","alterego_mod:BiFurious","alterego_mod:Smother"],"picked":"SKIP","floor":12}],"player_experience":38822,"relics_obtained":[{"floor":7,"key":"Boot"},{"floor":9,"key":"Tiny Chest"},{"floor":13,"key":"Pear"},{"floor":14,"key":"Art of War"}],"event_choices":[{"cards_removed":["alterego_mod:Defend"],"damage_healed":0,"gold_gain":0,"player_choice":"Card Removal","damage_taken":0,"max_hp_gain":0,"max_hp_loss":0,"event_name":"The Cleric","floor":2,"gold_loss":50},{"damage_healed":0,"gold_gain":0,"player_choice":"Box","damage_taken":0,"relics_obtained":["Bronze Scales"],"max_hp_gain":0,"max_hp_loss":0,"event_name":"Big Fish","floor":3,"gold_loss":0,"cards_obtained":["Regret"]},{"damage_healed":0,"gold_gain":0,"player_choice":"Searched \u00272\u0027 times","damage_taken":0,"relics_obtained":["PokeGo"],"max_hp_gain":0,"max_hp_loss":0,"event_name":"Dead Adventurer","floor":11,"gold_loss":0}],"is_beta":false,"boss_relics":[],"items_purged_floors":[4],"is_endless":false,"potions_floor_spawned":[7,8,11],"killed_by":"The Guardian","ascension_level":0}}