{"host":"e8tokx78z9vc2suo","time":1612872351,"event":{"mods":["100% Spire Juice","ATMod(阿瑾Mod)","Act Like it!","Arknights","Aspiration","BaseMod","Colored Powertips","Conspire","Energized Spire","Gensokyo","Hallownest","HololiveMod","Jedi Mod","KinomotoSakuraMod(木之本樱)","Koishi","LagranYue(拉格朗・月)","Lobotomy","LobotomyExtend","Luminous","Mari Mod (Legacy)","Mari\u0027s V1 Patch","Marisa（F雨　魔理沙）","Minty Spire (QoL Compilation)","MostiFishMod","Pale of the Ancients","Reimu（博丽灵梦）","Remilia（蕾米莉亚）","Replay The Spire","RumiaBox-露米娅的神秘盒子","SIMod","StSLib","TestMod","The Administrix","The Animator","The Bug Knight","WarShipGirlsR/战舰少女R mod","Yakumo Yukari mod","Youmu（魂魄妖梦）","Yuyuko","【遗物卡牌】REMEMod"],"gold_per_floor":[110,110,110,123,125,156,156,156,156,307,373,47,92,233,425,556,556,647,709,709,709],"floor_reached":20,"language":"ZHS","playtime":1166,"items_purged":[],"score":234,"play_id":"8e3bbe32-2165-436b-b0a0-f15867211476","local_time":"20210209200551","is_ascension_mode":false,"campfire_choices":[{"data":"animator:KrulTepes","floor":7,"key":"SMITH"}],"circlet_count":0,"master_deck":["animator:Strike_Konosuba","animator:Defend_Konosuba","animator:Strike","animator:Strike","animator:Defend","animator:Aqua","AT_FamilyPortrait","Buffer","animator:KrulTepes+1","Atom Bomb","Malaise","MostiFishMod:Opportunism","animator:Mitsuba","animator:CrowleyEusford","animator:Vanir","animator:FeridBathory","animator:PandorasActor","animator:PinaCoLada","animator:MisaKurobane","animator:Chris","animator:Albedo","animator:Yuuichirou","ReplayTheSpireMod:Splinters","animator:Shuna","animator:Guren","animator:Mikaela","animator:HiiragiShinya"],"relics":["animator:LivingPicture","animator:TheMissingPiece","testmod-TestBox","DaveBox","REME_ComplimentaryCards","AT_ATBox","LagranYue:RandomDrawCardRelic","testmod-CyclicPeriapt","Civilization","Iron Hammer","AT_MibuBalloonWealth","Gensokyo:Justice","InkBottle","Darkstone Periapt","Orichalcum","Blood Vial","energizedSpire:OgreHead"],"acts_visited":["Gensokyo:Gensokyo","Gensokyo:Gensokyoer"],"potions_floor_usage":[],"damage_taken":[{"damage":7,"enemies":"Gensokyo:Python","floor":1,"turns":6},{"damage":0,"enemies":"Gensokyo:2_Kodama","floor":4,"turns":5},{"damage":8,"enemies":"Gensokyo:Aya","floor":6,"turns":6},{"damage":0,"enemies":"Gensokyo:3_Fairies","floor":10,"turns":4},{"damage":2,"enemies":"Gensokyo:Mamizou","floor":11,"turns":9},{"damage":0,"enemies":"Gensokyo:LivingMonolith","floor":13,"turns":3},{"damage":0,"enemies":"Gensokyo:5_Fairies","floor":14,"turns":4},{"damage":11,"enemies":"Gensokyo:Reimu","floor":16,"turns":8},{"damage":8,"enemies":"Gensokyo:3_Dogs","floor":18,"turns":4},{"damage":0,"enemies":"Gensokyo:2_Gloops","floor":19,"turns":2}],"seed_played":"-7538373303022549662","potions_obtained":[{"floor":6,"key":"SkillPotion"},{"floor":14,"key":"Ancient Potion"},{"floor":19,"key":"Cursed Concoction"}],"is_trial":false,"path_per_floor":["M","T","?","M","?","E","R","?","T","M","E","$","M","M","R","B",null,"M","M","?"],"character_chosen":"THE_ANIMATOR","items_purchased":["animator:MisaKurobane","Orichalcum","animator:Chris"],"campfire_rested":0,"item_purchase_floors":[12,12,12],"current_hp_per_floor":[66,66,66,72,72,71,71,71,71,77,83,83,93,100,106,100,111,108,118,0,0],"gold":709,"neow_bonus":"TEN_PERCENT_HP_BONUS","is_daily":false,"chose_seed":false,"campfire_upgraded":1,"win_rate":0.0,"timestamp":1612872351,"path_taken":["M","?","?","?","?","E","R","?","T","M","E","$","?","M","R","BOSS","M","M","?"],"items_purchased_type":["Card","Relic","Card"],"build_version":"2020-12-22","purchased_purges":0,"victory":false,"max_hp_per_floor":[73,73,73,76,76,80,80,80,80,84,89,89,95,100,106,111,111,116,121,121,121],"card_choices":[{"not_picked":["animator:Kazuma","animator:HighElfArcher"],"picked":"animator:KrulTepes","floor":1},{"not_picked":["animator:Demiurge","animator:Priestess"],"picked":"animator:Mitsuba","floor":4},{"not_picked":[],"picked":"animator:CrowleyEusford","floor":5},{"not_picked":[],"picked":"animator:Vanir","floor":5},{"not_picked":["animator:Megumin","animator:Yoichi"],"picked":"animator:FeridBathory","floor":6},{"not_picked":["animator:Cocytus","animator:Sebas"],"picked":"animator:PandorasActor","floor":10},{"not_picked":["animator:Shinoa","animator:YaoHaDucy"],"picked":"animator:PinaCoLada","floor":11},{"not_picked":["animator:Benimaru","animator:DwarfShaman"],"picked":"animator:Albedo","floor":13},{"not_picked":["animator:Mitsuba","animator:Kazuma"],"picked":"animator:Yuuichirou","floor":14},{"not_picked":["animator:Shalltear","animator:IrohaTamaki"],"picked":"animator:Shuna","floor":15},{"not_picked":["animator:SwordMaiden","animator:Kyubey"],"picked":"animator:Guren","floor":16},{"not_picked":["animator:FeridBathory","animator:HiiragiShinya"],"picked":"animator:Mikaela","floor":18},{"not_picked":["animator:Millim+1","animator:LizardPriest"],"picked":"animator:HiiragiShinya","floor":19}],"player_experience":292161,"relics_obtained":[{"floor":2,"key":"Iron Hammer"},{"floor":6,"key":"AT_MibuBalloonWealth"},{"floor":9,"key":"InkBottle"},{"floor":11,"key":"Darkstone Periapt"},{"floor":16,"key":"Blood Vial"}],"event_choices":[],"is_beta":false,"boss_relics":[{"not_picked":["Fusion Hammer","testmod-PortableAltar"],"picked":"energizedSpire:OgreHead"}],"items_purged_floors":[],"is_endless":false,"potions_floor_spawned":[6,14,19],"ascension_level":0}}