{"host":"c8qonrr5ytpjhapa","time":1612910847,"event":{"mods":["Act Like it!","BaseMod","Colored Powertips","Downfall","Duelist Mod","GifTheSpireLib","Hermit","Minty Spire (QoL Compilation)","Quick Restart","Rare Cards Sparkle","Shop Mod","Spicy Shops","StSLib"],"gold_per_floor":[99,117,131,150,150,150,174,174,193,193,212,212,230,259,276,375,375,375,375,375],"floor_reached":18,"language":"ENG","playtime":1980,"items_purged":[],"score":164,"play_id":"8f00b36e-34cd-4951-aef5-ddf02654a68a","local_time":"20210209174727","is_ascension_mode":false,"campfire_choices":[{"data":"Slimebound:Split","floor":1.0,"key":"SMITH"},{"data":"Slimebound:Prepare","floor":10.0,"key":"SMITH"},{"data":"Slimebound:RejuvenatingLick","floor":12,"key":"SMITH"}],"circlet_count":0,"master_deck":["Slimebound:Strike_Slimebound","Slimebound:Strike_Slimebound","Slimebound:Strike_Slimebound","Slimebound:Tackle","Slimebound:Defend_Slimebound","Slimebound:Defend_Slimebound","Slimebound:Defend_Slimebound","Slimebound:Defend_Slimebound","Slimebound:Split+1","Slimebound:CorrosiveSpit+1","Slimebound:LeechEnergy","Slimebound:Prepare+1","Slimebound:SlimeTap","Slimebound:RejuvenatingLick+1","Slimebound:SplitMire","Slimebound:GoopSpray","Slimebound:SplitBruiser","Slimebound:Teamwork","CurseOfTheBell"],"relics":["Slimebound:AbsorbEndCombat","Blue Candle","Gambling Chip","Boot","Calling Bell","Orichalcum","Molten Egg 2","Ginger"],"acts_visited":["Exordium","TheEnding"],"potions_floor_usage":[14,16,18],"damage_taken":[{"damage":1.0,"enemies":"Cultist","floor":2.0,"turns":3.0},{"damage":0.0,"enemies":"Small Slimes","floor":3.0,"turns":3.0},{"damage":1.0,"enemies":"Jaw Worm","floor":4.0,"turns":4.0},{"damage":1.0,"enemies":"Exordium Thugs","floor":9.0,"turns":5.0},{"damage":0.0,"enemies":"Red Slaver","floor":11.0,"turns":3.0},{"damage":3,"enemies":"Exordium Wildlife","floor":13,"turns":4},{"damage":12,"enemies":"3 Sentries","floor":14,"turns":7},{"damage":0,"enemies":"Large Slime","floor":15,"turns":3},{"damage":2,"enemies":"SI_SHIV_ARCHETYPE","floor":16,"turns":7},{"damage":73,"enemies":"ME_ARCHETYPE_MERCHANT","floor":18,"turns":7}],"seed_played":"-5404912485782543018","potions_obtained":[{"floor":2.0,"key":"Dexterity Potion"},{"floor":9.0,"key":"SpeedPotion"},{"floor":13,"key":"Strength Potion"},{"floor":15,"key":"SteroidPotion"},{"floor":16,"key":"Guardian:BlockOnCardUsePotion"}],"is_trial":false,"path_per_floor":["R","M","M","M","?","T","T","?","M","R","M","R","M","E","M","B",null,"E"],"character_chosen":"SLIMEBOUND","items_purchased":[],"campfire_rested":0,"item_purchase_floors":[],"current_hp_per_floor":[65,65,65,65,60,60,60,60,63,63,65,65,65,59,65,65,65,0,0,0],"gold":375,"neow_bonus":"UPGRADE_CARD","is_daily":false,"chose_seed":false,"campfire_upgraded":3,"win_rate":0.0,"timestamp":1612910847,"path_taken":["R","M","M","?","?","?","T","?","M","R","?","R","M","E","M","BOSS","E"],"items_purchased_type":[],"build_version":"2020-12-22","purchased_purges":0,"victory":false,"max_hp_per_floor":[65,65,65,65,65,65,65,65,65,65,65,65,65,65,65,65,65,65,65,65],"card_choices":[{"not_picked":["Slimebound:BestDefense","Slimebound:GoopTackle"],"picked":"Slimebound:LeechEnergy","floor":2.0},{"not_picked":["Slimebound:ViciousTackle","Slimebound:BestDefense"],"picked":"Slimebound:Prepare","floor":3.0},{"not_picked":["Slimebound:SamplingLick","Slimebound:LivingWall"],"picked":"Slimebound:SlimeTap","floor":4.0},{"not_picked":["Slimebound:LeechEnergy","Slimebound:LivingWall"],"picked":"Slimebound:RejuvenatingLick","floor":9.0},{"not_picked":["Slimebound:MegaLick","Slimebound:Grow"],"picked":"Slimebound:SplitMire","floor":11.0},{"not_picked":["Slimebound:Prepare","Slimebound:ItLooksTasty"],"picked":"Slimebound:GoopSpray","floor":13},{"not_picked":["Slimebound:SplitMire","Slimebound:AcidTongue"],"picked":"Slimebound:SplitBruiser","floor":14},{"not_picked":["Slimebound:SplitLeeching","Slimebound:Chomp","Slimebound:DivideAndConquer"],"picked":"SKIP","floor":15},{"not_picked":["Slimebound:DouseInSlime","Slimebound:PrepareCrush"],"picked":"Slimebound:Teamwork","floor":16}],"player_experience":88073,"relics_obtained":[{"floor":6.0,"key":"Gambling Chip"},{"floor":14,"key":"Boot"},{"floor":17,"key":"Orichalcum"},{"floor":17,"key":"Molten Egg 2"},{"floor":17,"key":"Ginger"}],"event_choices":[{"damage_healed":0.0,"max_hp_gain":0.0,"max_hp_loss":0.0,"gold_gain":0.0,"event_name":"NoteForYourself","player_choice":"Ignored","floor":8.0,"gold_loss":0.0,"damage_taken":0.0}],"is_beta":false,"boss_relics":[{"not_picked":["Tiny House","SacredBark"],"picked":"Calling Bell"}],"items_purged_floors":[],"is_endless":false,"potions_floor_spawned":[2,9,13,15,16],"killed_by":"ME_ARCHETYPE_MERCHANT","ascension_level":0}}