{"host":"d61fcf2p3sjwe6yo","time":1612879330,"event":{"mods":["BaseMod","Colored Map","Koishi","Marisa????????","Minty Spire (QoL Compilation)","StSLib","SuperFastMode","The Servant 0.9.4"],"gold_per_floor":[110,110,110,131,154,154,79,102,102,135,135,151,186,186,186,275,275,289,289,289,289,314,314,339,370,370,370,370],"floor_reached":27,"language":"ENG","playtime":1058,"items_purged":[],"score":682,"play_id":"483efdac-cd24-4d04-871a-536f1ccd8cf3","local_time":"20210209170210","is_ascension_mode":true,"campfire_choices":[{"data":"DoubleSpark","floor":6.0,"key":"SMITH"},{"data":"AbsoluteMagnitude","floor":11.0,"key":"SMITH"},{"data":"OrrerysSun","floor":15.0,"key":"SMITH"},{"data":"OrrerysSun","floor":23,"key":"SMITH"}],"circlet_count":0,"master_deck":["AscendersBane","Strike_MRS+1","Strike_MRS","Strike_MRS","Defend_MRS","Defend_MRS","Defend_MRS","Defend_MRS","MasterSpark","UpSweep+1","GalacticHalo","OrrerysSun+1","DoubleSpark+1","AbsoluteMagnitude+1","GalacticHalo","OortCloud+1","UltimateShortwave","AsteroidBelt","OrrerysSun+1","CasketOfStar","Acceleration"],"relics":["BewitchedHakkero","NeowsBlessing","Golden Idol","Mango","Ice Cream","Dream Catcher","Art of War"],"acts_visited":["Exordium","TheCity"],"potions_floor_usage":[],"damage_taken":[{"damage":0.0,"enemies":"2 Louse","floor":1.0,"turns":1.0},{"damage":0.0,"enemies":"Jaw Worm","floor":4.0,"turns":1.0},{"damage":0.0,"enemies":"Cultist","floor":5.0,"turns":1.0},{"damage":0.0,"enemies":"Exordium Wildlife","floor":8.0,"turns":2.0},{"damage":0.0,"enemies":"Gremlin Nob","floor":10.0,"turns":3.0},{"damage":11.0,"enemies":"3 Louse","floor":12.0,"turns":4.0},{"damage":6.0,"enemies":"3 Sentries","floor":13.0,"turns":9.0},{"damage":0.0,"enemies":"Hexaghost","floor":16.0,"turns":6.0},{"damage":20.0,"enemies":"3 Byrds","floor":18.0,"turns":6.0},{"damage":8,"enemies":"Shell Parasite","floor":22,"turns":6},{"damage":27,"enemies":"Snake Plant","floor":24,"turns":6},{"damage":19,"enemies":"Book of Stabbing","floor":25,"turns":7},{"damage":0,"enemies":"Slavers","floor":27,"turns":1}],"seed_played":"81574327455442347","potions_obtained":[{"floor":1.0,"key":"FearPotion"},{"floor":10.0,"key":"Dexterity Potion"},{"floor":12.0,"key":"PowerPotion"},{"floor":13.0,"key":"Regen Potion"},{"floor":16.0,"key":"GamblersBrew"},{"floor":24,"key":"Fire Potion"}],"is_trial":false,"path_per_floor":["M","?","?","M","M","R","?","M","T","E","R","M","E","?","R","B",null,"M","?","?","?","M","R","M","E","T","E"],"character_chosen":"MARISA","items_purchased":[],"campfire_rested":0,"item_purchase_floors":[],"current_hp_per_floor":[63,39,39,39,39,39,39,39,53,53,53,42,36,11,11,11,66,61,61,61,61,53,53,26,7,7,7,7],"gold":370,"neow_bonus":"THREE_ENEMY_KILL","is_daily":false,"chose_seed":false,"campfire_upgraded":4,"win_rate":0.0,"timestamp":1612879330,"path_taken":["M","?","?","M","?","R","?","M","T","E","R","M","E","?","R","BOSS","M","?","?","?","M","R","M","E","T","E"],"items_purchased_type":[],"build_version":"2020-12-22","purchased_purges":0,"victory":false,"max_hp_per_floor":[70,70,70,70,70,70,70,70,84,84,84,84,84,84,84,84,84,84,84,84,84,84,84,84,84,84,84,84],"card_choices":[{"not_picked":["RefractionSpark","AsteroidBelt"],"picked":"GalacticHalo","floor":1.0},{"not_picked":["DarkMatter","DC"],"picked":"OrrerysSun","floor":4.0},{"not_picked":["GrandCross","WitchLeyline"],"picked":"DoubleSpark","floor":5.0},{"not_picked":["DarkMatter","WitchLeyline","MilkyWay"],"picked":"SKIP","floor":8.0},{"not_picked":["PropBag","RefractionSpark"],"picked":"AbsoluteMagnitude","floor":10.0},{"not_picked":["MagicChant","IllusionStar"],"picked":"GalacticHalo","floor":12.0},{"not_picked":["RefractionSpark","6A"],"picked":"OortCloud","floor":13.0},{"not_picked":["MaximisePower","TreasureHunter"],"picked":"UltimateShortwave","floor":16.0},{"not_picked":["PulseMagic","DC"],"picked":"AsteroidBelt","floor":18.0},{"not_picked":["StarlightTyphoon","MilkyWay","GalacticHalo"],"picked":"SKIP","floor":22},{"not_picked":["DC","WitchOfGreed"],"picked":"Acceleration","floor":24},{"not_picked":["PulseMagic","TreasureHunter","PowerUp"],"picked":"SKIP","floor":25}],"player_experience":315817,"relics_obtained":[{"floor":9.0,"key":"Mango"},{"floor":10.0,"key":"Ice Cream"},{"floor":13.0,"key":"Dream Catcher"},{"floor":25,"key":"Art of War"}],"event_choices":[{"damage_healed":0.0,"max_hp_gain":0.0,"max_hp_loss":0.0,"gold_gain":0.0,"event_name":"Golden Idol","player_choice":"Take Damage","floor":2.0,"gold_loss":0.0,"damage_taken":24.0,"relics_obtained":["Golden Idol"]},{"damage_healed":0.0,"max_hp_gain":0.0,"max_hp_loss":0.0,"gold_gain":0.0,"event_name":"Upgrade Shrine","player_choice":"Upgraded","floor":3.0,"gold_loss":0.0,"damage_taken":0.0,"cards_upgraded":["UpSweep"]},{"cards_removed":["Strike_MRS"],"damage_healed":0.0,"max_hp_gain":0.0,"max_hp_loss":0.0,"gold_gain":0.0,"event_name":"The Cleric","player_choice":"Card Removal","floor":7.0,"gold_loss":75.0,"damage_taken":0.0},{"damage_healed":0.0,"max_hp_gain":0.0,"max_hp_loss":0.0,"gold_gain":0.0,"event_name":"Shining Light","player_choice":"Entered Light","floor":14.0,"gold_loss":0.0,"damage_taken":25.0,"cards_upgraded":["Strike_MRS","OortCloud"]},{"damage_healed":0.0,"max_hp_gain":0.0,"max_hp_loss":0.0,"gold_gain":0.0,"event_name":"The Library","player_choice":"Read","floor":19.0,"gold_loss":0.0,"damage_taken":0.0,"cards_obtained":["OrrerysSun"]},{"damage_healed":0.0,"max_hp_gain":0.0,"max_hp_loss":0.0,"gold_gain":0.0,"event_name":"Cursed Tome","player_choice":"Ignored","floor":20.0,"gold_loss":0.0,"damage_taken":0.0},{"damage_healed":0,"gold_gain":0,"player_choice":"1 cards matched","damage_taken":0,"max_hp_gain":0,"max_hp_loss":0,"event_name":"Match and Keep!","floor":21,"gold_loss":0,"cards_obtained":["CasketOfStar"]}],"is_beta":false,"boss_relics":[{"not_picked":["ExperimentalFamiliar","Astrolabe"],"picked":"BewitchedHakkero"}],"items_purged_floors":[],"is_endless":false,"potions_floor_spawned":[1,10,12,13,16,24],"killed_by":"Slavers","ascension_level":20}}