{"host":"v3qphhcqhwfpabne","time":1612864634,"event":{"mods":["100% Spire Juice","2.2 Compatiblity","AchievementEnabler","BaseMod","CapriCore","DeckTracker","KinomotoSakuraMod(ÙÊñýÜâ?)","Koishi","Marisa£¨Ùöéë¡¡Øª×âÞÞ£©","Minty Spire (QoL Compilation)","Permanent Neow","Prisma Mod","StSLib","Td1madao Mod","The Bug Knight","The Cursed","The Immortal","The Runesmith","WarShipGirlsR/??á´Ò³R mod"],"gold_per_floor":[115,115,126,136,149,176,193,193,193,209,209,223,238,249,249,249,249],"floor_reached":16,"language":"KOR","playtime":455,"items_purged":[],"score":124,"play_id":"43d7cde2-f428-4a3a-92ab-137660b42a7b","local_time":"20210209185714","is_ascension_mode":true,"campfire_choices":[{"data":"Rampage","floor":8,"key":"SMITH"},{"floor":11,"key":"REST"},{"data":"Juggernaut","floor":15,"key":"SMITH"}],"circlet_count":0,"master_deck":["Strike_R","Strike_R","Strike_R","Strike_R","Strike_R","Defend_R","Defend_R","Defend_R","Defend_R","Bash","Rampage+1","True Grit","Ghostly Armor","Carnage","Juggernaut+1"],"relics":["Burning Blood","Bronze Scales","FaceOfCleric","Pen Nib","WingedGreaves"],"acts_visited":["Exordium"],"potions_floor_usage":[6,16,16],"damage_taken":[{"damage":3,"enemies":"Jaw Worm","floor":1,"turns":4},{"damage":1,"enemies":"Cultist","floor":3,"turns":3},{"damage":12,"enemies":"2 Louse","floor":4,"turns":2},{"damage":25,"enemies":"Lots of Slimes","floor":5,"turns":4},{"damage":32,"enemies":"Gremlin Nob","floor":6,"turns":4},{"damage":1,"enemies":"Exordium Thugs","floor":7,"turns":4},{"damage":15,"enemies":"Gremlin Gang","floor":10,"turns":4},{"damage":5,"enemies":"Looter","floor":12,"turns":3},{"damage":18,"enemies":"Large Slime","floor":13,"turns":5},{"damage":17,"enemies":"2 Fungi Beasts","floor":14,"turns":3},{"damage":40,"enemies":"The Guardian","floor":16,"turns":6}],"seed_played":"-4000345202095159903","potions_obtained":[{"floor":3,"key":"Fire Potion"},{"floor":6,"key":"CultistPotion"},{"floor":12,"key":"PowerPotion"},{"floor":14,"key":"SpeedPotion"}],"is_trial":false,"path_per_floor":["M","?","M","M","M","E","M","R","T","M","R","M","M","M","R","B"],"character_chosen":"IRONCLAD","items_purchased":[],"campfire_rested":1,"item_purchase_floors":[],"current_hp_per_floor":[80,80,81,76,58,33,39,39,39,31,56,58,47,37,37,0,0],"gold":249,"neow_bonus":"RANDOM_COMMON_RELIC","is_daily":false,"chose_seed":false,"campfire_upgraded":2,"win_rate":0.0,"timestamp":1612864634,"path_taken":["M","?","M","?","M","E","M","R","T","M","R","M","M","M","R","BOSS"],"items_purchased_type":[],"build_version":"2020-12-22","purchased_purges":0,"victory":false,"max_hp_per_floor":[80,80,81,82,83,84,85,85,85,86,86,87,88,89,89,89,89],"card_choices":[{"not_picked":["Warcry","Disarm"],"picked":"Rampage","floor":1},{"not_picked":["Havoc","Iron Wave"],"picked":"True Grit","floor":3},{"not_picked":["Burning Pact","Cleave"],"picked":"Ghostly Armor","floor":4},{"not_picked":["Anger","Clash"],"picked":"Carnage","floor":5},{"not_picked":["Bloodletting","Dual Wield","Heavy Blade"],"picked":"SKIP","floor":6},{"not_picked":["Infernal Blade","Second Wind","Headbutt"],"picked":"SKIP","floor":7},{"not_picked":["Battle Trance","Flex","Infernal Blade"],"picked":"SKIP","floor":10},{"not_picked":["Perfected Strike","Wild Strike","True Grit"],"picked":"SKIP","floor":12},{"not_picked":["Shockwave","Wild Strike","Thunderclap"],"picked":"SKIP","floor":13},{"not_picked":["Hemokinesis","Body Slam"],"picked":"Juggernaut","floor":14}],"player_experience":148957,"relics_obtained":[{"floor":6,"key":"Pen Nib"},{"floor":9,"key":"WingedGreaves"}],"event_choices":[{"damage_healed":0,"gold_gain":0,"player_choice":"Trade","damage_taken":0,"relics_obtained":["FaceOfCleric"],"max_hp_gain":0,"max_hp_loss":0,"event_name":"FaceTrader","floor":2,"gold_loss":0}],"is_beta":false,"boss_relics":[],"items_purged_floors":[],"is_endless":false,"potions_floor_spawned":[3,6,12,14],"killed_by":"The Guardian","ascension_level":3}}