{"host":"mw3dmj42qtkbha4b","time":1612883910,"event":{"mods":["BaseMod","Colored Map","Colored Powertips","DeckTracker","Minty Spire (QoL Compilation)","StSLib","SuperFastMode"],"gold_per_floor":[109,124,274,274,112,142,156,190,217,217,235,235,253,269,269,269,269],"floor_reached":16,"language":"KOR","playtime":310,"items_purged":[],"score":324,"play_id":"88ec3832-3145-4c90-ae12-0b2b9c6acb09","local_time":"20210210001830","is_ascension_mode":true,"campfire_choices":[{"data":"Eruption","floor":10,"key":"SMITH"},{"data":"Vigilance","floor":12,"key":"SMITH"},{"data":"Strike_P","floor":15,"key":"SMITH"}],"circlet_count":0,"master_deck":["AscendersBane","Strike_P","Strike_P","Strike_P+1","Strike_P","Defend_P","Defend_P+1","Defend_P","Defend_P+1","Eruption+1","Vigilance+1"],"relics":["PureWater","NeowsBlessing","Vajra","Pen Nib","War Paint","Damaru"],"acts_visited":["Exordium"],"potions_floor_usage":[8,8,13],"damage_taken":[{"damage":0,"enemies":"Jaw Worm","floor":1,"turns":1},{"damage":0,"enemies":"Small Slimes","floor":2,"turns":1},{"damage":0,"enemies":"Lagavulin","floor":6,"turns":1},{"damage":2,"enemies":"Cultist","floor":7,"turns":3},{"damage":0,"enemies":"Gremlin Nob","floor":8,"turns":1},{"damage":3,"enemies":"Blue Slaver","floor":11,"turns":4},{"damage":3,"enemies":"Exordium Wildlife","floor":13,"turns":2},{"damage":25,"enemies":"2 Fungi Beasts","floor":14,"turns":3},{"damage":30,"enemies":"Hexaghost","floor":16,"turns":9}],"seed_played":"1418404468546427014","potions_obtained":[{"floor":6,"key":"BlessingOfTheForge"},{"floor":7,"key":"LiquidMemories"},{"floor":8,"key":"LiquidMemories"}],"is_trial":false,"path_per_floor":["M","M","?","?","$","E","M","E","T","R","M","R","M","M","R","B"],"character_chosen":"WATCHER","items_purchased":["Vajra"],"campfire_rested":0,"item_purchase_floors":[5],"current_hp_per_floor":[61,61,61,61,61,61,59,59,59,59,56,56,53,28,28,0,0],"gold":269,"neow_bonus":"THREE_ENEMY_KILL","is_daily":false,"chose_seed":false,"campfire_upgraded":3,"win_rate":0.0,"timestamp":1612883910,"path_taken":["M","M","?","?","?","E","M","E","T","R","M","R","?","M","R","BOSS"],"items_purchased_type":["Relic"],"build_version":"2020-12-22","purchased_purges":0,"victory":false,"max_hp_per_floor":[68,68,68,68,68,68,68,68,68,68,68,68,68,68,68,68,68],"card_choices":[{"not_picked":["Evaluate","Conclude","Adaptation"],"picked":"SKIP","floor":1},{"not_picked":["WheelKick","Evaluate","Swivel"],"picked":"SKIP","floor":2},{"not_picked":["Worship","Prostrate","BowlingBash"],"picked":"SKIP","floor":6},{"not_picked":["Vengeance","CrushJoints","ThirdEye"],"picked":"SKIP","floor":7},{"not_picked":["EmptyMind","Establishment","DeusExMachina"],"picked":"SKIP","floor":8},{"not_picked":["Nirvana","FollowUp","FlyingSleeves"],"picked":"SKIP","floor":11},{"not_picked":["SashWhip","Conclude","CutThroughFate"],"picked":"SKIP","floor":13},{"not_picked":["TalkToTheHand","Prostrate","Pray"],"picked":"SKIP","floor":14}],"player_experience":1810173,"relics_obtained":[{"floor":6,"key":"Pen Nib"},{"floor":8,"key":"War Paint"},{"floor":9,"key":"Damaru"}],"event_choices":[{"damage_healed":0,"gold_gain":150,"player_choice":"AGREE","damage_taken":0,"max_hp_gain":0,"max_hp_loss":0,"event_name":"Liars Game","floor":3,"gold_loss":0,"cards_obtained":["Doubt"]},{"cards_removed":["Doubt"],"damage_healed":0,"gold_gain":0,"player_choice":"Forget","damage_taken":0,"max_hp_gain":0,"max_hp_loss":0,"event_name":"Living Wall","floor":4,"gold_loss":0}],"is_beta":false,"boss_relics":[],"items_purged_floors":[],"is_endless":false,"potions_floor_spawned":[6,7,8],"killed_by":"Hexaghost","ascension_level":20}}