{"host":"344lv32hnei0mdhu","time":1612862452,"event":{"mods":["Act Like it!","BaseMod","Better Match","Better Sensory Stone","Better Skull","Better Third Choice","Better Vampires","Colored Powertips","Highlight Path","Minty Spire (QoL Compilation)","Quick Restart","Random Character Button","Rare Cards Sparkle","StSLib"],"gold_per_floor":[117,117,117,10,31,31,62,62,62,93,107,125,165,165,165,290,290,313,313,313,334,27,27,47,78,78,102,20,20,44,88,88,88,88],"floor_reached":33,"language":"ENG","playtime":1225,"items_purged":[],"score":508,"play_id":"9ef74fde-5891-484e-aa69-8c2f39d86a41","local_time":"20210209032052","is_ascension_mode":true,"campfire_choices":[{"data":"Zap","floor":6.0,"key":"SMITH"},{"floor":8.0,"key":"REST"},{"data":"Static Discharge","floor":15.0,"key":"SMITH"},{"floor":23,"key":"REST"},{"data":"Loop","floor":29,"key":"SMITH"},{"floor":32,"key":"REST"}],"circlet_count":0,"master_deck":["AscendersBane","Strike_B","Strike_B","Strike_B","Strike_B","Defend_B","Defend_B","Defend_B","Defend_B","Zap+1","Dualcast","Ball Lightning","Cold Snap","Go for the Eyes","Chill","Coolheaded+1","Steam+1","Loop","Static Discharge+1","Electrodynamics","CurseOfTheBell","Beam Cell","Dark Shackles+1","Leap+1","Ball Lightning","Gash+1","Loop+1","Double Energy+1","Consume+1"],"relics":["Cracked Core","NeowsBlessing","Golden Idol","Mercury Hourglass","Toxic Egg 2","PreservedInsect","Oddly Smooth Stone","Calling Bell","Art of War","Gremlin Horn","Thread and Needle","Matryoshka","Ice Cream","Kunai","MealTicket","Frozen Egg 2"],"acts_visited":["Exordium","TheCity"],"potions_floor_usage":[25,25],"damage_taken":[{"damage":0.0,"enemies":"Small Slimes","floor":1.0,"turns":1.0},{"damage":0.0,"enemies":"Jaw Worm","floor":5.0,"turns":1.0},{"damage":0.0,"enemies":"Lagavulin","floor":7.0,"turns":1.0},{"damage":10.0,"enemies":"3 Sentries","floor":10.0,"turns":6.0},{"damage":0.0,"enemies":"2 Louse","floor":11.0,"turns":2.0},{"damage":5.0,"enemies":"Exordium Wildlife","floor":12.0,"turns":2.0},{"damage":4.0,"enemies":"Lagavulin","floor":13.0,"turns":6.0},{"damage":8.0,"enemies":"The Guardian","floor":16.0,"turns":9.0},{"damage":10,"enemies":"Spheric Guardian","floor":18,"turns":4},{"damage":20,"enemies":"2 Thieves","floor":21,"turns":2},{"damage":0,"enemies":"3 Cultists","floor":24,"turns":4},{"damage":15,"enemies":"Slavers","floor":25,"turns":5},{"damage":3,"enemies":"Snake Plant","floor":27,"turns":4},{"damage":39,"enemies":"Snecko","floor":30,"turns":5},{"damage":7,"enemies":"Gremlin Leader","floor":31,"turns":5},{"damage":63,"enemies":"Champ","floor":33,"turns":9}],"seed_played":"3763753343968576448","potions_obtained":[{"floor":1.0,"key":"GamblersBrew"},{"floor":7.0,"key":"Ancient Potion"},{"floor":12.0,"key":"Weak Potion"},{"floor":25,"key":"FearPotion"},{"floor":27,"key":"SpeedPotion"}],"is_trial":false,"path_per_floor":["M","?","?","$","M","R","E","R","T","E","M","M","E","?","R","B",null,"M","?","?","M","$","R","M","E","T","M","$","R","M","E","R","B"],"character_chosen":"DEFECT","items_purchased":["Ball Lightning","Cold Snap","Ice Cream","Loop"],"campfire_rested":3,"item_purchase_floors":[4,4,22,28],"current_hp_per_floor":[68,68,50,50,50,50,50,72,72,62,62,57,53,75,75,67,73,63,63,63,43,43,65,65,50,50,47,62,62,23,16,38,0,0],"gold":88,"neow_bonus":"THREE_ENEMY_KILL","is_daily":false,"chose_seed":false,"campfire_upgraded":3,"win_rate":0.0,"timestamp":1612862452,"path_taken":["M","?","?","$","?","R","E","R","T","E","M","M","E","?","R","BOSS","M","?","?","M","$","R","M","E","T","M","?","R","?","E","R","BOSS"],"items_purchased_type":["Card","Card","Relic","Card"],"build_version":"2020-12-22","purchased_purges":0,"victory":false,"max_hp_per_floor":[75,75,75,75,75,75,75,75,75,75,75,75,75,75,75,75,75,75,75,75,75,75,75,75,75,75,75,75,75,75,75,75,75,75],"card_choices":[{"not_picked":["Tempest","Streamline","Beam Cell"],"picked":"SKIP","floor":1.0},{"not_picked":["Lockon","Melter"],"picked":"Go for the Eyes","floor":5.0},{"not_picked":["Storm","Streamline"],"picked":"Chill","floor":7.0},{"not_picked":["Cold Snap","Turbo+1"],"picked":"Coolheaded+1","floor":10.0},{"not_picked":["Sweeping Beam","Tempest+1"],"picked":"Steam+1","floor":11.0},{"not_picked":["Barrage","Rainbow+1"],"picked":"Loop","floor":12.0},{"not_picked":["Sweeping Beam","Hologram+1"],"picked":"Static Discharge","floor":13.0},{"not_picked":["Fission+1","Seek+1"],"picked":"Electrodynamics","floor":16.0},{"not_picked":["Redo+1","Ball Lightning"],"picked":"Beam Cell","floor":18},{"not_picked":["Master of Strategy+1","Flash of Steel"],"picked":"Dark Shackles+1","floor":19},{"not_picked":["Beam Cell","Rip and Tear"],"picked":"Leap+1","floor":21},{"not_picked":["Hologram+1","Recycle+1","Gash"],"picked":"SKIP","floor":24},{"not_picked":["Redo+1","Blizzard"],"picked":"Ball Lightning","floor":25},{"not_picked":["Barrage","Hologram+1"],"picked":"Gash+1","floor":27},{"not_picked":["Steam Power+1","Streamline+1"],"picked":"Double Energy+1","floor":30},{"not_picked":["Glacier+1","Auto Shields+1"],"picked":"Consume+1","floor":31}],"player_experience":422761,"relics_obtained":[{"floor":7.0,"key":"Mercury Hourglass"},{"floor":9.0,"key":"Toxic Egg 2"},{"floor":10.0,"key":"PreservedInsect"},{"floor":13.0,"key":"Oddly Smooth Stone"},{"floor":17,"key":"Art of War"},{"floor":17,"key":"Gremlin Horn"},{"floor":17,"key":"Thread and Needle"},{"floor":25,"key":"Kunai"},{"floor":26,"key":"MealTicket"},{"floor":31,"key":"Frozen Egg 2"}],"event_choices":[{"damage_healed":0.0,"max_hp_gain":0.0,"max_hp_loss":0.0,"gold_gain":0.0,"event_name":"Golden Wing","player_choice":"Ignored","floor":2.0,"gold_loss":0.0,"damage_taken":0.0},{"damage_healed":0.0,"max_hp_gain":0.0,"max_hp_loss":0.0,"gold_gain":0.0,"event_name":"Golden Idol","player_choice":"Take Damage","floor":3.0,"gold_loss":0.0,"damage_taken":18.0,"relics_obtained":["Golden Idol"]},{"damage_healed":25.0,"max_hp_gain":0.0,"max_hp_loss":0.0,"gold_gain":0.0,"event_name":"Big Fish","player_choice":"Banana","floor":14.0,"gold_loss":0.0,"damage_taken":0.0},{"damage_healed":0,"gold_gain":2,"player_choice":"1","damage_taken":0,"max_hp_gain":0,"max_hp_loss":0,"event_name":"betterStone:BetterStone","floor":19,"gold_loss":0},{"damage_healed":0,"gold_gain":0,"player_choice":"Opened","damage_taken":0,"relics_obtained":["Matryoshka"],"max_hp_gain":0,"max_hp_loss":0,"event_name":"The Mausoleum","floor":20,"gold_loss":0}],"is_beta":false,"boss_relics":[{"not_picked":["Runic Dome","Inserter"],"picked":"Calling Bell"}],"items_purged_floors":[],"is_endless":false,"potions_floor_spawned":[1,7,12,18,25,27],"killed_by":"Champ","ascension_level":11}}