{"host":"aaqofma31c3gm2hj","time":1612841389,"event":{"mods":["BaseMod","GungeonMod","Minty Spire (QoL Compilation)","Replay The Spire","Spicy Shops","StSLib"],"gold_per_floor":[19,19,35,35,35,35,35,35,58,82,82,125,125,167,167,280,280,324,330,330],"floor_reached":19,"language":"ZHS","playtime":303,"items_purged":[],"score":496,"play_id":"e794acee-b808-4be1-ac9b-91df26b6b028","local_time":"20210209112949","is_ascension_mode":true,"campfire_choices":[{"data":"Apotheosis","floor":6.0,"key":"SMITH"},{"floor":8.0,"key":"RECALL"},{"data":"Tantrum","floor":11.0,"key":"SMITH"},{"data":"Fasting2","floor":15.0,"key":"SMITH"}],"circlet_count":0,"master_deck":["AscendersBane","Strike_P","Strike_P","Strike_P","Strike_P","Defend_P","Defend_P","Defend_P","Eruption","Vigilance","Apotheosis+1","Tantrum+1","Fasting2+1","BowlingBash","Adaptation","Scrawl"],"relics":["PureWater","Golden Idol","DemoMod:GlassGuonStoneRelic","Replay:Bandana","Boot","VioletLotus"],"acts_visited":["Exordium","TheCity"],"potions_floor_usage":[18],"damage_taken":[{"damage":9.0,"enemies":"2 Louse","floor":1.0,"turns":3.0},{"damage":2.0,"enemies":"Jaw Worm","floor":3.0,"turns":3.0},{"damage":0.0,"enemies":"Cultist","floor":10.0,"turns":3.0},{"damage":7.0,"enemies":"Gremlin Nob","floor":12.0,"turns":3.0},{"damage":0.0,"enemies":"Lagavulin","floor":14.0,"turns":4.0},{"damage":0.0,"enemies":"Slime Boss","floor":16.0,"turns":3.0},{"damage":0,"enemies":"3 Byrds","floor":18,"turns":2},{"damage":0,"enemies":"2 Thieves","floor":19,"turns":1}],"seed_played":"-6337774006575351757","potions_obtained":[{"floor":3.0,"key":"Swift Potion"},{"floor":14.0,"key":"BlessingOfTheForge"}],"is_trial":false,"path_per_floor":["M","?","M","?","?","R","$","R","T","M","R","E","?","E","R","B",null,"M","M"],"character_chosen":"WATCHER","items_purchased":[],"campfire_rested":0,"item_purchase_floors":[],"current_hp_per_floor":[52,52,50,55,55,55,55,55,55,55,55,48,48,48,48,48,62,62,62,62],"gold":330,"neow_bonus":"RANDOM_COLORLESS_2","is_daily":false,"chose_seed":false,"campfire_upgraded":3,"win_rate":0.0,"timestamp":1612841389,"path_taken":["M","?","M","?","?","R","?","R","T","?","R","E","?","E","R","BOSS","M","M"],"items_purchased_type":[],"build_version":"2020-12-22","purchased_purges":0,"victory":false,"max_hp_per_floor":[68,62,62,67,67,67,67,67,67,67,67,67,67,67,67,67,67,67,67,67],"card_choices":[{"not_picked":["DemoMod:Invincible","Panache"],"picked":"Apotheosis","floor":0.0},{"not_picked":["SignatureMove","Prostrate"],"picked":"Tantrum","floor":1.0},{"not_picked":["Meditate","Consecrate","Replay:BluntJabs"],"picked":"SKIP","floor":3.0},{"not_picked":["Worship","ClearTheMind"],"picked":"Fasting2","floor":10.0},{"not_picked":["CrushJoints","PathToVictory"],"picked":"BowlingBash","floor":12.0},{"not_picked":["Indignation","Replay:Hum"],"picked":"Adaptation","floor":14.0},{"not_picked":["Wish","Judgement"],"picked":"Scrawl","floor":16.0},{"not_picked":["EmptyFist","BowlingBash","Replay:Anticipation"],"picked":"SKIP","floor":18}],"player_experience":662149,"relics_obtained":[{"floor":12.0,"key":"Replay:Bandana"},{"floor":14.0,"key":"Boot"}],"event_choices":[{"damage_healed":0.0,"max_hp_gain":0.0,"max_hp_loss":6.0,"gold_gain":0.0,"event_name":"Golden Idol","player_choice":"Lose Max HP","floor":2.0,"gold_loss":0.0,"damage_taken":0.0,"relics_obtained":["Golden Idol"]},{"damage_healed":0.0,"max_hp_gain":5.0,"max_hp_loss":0.0,"gold_gain":0.0,"event_name":"Big Fish","player_choice":"Donut","floor":4.0,"gold_loss":0.0,"damage_taken":0.0},{"damage_healed":0.0,"max_hp_gain":0.0,"max_hp_loss":0.0,"gold_gain":0.0,"event_name":"The Cleric","player_choice":"Leave","floor":5.0,"gold_loss":0.0,"damage_taken":0.0},{"cards_removed":["Defend_P"],"damage_healed":0.0,"max_hp_gain":0.0,"max_hp_loss":0.0,"gold_gain":0.0,"event_name":"Purifier","player_choice":"Purged","floor":13.0,"gold_loss":0.0,"damage_taken":0.0}],"is_beta":false,"boss_relics":[{"not_picked":["Snecko Heart","Replay:Wanted Poster"],"picked":"VioletLotus"}],"items_purged_floors":[],"is_endless":false,"potions_floor_spawned":[3,14],"killed_by":"2 Thieves","ascension_level":20}}