{"host":"kxz5izodaorfb9am","time":1612877338,"event":{"mods":["BaseMod","Downfall","GifTheSpireLib","Minty Spire (QoL Compilation)","Shop Mod","StSLib","The Cursed"],"gold_per_floor":[99,110,110,260,276,306,378,391,417,417,427,441,441,474,485,581,581,481,500,90,90,90,102,102,121,21,32,47,64,64,92,107,210,210,110,123,17,17,2,2,2,2,52,65,65,65,79,79,98,98,98,131,51,51,51,51,51],"floor_reached":55,"language":"ENG","playtime":5925,"items_purged":["downfall:Icky"],"score":849,"play_id":"1ede3d26-a6cf-4964-9ac5-9f702d81ab1b","local_time":"20210209142858","is_ascension_mode":false,"campfire_choices":[{"data":"champ:Taunt","floor":1,"key":"SMITH"},{"data":"champ:IronFortress","floor":10,"key":"SMITH"},{"data":"champ:FlashCut","floor":13,"key":"SMITH"},{"floor":18,"key":"RECALL"},{"data":"champ:Strike","floor":26,"key":"PURGE"},{"data":"champ:SteelEdge","floor":35,"key":"PURGE"},{"data":"champ:CheapShot","floor":40,"key":"PURGE"},{"data":"champ:AdrenalArmor","floor":45,"key":"PURGE"},{"data":"champ:PreemptiveStrike","floor":54,"key":"PURGE"}],"circlet_count":0,"master_deck":["champ:Execute","champ:Taunt+1","champ:IronFortress+1","champ:FlashCut+1","champ:FlashCut","champ:SkillfulDodge","champ:ShieldWall","champ:Circumvent","champ:UltimateStance","champ:BringItOn","champ:ShieldWall","champ:Duel","champ:StanceDance+1","champ:RisingSlash","champ:Encircle","champ:Backstep","champ:RisingSlash","champ:DefensiveShout+1","champ:ShieldWall","champ:GutPunch","champ:BringItOn+1","champ:Improvising","champ:ShieldWall"],"relics":["champ:ChampionCrown","Sundial","Bottled Flame","champ:FightingForDummies","Anchor","Fusion Hammer","downfall:HeartBlessingGreen","Bottled Lightning","Peace Pipe","Bottled Tornado","downfall:HeartBlessingRed","Juzu Bracelet","Pandora\u0027s Box","downfall:HeartBlessingBlue","Mummified Hand","FossilizedHelix","Meat on the Bone","PreservedInsect"],"acts_visited":["Exordium","TheCity","TheBeyond","TheEnding"],"potions_floor_usage":[8,14,29,32,50,50,50,55],"damage_taken":[{"damage":10,"enemies":"Small Slimes","floor":2,"turns":4},{"damage":22,"enemies":"Jaw Worm","floor":5,"turns":6},{"damage":10,"enemies":"Cultist","floor":8,"turns":4},{"damage":45,"enemies":"Lagavulin","floor":9,"turns":7},{"damage":10,"enemies":"Exordium Wildlife","floor":11,"turns":3},{"damage":11,"enemies":"3 Louse","floor":12,"turns":4},{"damage":21,"enemies":"Gremlin Nob","floor":14,"turns":5},{"damage":10,"enemies":"Red Slaver","floor":15,"turns":3},{"damage":10,"enemies":"SI_SHIV_ARCHETYPE","floor":16,"turns":7},{"damage":21,"enemies":"Spheric Guardian","floor":19,"turns":5},{"damage":1,"enemies":"downfall:FleeingMerchant","floor":20,"turns":4},{"damage":20,"enemies":"Cultist and Chosen","floor":23,"turns":8},{"damage":0,"enemies":"Shelled Parasite and Fungi","floor":25,"turns":5},{"damage":10,"enemies":"Snecko","floor":27,"turns":5},{"damage":0,"enemies":"Snake Plant","floor":28,"turns":4},{"damage":16,"enemies":"3 Cultists","floor":29,"turns":5},{"damage":0,"enemies":"Book of Stabbing","floor":31,"turns":5},{"damage":5,"enemies":"Shelled Parasite and Fungi","floor":32,"turns":4},{"damage":20,"enemies":"WA_ARCHETYPE_CALM","floor":33,"turns":8},{"damage":0,"enemies":"Orb Walker","floor":36,"turns":3},{"damage":5,"enemies":"downfall:FleeingMerchant","floor":37,"turns":4},{"damage":31,"enemies":"downfall:FleeingMerchant","floor":39,"turns":4},{"damage":56,"enemies":"2 Orb Walkers","floor":43,"turns":6},{"damage":20,"enemies":"3 Shapes","floor":44,"turns":4},{"damage":5,"enemies":"Maw","floor":47,"turns":6},{"damage":19,"enemies":"Spire Growth","floor":49,"turns":4},{"damage":86,"enemies":"IC_BLOCK_ARCHETYPE","floor":50,"turns":16},{"damage":29,"enemies":"downfall:CharBossMerchant","floor":52,"turns":9},{"damage":146,"enemies":"downfall:NeowBoss","floor":55,"turns":19}],"seed_played":"3812898948072642369","potions_obtained":[{"floor":5,"key":"SneckoOil"},{"floor":11,"key":"champ:OpenerPotion"},{"floor":12,"key":"Ancient Potion"},{"floor":23,"key":"DuplicationPotion"},{"floor":25,"key":"SteroidPotion"},{"floor":27,"key":"Explosive Potion"},{"floor":31,"key":"Explosive Potion"},{"floor":43,"key":"Dexterity Potion"},{"floor":46,"key":"LiquidBronze"},{"floor":47,"key":"champ:CounterPotion"},{"floor":52,"key":"Slimebound:ThreeZeroPotion"}],"is_trial":false,"path_per_floor":["R","M","?","?","M","?","T","M","E","R","M","M","R","E","M","B",null,"R","M","$","?","T","M","T","M","R","M","M","M","T","E","M","B",null,"R","M","$","?","$","R","T","?","?","M","R","?","M","?","M","B",null,"E","$","R","B"],"character_chosen":"THE_CHAMP","items_purchased":["champ:ShieldWall","Bottled Lightning","champ:ShieldWall","champ:GutPunch","champ:ShieldWall"],"campfire_rested":0,"item_purchase_floors":[20,20,37,37,53],"current_hp_per_floor":[99,99,99,99,87,87,87,87,62,62,62,61,61,40,40,40,99,99,98,97,97,97,87,87,87,87,87,87,76,76,76,71,71,99,109,109,109,109,98,98,98,109,73,78,78,78,88,88,89,50,109,95,95,95,0,0,0],"gold":51,"neow_bonus":"TEN_PERCENT_HP_BONUS","is_daily":false,"chose_seed":false,"campfire_upgraded":3,"win_rate":0.0,"timestamp":1612877338,"path_taken":["R","M","?","?","M","?","T","M","E","R","M","M","R","E","M","BOSS","R","M","$","?","?","M","T","M","R","M","M","?","?","E","M","BOSS","R","M","?","?","?","R","T","?","?","M","R","?","M","?","M","BOSS","E","$","R","BOSS"],"items_purchased_type":["Card","Relic","Card","Card","Card"],"build_version":"2020-12-22","purchased_purges":1,"victory":false,"max_hp_per_floor":[99,99,99,99,99,99,99,99,99,99,99,99,99,99,99,99,99,99,99,99,99,99,99,99,99,99,99,99,99,99,99,99,99,99,109,109,109,109,109,109,109,109,109,109,109,109,109,109,109,109,109,109,109,109,109,109,109],"card_choices":[{"not_picked":["champ:BringItOn","champ:Shatter"],"picked":"champ:IronFortress","floor":2},{"not_picked":["champ:AdrenalArmor","champ:FanOfKnives"],"picked":"champ:FlashCut","floor":5},{"not_picked":["champ:BerserkersShout","champ:Circumvent"],"picked":"champ:FlashCut","floor":8},{"not_picked":["champ:LastStand","champ:PreciseThrust"],"picked":"champ:SkillfulDodge","floor":9},{"not_picked":["champ:FalseCounter","champ:Backstep"],"picked":"champ:ShieldWall","floor":11},{"not_picked":["champ:PreciseThrust","champ:Backstep","champ:EnragedBash"],"picked":"SKIP","floor":12},{"not_picked":["champ:BerserkersShout","champ:Shatter","champ:Devastate"],"picked":"SKIP","floor":14},{"not_picked":["champ:TornadoPunch","champ:FocusedBerserking"],"picked":"champ:Circumvent","floor":15},{"not_picked":["champ:SteelEdge","champ:SwordThrow"],"picked":"champ:UltimateStance","floor":16},{"not_picked":["champ:CalledShot","champ:Shatter+1"],"picked":"champ:PreemptiveStrike","floor":19},{"not_picked":["champ:HeartStrike","champ:AdrenalArmor+1"],"picked":"champ:BringItOn","floor":20},{"not_picked":["champ:FanOfKnives","champ:Shatter","champ:FancyFootwork"],"picked":"SKIP","floor":23},{"not_picked":["champ:FaceSlap+1","champ:FanOfKnives+1","champ:Backstep"],"picked":"SKIP","floor":25},{"not_picked":["champ:FaceSlap+1","champ:PerfectedStrike"],"picked":"champ:Duel","floor":27},{"not_picked":["champ:DeathBlow","champ:FanOfKnives"],"picked":"champ:StanceDance+1","floor":28},{"not_picked":["champ:CrownThrow+1","champ:EndlessRage","champ:ArenaPreparation"],"picked":"SKIP","floor":29},{"not_picked":["champ:GutPunch+1","champ:Lariat"],"picked":"champ:RisingSlash","floor":31},{"not_picked":["champ:Haymaker","champ:Endure","champ:BerserkersShout"],"picked":"SKIP","floor":32},{"not_picked":["champ:DefensiveShout","champ:CrownThrow+1"],"picked":"champ:RisingSlash","floor":36},{"not_picked":["champ:Shatter","champ:FanOfKnives+1"],"picked":"champ:DefensiveShout+1","floor":37},{"not_picked":["champ:Parry","champ:DefensiveShout+1","champ:PreciseThrust+1"],"picked":"SKIP","floor":39},{"not_picked":["champ:Circumvent","champ:BerserkersShout+1"],"picked":"champ:BringItOn+1","floor":43},{"not_picked":["champ:HoldFirm","champ:Backstep+1","champ:Circumvent+1"],"picked":"SKIP","floor":44},{"not_picked":["champ:TornadoPunch","champ:BerserkersShout","champ:RapidStrikes+1"],"picked":"SKIP","floor":47},{"not_picked":["champ:DefensiveShout","champ:AdrenalArmor+1","champ:DeathBlow"],"picked":"SKIP","floor":49},{"not_picked":["champ:SetATrap","champ:PreemptiveStrike+1"],"picked":"champ:Improvising","floor":52}],"player_experience":348273,"relics_obtained":[{"floor":7,"key":"Bottled Flame"},{"floor":9,"key":"champ:FightingForDummies"},{"floor":14,"key":"Anchor"},{"floor":22,"key":"Peace Pipe"},{"floor":24,"key":"Bottled Tornado"},{"floor":31,"key":"Juzu Bracelet"},{"floor":41,"key":"Mummified Hand"},{"floor":43,"key":"FossilizedHelix"},{"floor":48,"key":"Meat on the Bone"},{"floor":52,"key":"PreservedInsect"}],"event_choices":[{"cards_removed":["champ:FaceSlap"],"damage_healed":0,"gold_gain":0,"player_choice":"Removed Attack","damage_taken":0,"max_hp_gain":0,"max_hp_loss":0,"event_name":"Falling","floor":38,"gold_loss":0},{"cards_removed":["champ:EnragedBash"],"damage_healed":11,"gold_gain":0,"player_choice":"Offered Uncommon","damage_taken":0,"max_hp_gain":0,"max_hp_loss":0,"event_name":"Bonfire Elementals","floor":42,"gold_loss":0},{"damage_healed":0,"gold_gain":0,"player_choice":"Fight","damage_taken":0,"max_hp_gain":0,"max_hp_loss":0,"event_name":"Mysterious Sphere","floor":43,"gold_loss":0},{"damage_healed":0,"gold_gain":0,"player_choice":"Got Potions","damage_taken":0,"max_hp_gain":0,"max_hp_loss":0,"event_name":"Lab","floor":46,"gold_loss":0}],"is_beta":false,"boss_relics":[{"not_picked":["Velvet Choker","Tiny House"],"picked":"Fusion Hammer"},{"not_picked":["Runic Dome","SlaversCollar"],"picked":"Pandora\u0027s Box"}],"items_purged_floors":[20],"is_endless":false,"potions_floor_spawned":[5,11,12,23,25,27,31,43,44,47,52],"killed_by":"downfall:NeowBoss","ascension_level":0}}