{"host":"rmsq46plbpwfbxcc","time":1612834135,"event":{"mods":["AchievementEnabler","BaseMod","Colored Map","Colored Powertips","DeckTracker","KOR Keyword Fix","Minty Spire (QoL Compilation)","Permanent Neow","Quick Restart","SuperFastMode"],"gold_per_floor":[119,269,287,287,300,300,68,80,80,113,125,150,161,180,180,259,259,270,283,208,108,108,108,143,18,18,44,44,70,70,88,88,162,212,229,249,249,99,115,115,143,143,143,143,143],"floor_reached":44,"language":"KOR","playtime":1761,"items_purged":["Doubt","Defend_G","Defend_G","Defend_G"],"score":954,"play_id":"be6fc864-c93d-4807-8a26-34729b8cb62b","local_time":"20210209102855","is_ascension_mode":true,"campfire_choices":[{"data":"Neutralize","floor":6.0,"key":"SMITH"},{"data":"Blade Dance","floor":15.0,"key":"SMITH"},{"data":"After Image","floor":23.0,"key":"SMITH"},{"data":"Accuracy","floor":28.0,"key":"SMITH"},{"data":"Cloak And Dagger","floor":30.0,"key":"SMITH"},{"data":"Wraith Form v2","floor":32.0,"key":"SMITH"},{"data":"Well Laid Plans","floor":40,"key":"SMITH"},{"data":"Footwork","floor":42,"key":"SMITH"}],"circlet_count":0,"master_deck":["AscendersBane","Strike_G","Strike_G+1","Defend_G","Survivor+1","Neutralize+1","Skewer+1","Blur+1","PiercingWail+1","Escape Plan","Tactician+1","Blade Dance+1","Accuracy+1","Cloak And Dagger+1","Choke","After Image+1","Backflip","PiercingWail","Wraith Form v2+1","Footwork+1","Well Laid Plans+1"],"relics":["Astrolabe","Question Card","Anchor","Nunchaku","Mango","Happy Flower","Coffee Dripper","Art of War","Matryoshka","Tough Bandages","War Paint","Tiny House","Frozen Egg 2","StrikeDummy","Pen Nib"],"acts_visited":["Exordium","TheCity","TheBeyond"],"potions_floor_usage":[39],"damage_taken":[{"damage":2.0,"enemies":"Jaw Worm","floor":1.0,"turns":7.0},{"damage":1.0,"enemies":"Small Slimes","floor":3.0,"turns":4.0},{"damage":0.0,"enemies":"Cultist","floor":5.0,"turns":4.0},{"damage":0.0,"enemies":"Lots of Slimes","floor":8.0,"turns":5.0},{"damage":4.0,"enemies":"Lagavulin","floor":10.0,"turns":7.0},{"damage":7.0,"enemies":"Large Slime","floor":11.0,"turns":9.0},{"damage":17.0,"enemies":"3 Sentries","floor":12.0,"turns":8.0},{"damage":0.0,"enemies":"Exordium Wildlife","floor":13.0,"turns":3.0},{"damage":0.0,"enemies":"Blue Slaver","floor":14.0,"turns":3.0},{"damage":39.0,"enemies":"The Guardian","floor":16.0,"turns":18.0},{"damage":8.0,"enemies":"Chosen","floor":18.0,"turns":6.0},{"damage":6.0,"enemies":"3 Byrds","floor":19.0,"turns":6.0},{"damage":1.0,"enemies":"Gremlin Leader","floor":24.0,"turns":8.0},{"damage":23.0,"enemies":"Slavers","floor":27.0,"turns":7.0},{"damage":0.0,"enemies":"Book of Stabbing","floor":29.0,"turns":5.0},{"damage":0.0,"enemies":"Shelled Parasite and Fungi","floor":31.0,"turns":5.0},{"damage":22,"enemies":"Automaton","floor":33,"turns":11},{"damage":4,"enemies":"Orb Walker","floor":35,"turns":4},{"damage":23,"enemies":"3 Darklings","floor":36,"turns":8},{"damage":8,"enemies":"Transient","floor":39,"turns":5},{"damage":2,"enemies":"Giant Head","floor":41,"turns":11},{"damage":51,"enemies":"Reptomancer","floor":44,"turns":2}],"seed_played":"-6062562587143160174","potions_obtained":[{"floor":1.0,"key":"PowerPotion"},{"floor":3.0,"key":"Strength Potion"},{"floor":5.0,"key":"AttackPotion"},{"floor":16.0,"key":"Poison Potion"},{"floor":24.0,"key":"Regen Potion"},{"floor":27.0,"key":"FearPotion"},{"floor":31.0,"key":"FearPotion"},{"floor":34,"key":"EssenceOfSteel"},{"floor":36,"key":"ColorlessPotion"},{"floor":37,"key":"CultistPotion"}],"is_trial":false,"path_per_floor":["M","?","M","?","M","R","$","M","T","E","M","E","M","M","R","B",null,"M","M","?","$","?","R","E","$","T","E","R","E","R","M","R","B",null,"M","M","?","$","M","R","E","R","T","E"],"character_chosen":"THE_SILENT","items_purchased":["Anchor"],"campfire_rested":0,"item_purchase_floors":[7],"current_hp_per_floor":[57,57,56,56,56,56,56,56,56,66,59,42,42,42,42,3,61,53,47,47,47,47,47,46,46,46,38,38,38,38,38,38,16,69,65,42,42,42,34,34,32,32,32,0,0],"gold":143,"neow_bonus":"BOSS_RELIC","is_daily":false,"chose_seed":false,"campfire_upgraded":8,"win_rate":0.0,"timestamp":1612834135,"path_taken":["M","?","M","?","?","R","$","M","T","E","M","E","M","M","R","BOSS","M","?","?","$","?","R","E","?","T","E","R","E","R","?","R","BOSS","M","M","?","$","M","R","E","R","T","E"],"items_purchased_type":["Relic"],"build_version":"2020-12-22","purchased_purges":4,"victory":false,"max_hp_per_floor":[66,66,66,66,66,66,66,66,66,80,80,80,80,80,80,80,80,80,80,80,80,80,80,80,80,80,80,80,80,80,80,80,80,85,85,85,85,85,85,85,85,85,85,85,85],"card_choices":[{"not_picked":["Infinite Blades","All Out Attack"],"picked":"Escape Plan","floor":1.0},{"not_picked":["Dagger Spray","Flying Knee"],"picked":"Tactician","floor":3.0},{"not_picked":["Noxious Fumes","Deadly Poison","Distraction","Outmaneuver"],"picked":"SKIP","floor":5.0},{"not_picked":["Well Laid Plans","Dagger Throw","Caltrops"],"picked":"Blade Dance","floor":8.0},{"not_picked":["Storm of Steel","Terror","Caltrops"],"picked":"Accuracy","floor":10.0},{"not_picked":["Backflip","Expertise","Sucker Punch"],"picked":"Cloak And Dagger","floor":11.0},{"not_picked":["Catalyst","Dagger Spray","Expertise","Deflect"],"picked":"SKIP","floor":12.0},{"not_picked":["Deflect","Slice","Deadly Poison"],"picked":"Choke","floor":13.0},{"not_picked":["Flying Knee","Quick Slash","Night Terror","Infinite Blades"],"picked":"SKIP","floor":14.0},{"not_picked":["Envenom","Corpse Explosion","Storm of Steel"],"picked":"After Image","floor":16.0},{"not_picked":["Bane","Quick Slash","Blade Dance"],"picked":"Backflip","floor":18.0},{"not_picked":["Dagger Throw","Masterful Stab","Slice"],"picked":"PiercingWail","floor":19.0},{"not_picked":["PiercingWail","Dodge and Roll","Choke"],"picked":"Wraith Form v2","floor":24.0},{"not_picked":["Masterful Stab","Distraction","PiercingWail+1","Flying Knee"],"picked":"SKIP","floor":27.0},{"not_picked":["Caltrops","Sucker Punch","Unload","Accuracy+1"],"picked":"SKIP","floor":29.0},{"not_picked":["Prepared","Setup","Dagger Throw","Reflex"],"picked":"SKIP","floor":31.0},{"not_picked":["Dagger Spray","Prepared","Tactician","Dagger Throw"],"picked":"SKIP","floor":35},{"not_picked":["Masterful Stab+1","Crippling Poison","Flying Knee"],"picked":"Footwork","floor":36},{"not_picked":["All Out Attack+1","Infinite Blades","Grand Finale"],"picked":"Well Laid Plans","floor":39},{"not_picked":["Distraction","Doppelganger","Endless Agony","Leg Sweep"],"picked":"SKIP","floor":41}],"player_experience":672801,"relics_obtained":[{"floor":9.0,"key":"Nunchaku"},{"floor":10.0,"key":"Mango"},{"floor":12.0,"key":"Happy Flower"},{"floor":24.0,"key":"Art of War"},{"floor":26.0,"key":"Matryoshka"},{"floor":27.0,"key":"Tough Bandages"},{"floor":29.0,"key":"War Paint"},{"floor":41,"key":"Frozen Egg 2"},{"floor":43,"key":"StrikeDummy"},{"floor":43,"key":"Pen Nib"}],"event_choices":[{"damage_healed":0.0,"max_hp_gain":0.0,"max_hp_loss":0.0,"gold_gain":150.0,"event_name":"Liars Game","player_choice":"AGREE","floor":2.0,"gold_loss":0.0,"damage_taken":0.0,"cards_obtained":["Doubt"]},{"damage_healed":0.0,"max_hp_gain":0.0,"max_hp_loss":0.0,"gold_gain":0.0,"event_name":"WeMeetAgain","player_choice":"Gave Potion","floor":4.0,"gold_loss":0.0,"damage_taken":0.0,"relics_obtained":["Question Card"]},{"cards_removed":["Strike_G"],"damage_healed":0.0,"max_hp_gain":0.0,"max_hp_loss":0.0,"gold_gain":0.0,"event_name":"Beggar","player_choice":"Gave Gold","floor":20.0,"gold_loss":75.0,"damage_taken":0.0},{"damage_healed":0.0,"max_hp_gain":0.0,"max_hp_loss":0.0,"gold_gain":0.0,"event_name":"Cursed Tome","player_choice":"Ignored","floor":22.0,"gold_loss":0.0,"damage_taken":0.0},{"damage_healed":0,"gold_gain":0,"player_choice":"Got Potions","damage_taken":0,"max_hp_gain":0,"max_hp_loss":0,"event_name":"Lab","floor":37,"gold_loss":0}],"is_beta":false,"boss_relics":[{"not_picked":["Cursed Key","Black Star"],"picked":"Coffee Dripper"},{"not_picked":["Busted Crown","Philosopher\u0027s Stone"],"picked":"Tiny House"}],"items_purged_floors":[7,21,25,38],"is_endless":false,"potions_floor_spawned":[1,3,5,16,24,27,31,36],"killed_by":"Reptomancer","ascension_level":15}}