{"host":"w3q5ijqu8eoknil3","time":1612909611,"event":{"mods":["AchievementEnabler","BaseMod","Block Reminder","Colored Map","Colored Powertips","Curses Come First","Dark Map","Minty Spire (QoL Compilation)","Quick Restart","Relic Stats","StSLib","ojb\u0027s Better Paths Mod","ojb\u0027s Info Mod","slay the spire mod where everything is the same but ironclad has a cowboy hat"],"gold_per_floor":[114,114,131,131,131,170,185,203,203,203,228,208,249,263,263,263,263],"floor_reached":16,"language":"ENG","playtime":361,"items_purged":[],"score":267,"play_id":"378de041-9f92-448e-8ff6-e1496ede64a8","local_time":"20210209222651","is_ascension_mode":true,"campfire_choices":[{"data":"Masterful Stab","floor":10,"key":"SMITH"},{"floor":15,"key":"REST"}],"circlet_count":0,"master_deck":["AscendersBane","Strike_G","Strike_G","Strike_G","Strike_G","Defend_G","Defend_G","Defend_G","Defend_G","Defend_G","Survivor","Neutralize","Masterful Stab+1","Distraction","Poisoned Stab+1","Dagger Spray","Finisher","Terror","Masterful Stab","Leg Sweep"],"relics":["Ring of the Snake","NeowsBlessing","Golden Idol","The Specimen","Gambling Chip","Darkstone Periapt"],"acts_visited":["Exordium"],"potions_floor_usage":[11,14,16,16],"damage_taken":[{"damage":0,"enemies":"2 Louse","floor":1,"turns":1},{"damage":0,"enemies":"Small Slimes","floor":3,"turns":1},{"damage":0,"enemies":"3 Sentries","floor":6,"turns":1},{"damage":3,"enemies":"Cultist","floor":7,"turns":3},{"damage":1,"enemies":"Blue Slaver","floor":8,"turns":3},{"damage":0,"enemies":"Exordium Thugs","floor":11,"turns":1},{"damage":20,"enemies":"Lagavulin","floor":13,"turns":4},{"damage":7,"enemies":"Exordium Wildlife","floor":14,"turns":2},{"damage":51,"enemies":"Slime Boss","floor":16,"turns":11}],"seed_played":"-5759969617656404596","potions_obtained":[{"floor":1,"key":"DuplicationPotion"},{"floor":8,"key":"SteroidPotion"},{"floor":12,"key":"SpeedPotion"},{"floor":14,"key":"Ancient Potion"}],"is_trial":false,"path_per_floor":["M","?","M","?","?","E","M","M","T","R","M","?","E","M","R","B"],"character_chosen":"THE_SILENT","items_purchased":[],"campfire_rested":1,"item_purchase_floors":[],"current_hp_per_floor":[59,59,59,59,59,59,56,55,55,55,55,55,35,28,46,0,0],"gold":263,"neow_bonus":"THREE_ENEMY_KILL","is_daily":false,"chose_seed":false,"campfire_upgraded":1,"win_rate":0.0,"timestamp":1612909611,"path_taken":["M","?","M","?","?","E","M","M","T","R","?","?","E","M","R","BOSS"],"items_purchased_type":[],"build_version":"2020-12-22","purchased_purges":0,"victory":false,"max_hp_per_floor":[66,66,66,60,60,60,60,60,60,60,60,60,60,60,60,60,60],"relic_stats":{"Darkstone Periapt":0,"counters":[9,27],"Golden Idol":31,"Gambling Chip":[15],"obtain_stats":[{"Darkstone Periapt":13,"NeowsBlessing":0,"The Specimen":6,"Golden Idol":4,"Gambling Chip":9,"Ring of the Snake":0},{"Darkstone Periapt":7,"NeowsBlessing":0,"The Specimen":3,"Golden Idol":2,"Gambling Chip":5,"Ring of the Snake":0},{"Darkstone Periapt":14,"NeowsBlessing":0,"The Specimen":3,"Golden Idol":2,"Gambling Chip":9,"Ring of the Snake":0}],"Ring of the Snake":[18]},"card_choices":[{"not_picked":["Noxious Fumes","Underhanded Strike"],"picked":"Masterful Stab","floor":1},{"not_picked":["Deflect","Acrobatics"],"picked":"Poisoned Stab","floor":3},{"not_picked":["Endless Agony","Cloak And Dagger","Reflex"],"picked":"SKIP","floor":6},{"not_picked":["Cloak And Dagger","Underhanded Strike"],"picked":"Dagger Spray","floor":7},{"not_picked":["Dagger Throw","Eviscerate"],"picked":"Finisher","floor":8},{"not_picked":["Dagger Spray","Quick Slash"],"picked":"Terror","floor":11},{"not_picked":["Quick Slash","Deadly Poison"],"picked":"Masterful Stab","floor":13},{"not_picked":["Infinite Blades","Bane"],"picked":"Leg Sweep","floor":14}],"player_experience":1043515,"relics_obtained":[{"floor":6,"key":"The Specimen"},{"floor":9,"key":"Gambling Chip"},{"floor":13,"key":"Darkstone Periapt"}],"event_choices":[{"damage_healed":0,"gold_gain":0,"cards_transformed":["Strike_G"],"player_choice":"Change","damage_taken":0,"max_hp_gain":0,"max_hp_loss":0,"event_name":"Living Wall","floor":2,"gold_loss":0,"cards_obtained":["Distraction"]},{"damage_healed":0,"gold_gain":0,"player_choice":"Lose Max HP","damage_taken":0,"relics_obtained":["Golden Idol"],"max_hp_gain":0,"max_hp_loss":6,"event_name":"Golden Idol","floor":4,"gold_loss":0},{"damage_healed":0,"gold_gain":0,"player_choice":"Upgraded","damage_taken":0,"max_hp_gain":0,"max_hp_loss":0,"event_name":"Upgrade Shrine","floor":5,"gold_loss":0,"cards_upgraded":["Poisoned Stab"]},{"damage_healed":0,"gold_gain":0,"player_choice":"Bought 1 Potion","damage_taken":0,"max_hp_gain":0,"max_hp_loss":0,"event_name":"The Woman in Blue","floor":12,"gold_loss":0}],"is_beta":false,"boss_relics":[],"items_purged_floors":[],"is_endless":false,"potions_floor_spawned":[1,8,13,14],"killed_by":"Slime Boss","ascension_level":19}}