{"host":"mqhvlr3kpxebko0t","time":1612879940,"event":{"mods":["AchievementEnabler","BaseMod","Colored Map","Colored Powertips","KOR Keyword Fix","Keyboard Shortcuts","Minty Spire (QoL Compilation)","StSLib","SuperFastMode"],"gold_per_floor":[158,198,348,273,325,325,225,260,286,286,286,349,30,84,84,109,109],"floor_reached":16,"language":"KOR","playtime":204,"items_purged":["Doubt","Strike_R","Strike_R"],"score":216,"play_id":"c39a55cd-9455-494b-801d-d55078668077","local_time":"20210209231220","is_ascension_mode":true,"campfire_choices":[{"data":"Pommel Strike","floor":6,"key":"SMITH"},{"floor":10,"key":"REST"},{"data":"Armaments","floor":15,"key":"SMITH"}],"circlet_count":0,"master_deck":["AscendersBane","Strike_R","Strike_R","Strike_R+1","Defend_R","Defend_R","Defend_R","Defend_R","Bash+1","HandOfGreed","Carnage","Pommel Strike+1","Reaper","Dropkick","Blood for Blood","Armaments+1"],"relics":["Burning Blood","CeramicFish","Juzu Bracelet","PreservedInsect","Magic Flower"],"acts_visited":["Exordium"],"potions_floor_usage":[8,12,16],"damage_taken":[{"damage":2,"enemies":"2 Louse","floor":1,"turns":6},{"damage":7,"enemies":"Jaw Worm","floor":2,"turns":3},{"damage":7,"enemies":"Small Slimes","floor":5,"turns":4},{"damage":17,"enemies":"Looter","floor":8,"turns":3},{"damage":8,"enemies":"Gremlin Nob","floor":12,"turns":3},{"damage":35,"enemies":"Lagavulin","floor":14,"turns":4},{"damage":43,"enemies":"Slime Boss","floor":16,"turns":7}],"seed_played":"5712283735914211351","potions_obtained":[{"floor":1,"key":"Energy Potion"},{"floor":2,"key":"Swift Potion"},{"floor":14,"key":"BloodPotion"}],"is_trial":false,"path_per_floor":["M","M","?","$","M","R","$","M","T","R","?","E","$","E","R","B"],"character_chosen":"IRONCLAD","items_purchased":["PreservedInsect","Blood for Blood"],"campfire_rested":1,"item_purchase_floors":[13,13],"current_hp_per_floor":[54,53,53,53,52,52,52,41,41,63,40,44,44,15,15,4,4],"gold":109,"neow_bonus":"RANDOM_COLORLESS_2","is_daily":false,"chose_seed":false,"campfire_upgraded":2,"win_rate":0.0,"timestamp":1612879940,"path_taken":["M","M","?","$","M","R","$","M","T","R","?","E","?","E","R","BOSS"],"items_purchased_type":["Relic","Card"],"build_version":"2020-12-22","purchased_purges":3,"victory":false,"max_hp_per_floor":[75,75,75,75,75,75,75,75,75,75,75,75,75,75,75,75,75],"card_choices":[{"not_picked":["Thinking Ahead","Panache"],"picked":"HandOfGreed","floor":0},{"not_picked":["Power Through","Havoc"],"picked":"Carnage","floor":1},{"not_picked":["Clash","Clothesline","Twin Strike"],"picked":"SKIP","floor":2},{"not_picked":["Feel No Pain","Clash"],"picked":"Pommel Strike","floor":5},{"not_picked":["Havoc","Twin Strike"],"picked":"Reaper","floor":8},{"not_picked":["Headbutt","Thunderclap"],"picked":"Dropkick","floor":12},{"not_picked":["Sword Boomerang","Brutality"],"picked":"Armaments","floor":14}],"player_experience":700633,"relics_obtained":[{"floor":9,"key":"CeramicFish"},{"floor":12,"key":"Juzu Bracelet"},{"floor":14,"key":"Magic Flower"}],"event_choices":[{"damage_healed":0,"gold_gain":150,"player_choice":"AGREE","damage_taken":0,"max_hp_gain":0,"max_hp_loss":0,"event_name":"Liars Game","floor":3,"gold_loss":0,"cards_obtained":["Doubt"]},{"damage_healed":0,"gold_gain":0,"player_choice":"Entered Light","damage_taken":23,"max_hp_gain":0,"max_hp_loss":0,"event_name":"Shining Light","floor":11,"gold_loss":0,"cards_upgraded":["Bash","Strike_R"]}],"is_beta":false,"boss_relics":[],"items_purged_floors":[4,7,13],"is_endless":false,"potions_floor_spawned":[1,2,5,14],"killed_by":"Slime Boss","ascension_level":20}}