{"host":"f55nj4gldpx3ksju","time":1612879871,"event":{"mods":["BaseMod","Colored Map","Highlight Path","Minty Spire (QoL Compilation)"],"gold_per_floor":[114,289,31,106,150,150,198,48,74,36,64,110,136,154,154,284,284,298,298,347,347,170,198,198,98,98,98,98,48,98,98,98,197,197,245,9,9,284,284,284,284,284,339,339,339,339,0,9,9,9,9],"floor_reached":50,"language":"ZHS","playtime":2089,"items_purged":["Doubt","Defend_P","Eruption","Strike_P","Vigilance"],"score":722,"play_id":"a2ad6397-2e54-4e67-b707-6f04101b7274","local_time":"20210209221111","is_ascension_mode":true,"campfire_choices":[{"data":"Wish","floor":6.0,"key":"SMITH"},{"floor":15.0,"key":"REST"},{"floor":24.0,"key":"REST"},{"data":"Study","floor":28.0,"key":"SMITH"},{"data":"Wallop","floor":32.0,"key":"SMITH"},{"floor":40.0,"key":"REST"},{"data":"Wallop","floor":41.0,"key":"SMITH"},{"data":"Omniscience","floor":44.0,"key":"SMITH"},{"data":"Wish","floor":45.0,"key":"SMITH"},{"data":"Tantrum","floor":46.0,"key":"SMITH"},{"data":"Flash of Steel","floor":49.0,"key":"SMITH"}],"circlet_count":0,"master_deck":["Defend_P+1","Defend_P+1","Wish+1","CarveReality","Tantrum+1","Indignation","Halt+1","FlyingSleeves+1","Meditate+1","Wallop+1","Wish+1","FlurryOfBlows+1","Wallop+1","Regret","Omniscience+1","Flash of Steel+1"],"relics":["Busted Crown","Membership Card","Smiling Mask","Regal Pillow","Strawberry","Black Star","Frozen Egg 2","Pen Nib","Lantern","Juzu Bracelet","Pantograph","Empty Cage","WingedGreaves","CeramicFish","Red Mask"],"acts_visited":["Exordium","TheCity","TheBeyond"],"potions_floor_usage":[],"damage_taken":[{"damage":5.0,"enemies":"Small Slimes","floor":1.0,"turns":4.0},{"damage":9.0,"enemies":"Jaw Worm","floor":5.0,"turns":3.0},{"damage":7.0,"enemies":"Cultist","floor":7.0,"turns":3.0},{"damage":0.0,"enemies":"Gremlin Nob","floor":11.0,"turns":2.0},{"damage":23.0,"enemies":"Exordium Thugs","floor":12.0,"turns":3.0},{"damage":0.0,"enemies":"Looter","floor":14.0,"turns":1.0},{"damage":43.0,"enemies":"The Guardian","floor":16.0,"turns":11.0},{"damage":26.0,"enemies":"2 Thieves","floor":18.0,"turns":4.0},{"damage":27.0,"enemies":"3 Byrds","floor":20.0,"turns":5.0},{"damage":0.0,"enemies":"Book of Stabbing","floor":23.0,"turns":4.0},{"damage":0.0,"enemies":"Centurion and Healer","floor":30.0,"turns":3.0},{"damage":36.0,"enemies":"Automaton","floor":33.0,"turns":9.0},{"damage":32.0,"enemies":"3 Darklings","floor":35.0,"turns":6.0},{"damage":85,"enemies":"Time Eater","floor":50,"turns":7}],"seed_played":"4197351488710466407","potions_obtained":[{"floor":5.0,"key":"Strength Potion"},{"floor":7.0,"key":"BottledMiracle"},{"floor":12.0,"key":"DistilledChaos"},{"floor":16.0,"key":"StancePotion"},{"floor":18.0,"key":"PowerPotion"},{"floor":30.0,"key":"ColorlessPotion"}],"is_trial":false,"path_per_floor":["M","?","$","?","M","R","M","$","T","$","E","M","T","M","R","B",null,"M","?","M","T","$","E","R","$","T","?","R","$","M","?","R","B",null,"M","$","?","?","?","R","R","?","T","R","R","R","?","?","R","B"],"character_chosen":"WATCHER","items_purchased":["Wish","CarveReality","Membership Card","Tantrum","Pen Nib","SpeedPotion","Weak Potion","Block Potion","Dexterity Potion","WingedGreaves","Wallop"],"campfire_rested":3,"item_purchase_floors":[3,3,8,10,22,22,22,25,25,36,36],"current_hp_per_floor":[60,60,60,49,40,40,33,33,33,33,33,10,17,17,55,12,62,36,36,9,9,9,9,47,47,47,32,32,32,32,32,32,21,68,36,36,36,36,36,76,76,76,76,76,76,76,76,71,71,0,0],"gold":9,"neow_bonus":"BOSS_RELIC","is_daily":false,"chose_seed":false,"campfire_upgraded":8,"win_rate":0.0,"timestamp":1612879871,"path_taken":["M","?","$","?","?","R","M","?","T","$","E","M","?","M","R","BOSS","M","?","M","?","$","E","R","?","T","?","R","$","M","?","R","BOSS","M","$","?","?","?","R","R","?","T","R","R","R","?","?","R","BOSS"],"items_purchased_type":["Card","Card","Relic","Card","Relic","Potion","Potion","Potion","Potion","Relic","Card"],"build_version":"2020-12-22","purchased_purges":5,"victory":false,"max_hp_per_floor":[72,72,72,72,72,72,72,72,72,72,72,72,79,79,79,79,79,79,79,79,79,79,79,79,79,79,84,84,84,84,84,84,84,84,84,84,84,84,84,84,84,84,84,84,84,84,84,84,84,84,84],"card_choices":[{"not_picked":["ClearTheMind"],"picked":"SKIP","floor":1.0},{"not_picked":["Consecrate"],"picked":"SKIP","floor":5.0},{"not_picked":["Evaluate"],"picked":"SKIP","floor":7.0},{"not_picked":["WaveOfTheHand"],"picked":"SKIP","floor":11.0},{"not_picked":["Prostrate"],"picked":"SKIP","floor":12.0},{"not_picked":["Ragnarok"],"picked":"SKIP","floor":14.0},{"not_picked":[],"picked":"LessonLearned","floor":16.0},{"not_picked":[],"picked":"Indignation","floor":18.0},{"not_picked":[],"picked":"FlyingSleeves+1","floor":20.0},{"not_picked":[],"picked":"Meditate","floor":23.0},{"not_picked":["Vengeance"],"picked":"SKIP","floor":30.0},{"not_picked":[],"picked":"Wish","floor":33.0},{"not_picked":[],"picked":"FlurryOfBlows+1","floor":35.0},{"not_picked":[],"picked":"Flash of Steel","floor":48.0}],"player_experience":395824,"relics_obtained":[{"floor":9.0,"key":"Smiling Mask"},{"floor":11.0,"key":"Regal Pillow"},{"floor":13.0,"key":"Strawberry"},{"floor":21.0,"key":"Frozen Egg 2"},{"floor":23.0,"key":"Lantern"},{"floor":23.0,"key":"Juzu Bracelet"},{"floor":26.0,"key":"Pantograph"},{"floor":43.0,"key":"CeramicFish"}],"event_choices":[{"damage_healed":0.0,"max_hp_gain":0.0,"max_hp_loss":0.0,"gold_gain":175.0,"event_name":"Liars Game","player_choice":"AGREE","floor":2.0,"gold_loss":0.0,"damage_taken":0.0,"cards_obtained":["Doubt"]},{"damage_healed":0.0,"max_hp_gain":0.0,"max_hp_loss":0.0,"gold_gain":75.0,"event_name":"World of Goop","player_choice":"Gather Gold","floor":4.0,"gold_loss":0.0,"damage_taken":11.0},{"damage_healed":0.0,"max_hp_gain":0.0,"max_hp_loss":0.0,"gold_gain":0.0,"cards_transformed":["Strike_P","Strike_P"],"event_name":"Drug Dealer","player_choice":"Became Test Subject","floor":19.0,"gold_loss":0.0,"damage_taken":0.0,"cards_obtained":["Halt","Study"]},{"damage_healed":0.0,"max_hp_gain":5.0,"max_hp_loss":0.0,"gold_gain":0.0,"event_name":"Forgotten Altar","player_choice":"Shed Blood","floor":27.0,"gold_loss":0.0,"damage_taken":20.0},{"damage_healed":0.0,"max_hp_gain":0.0,"max_hp_loss":0.0,"gold_gain":0.0,"event_name":"The Library","player_choice":"Read","floor":31.0,"gold_loss":0.0,"damage_taken":0.0,"cards_obtained":["Wallop"]},{"damage_healed":0.0,"max_hp_gain":0.0,"max_hp_loss":0.0,"gold_gain":0.0,"event_name":"Mysterious Sphere","player_choice":"Ignored","floor":37.0,"gold_loss":0.0,"damage_taken":0.0},{"damage_healed":0.0,"max_hp_gain":0.0,"max_hp_loss":0.0,"gold_gain":275.0,"event_name":"Golden Shrine","player_choice":"Desecrate","floor":38.0,"gold_loss":0.0,"damage_taken":0.0,"cards_obtained":["Regret"]},{"cards_removed":["Study"],"damage_healed":0.0,"max_hp_gain":0.0,"max_hp_loss":0.0,"gold_gain":0.0,"event_name":"Falling","player_choice":"Removed Power","floor":39.0,"gold_loss":0.0,"damage_taken":0.0},{"damage_healed":0.0,"max_hp_gain":0.0,"max_hp_loss":0.0,"gold_gain":0.0,"cards_transformed":["LessonLearned"],"event_name":"Transmorgrifier","player_choice":"Transformed","floor":42.0,"gold_loss":0.0,"damage_taken":0.0,"cards_obtained":["Omniscience"]},{"damage_healed":0.0,"max_hp_gain":0.0,"max_hp_loss":0.0,"gold_gain":0.0,"event_name":"Tomb of Lord Red Mask","player_choice":"Paid","floor":47.0,"gold_loss":339.0,"damage_taken":0.0,"relics_obtained":["Red Mask"]},{"damage_healed":0.0,"max_hp_gain":0.0,"max_hp_loss":0.0,"gold_gain":0.0,"event_name":"SensoryStone","player_choice":"Memory 2","floor":48.0,"gold_loss":0.0,"damage_taken":5.0}],"is_beta":false,"boss_relics":[{"not_picked":["Philosopher\u0027s Stone","Tiny House"],"picked":"Black Star"},{"not_picked":["SacredBark","Runic Dome"],"picked":"Empty Cage"}],"items_purged_floors":[3,22,25,29,36],"is_endless":false,"potions_floor_spawned":[5,7,12,16,18,30],"killed_by":"Time Eater","ascension_level":7}}