{"host":"vit9b6u76k1y61sh","time":1612896200,"event":{"mods":["BaseMod","Block Reminder","Colored Powertips","Highlight Path","Minty Spire (QoL Compilation)","Quick Restart","Rare Cards Sparkle","Relic Sorter","Relic Stats","StSLib"],"gold_per_floor":[110,110,136,136,149,184,197,208,260,260,260,19,30,30,30,134,134,144,243,243,243,243],"floor_reached":21,"language":"ENG","playtime":676,"items_purged":[],"score":222,"play_id":"47ef03a5-4ee2-4978-8fe5-56ca3c914a24","local_time":"20210209134320","is_ascension_mode":true,"campfire_choices":[{"data":"Rampage","floor":11,"key":"SMITH"},{"data":"Flex","floor":15,"key":"SMITH"}],"circlet_count":0,"master_deck":["Strike_R","Strike_R","Defend_R","Defend_R","Defend_R","Bash","Searing Blow","Rampage+1","Flex+1","Reaper+1","Brutality+1","Barricade+1","Demon Form+1","Impatience","Purity"],"relics":["Burning Blood","NeowsBlessing","Lantern","InkBottle","Bronze Scales","Frozen Egg 2","Molten Egg 2","Astrolabe"],"acts_visited":["Exordium","TheCity"],"potions_floor_usage":[16,16,16,18],"damage_taken":[{"damage":0,"enemies":"2 Louse","floor":1,"turns":1},{"damage":0,"enemies":"Jaw Worm","floor":5,"turns":1},{"damage":0,"enemies":"Gremlin Nob","floor":6,"turns":1},{"damage":10,"enemies":"Small Slimes","floor":7,"turns":3},{"damage":9,"enemies":"Red Slaver","floor":8,"turns":3},{"damage":12,"enemies":"Exordium Wildlife","floor":13,"turns":3},{"damage":13,"enemies":"Hexaghost","floor":16,"turns":10},{"damage":45,"enemies":"Chosen","floor":18,"turns":7},{"damage":6,"enemies":"Spheric Guardian","floor":21,"turns":3}],"seed_played":"86530751919394828","potions_obtained":[{"floor":5,"key":"Weak Potion"},{"floor":7,"key":"EssenceOfSteel"},{"floor":13,"key":"BloodPotion"},{"floor":16,"key":"SneckoOil"}],"is_trial":false,"path_per_floor":["M","?","T","?","M","E","M","M","T","?","R","$","M","$","R","B",null,"M","?","?","M"],"character_chosen":"IRONCLAD","items_purchased":["Molten Egg 2"],"campfire_rested":0,"item_purchase_floors":[12],"current_hp_per_floor":[80,80,80,73,79,80,76,73,73,61,61,61,55,55,55,64,80,41,41,22,16,16],"gold":243,"neow_bonus":"THREE_ENEMY_KILL","is_daily":false,"chose_seed":false,"campfire_upgraded":2,"win_rate":0.0,"timestamp":1612896200,"path_taken":["M","?","?","?","M","E","M","M","T","?","R","?","?","$","R","BOSS","M","?","?","?"],"items_purchased_type":["Relic"],"build_version":"2020-12-22","purchased_purges":0,"victory":false,"max_hp_per_floor":[80,80,80,80,80,80,80,80,80,80,80,80,80,80,80,80,80,80,80,80,80,80],"relic_stats":{"counters":[9,32],"Bronze Scales":[81],"Astrolabe":["Brutality","Barricade","Demon Form"],"obtain_stats":[{"Lantern":3,"NeowsBlessing":0,"Bronze Scales":9,"Astrolabe":17,"Molten Egg 2":12,"Frozen Egg 2":10,"Burning Blood":0,"InkBottle":6},{"Lantern":1,"NeowsBlessing":0,"Bronze Scales":5,"Astrolabe":7,"Molten Egg 2":5,"Frozen Egg 2":5,"Burning Blood":0,"InkBottle":3},{"Lantern":1,"NeowsBlessing":0,"Bronze Scales":9,"Astrolabe":22,"Molten Egg 2":9,"Frozen Egg 2":9,"Burning Blood":0,"InkBottle":3}],"Burning Blood":37,"InkBottle":[7]},"card_choices":[{"not_picked":["Clothesline","Rupture","Intimidate"],"picked":"SKIP","floor":1},{"not_picked":["Wild Strike","Thunderclap"],"picked":"Searing Blow","floor":5},{"not_picked":["Entrench","Barricade"],"picked":"Rampage","floor":6},{"not_picked":["Seeing Red","Battle Trance"],"picked":"Flame Barrier","floor":7},{"not_picked":["Pommel Strike","Dual Wield"],"picked":"Flex","floor":8},{"not_picked":["Clash+1","Disarm","Wild Strike+1"],"picked":"SKIP","floor":13},{"not_picked":["Brutality+1","Berserk+1"],"picked":"Reaper+1","floor":16},{"not_picked":["Warcry","Havoc","True Grit"],"picked":"SKIP","floor":18}],"player_experience":165270,"relics_obtained":[{"floor":3,"key":"Lantern"},{"floor":6,"key":"InkBottle"},{"floor":9,"key":"Bronze Scales"}],"event_choices":[{"cards_removed":["Strike_R"],"damage_healed":0,"gold_gain":0,"player_choice":"Forget","damage_taken":0,"max_hp_gain":0,"max_hp_loss":0,"event_name":"Living Wall","floor":2,"gold_loss":0},{"cards_removed":["Defend_R"],"damage_healed":0,"gold_gain":0,"player_choice":"Card Removal","damage_taken":7,"max_hp_gain":0,"max_hp_loss":0,"event_name":"Golden Wing","floor":4,"gold_loss":0},{"damage_healed":0,"gold_gain":0,"player_choice":"Success","damage_taken":12,"relics_obtained":["Frozen Egg 2"],"max_hp_gain":0,"max_hp_loss":0,"event_name":"Scrap Ooze","floor":10,"gold_loss":0},{"damage_healed":0,"gold_gain":99,"player_choice":"Stole From Cult","damage_taken":0,"max_hp_gain":0,"max_hp_loss":0,"event_name":"Nest","floor":19,"gold_loss":0},{"damage_healed":0,"gold_gain":0,"player_choice":"CARD CARD ","damage_taken":19,"max_hp_gain":0,"max_hp_loss":0,"event_name":"Knowing Skull","floor":20,"potions_obtained":[],"gold_loss":0,"cards_obtained":["Impatience","Purity"]}],"is_beta":false,"boss_relics":[{"not_picked":["Ectoplasm","Mark of Pain"],"picked":"Astrolabe"}],"items_purged_floors":[],"is_endless":false,"potions_floor_spawned":[5,7,13,16],"killed_by":"Spheric Guardian","ascension_level":2}}