{"host":"h0xw20cia6ppa69g","time":1612862020,"event":{"mods":["AchievementEnabler","BaseMod","Colored Map","Filter the Spire","Googly Eyes","Minty Spire (QoL Compilation)","Relic Stats","StSLib","The Awakened One except there are too many feathers","everything is the same but u backflip on backflip"],"gold_per_floor":[112,112,122,135,150,177,177,242,242,193,220,220,235,235,235,331,331,347,64,64,64,83,114,132,167,167,181,207,13,13,33,33,134,134,154,180,207,225,225,266,266,294,294,294,332,380,201,201,201,201,201,201,37,73,73],"floor_reached":56,"language":"ENG","playtime":4362,"items_purged":["Shame"],"score":1504,"play_id":"d1c261fe-9f8f-428d-be16-36ff4605f411","local_time":"20210209031340","is_ascension_mode":true,"campfire_choices":[{"data":"Prepared","floor":7.0,"key":"SMITH"},{"data":"Footwork","floor":15.0,"key":"SMITH"},{"data":"Accuracy","floor":32,"key":"SMITH"},{"floor":41,"key":"RECALL"},{"data":"Wraith Form v2","floor":44,"key":"SMITH"},{"data":"Well Laid Plans","floor":49,"key":"SMITH"},{"data":"Concentrate","floor":52,"key":"SMITH"}],"circlet_count":0,"master_deck":["Survivor","Neutralize","Glass Knife","Unload","Prepared","Reflex","Blade Dance","Concentrate+1","Masterful Stab","Backflip","Wraith Form v2+1","Underhanded Strike","Footwork+1","Prepared+1","Dash","Eviscerate","Grand Finale","Dodge and Roll","Expertise","Dodge and Roll","Night Terror","Dodge and Roll","Accuracy+1","Setup","Choke","Crippling Poison","Acrobatics","Setup+1","Footwork+1","Bullet Time+1","Blade Dance+1","Reflex+1","Deflect+1","Footwork","Blade Dance+1","Venomology+1","CurseOfTheBell","Burst+1","Blind+1","PanicButton+1","Enlightenment+1","Acrobatics+1","Venomology+1","Well Laid Plans+1","Calculated Gamble+1","Acrobatics+1","Tactician+1","Concentrate+1","Acrobatics+1","Calculated Gamble+1","Finisher+1","Dodge and Roll+1","PiercingWail+1","Choke+1"],"relics":["Pandora\u0027s Box","Potion Belt","Matryoshka","Darkstone Periapt","PreservedInsect","Bottled Tornado","HoveringKite","Lantern","Enchiridion","Bottled Flame","Paper Crane","Toxic Egg 2","Tiny Chest","Blood Vial","Mercury Hourglass","Calling Bell","CeramicFish","Molten Egg 2","Tingsha","Mummified Hand","Smiling Mask","Bird Faced Urn","Regal Pillow","FossilizedHelix","Orrery","Akabeko"],"acts_visited":["Exordium","TheCity","TheBeyond","TheEnding"],"potions_floor_usage":[33,35,38,40,40,42,42,45,46,46,46,46,46,50,50,54,54,54,54,54,55,55,55,55,55,55],"damage_taken":[{"damage":0.0,"enemies":"2 Louse","floor":1.0,"turns":2.0},{"damage":0.0,"enemies":"Cultist","floor":3.0,"turns":2.0},{"damage":3.0,"enemies":"Jaw Worm","floor":4.0,"turns":2.0},{"damage":0.0,"enemies":"Large Slime","floor":5.0,"turns":3.0},{"damage":8.0,"enemies":"Gremlin Nob","floor":6.0,"turns":3.0},{"damage":22.0,"enemies":"Lagavulin Event","floor":8.0,"turns":4.0},{"damage":5.0,"enemies":"3 Sentries","floor":11.0,"turns":6.0},{"damage":0.0,"enemies":"Looter","floor":13.0,"turns":1.0},{"damage":15.0,"enemies":"The Guardian","floor":16.0,"turns":13.0},{"damage":10.0,"enemies":"2 Thieves","floor":18.0,"turns":4.0},{"damage":0.0,"enemies":"3 Byrds","floor":22.0,"turns":3.0},{"damage":1.0,"enemies":"Gremlin Leader","floor":23.0,"turns":5.0},{"damage":0.0,"enemies":"3 Cultists","floor":24.0,"turns":5.0},{"damage":0.0,"enemies":"Book of Stabbing","floor":25.0,"turns":3.0},{"damage":2.0,"enemies":"Snake Plant","floor":27.0,"turns":5.0},{"damage":0.0,"enemies":"Slavers","floor":28.0,"turns":7.0},{"damage":8,"enemies":"Centurion and Healer","floor":31,"turns":5},{"damage":34,"enemies":"Collector","floor":33,"turns":13},{"damage":13,"enemies":"Orb Walker","floor":35,"turns":3},{"damage":2,"enemies":"3 Shapes","floor":36,"turns":6},{"damage":9,"enemies":"Writhing Mass","floor":38,"turns":10},{"damage":15,"enemies":"Giant Head","floor":40,"turns":7},{"damage":12,"enemies":"Reptomancer","floor":42,"turns":6},{"damage":0,"enemies":"Nemesis","floor":45,"turns":5},{"damage":2,"enemies":"2 Orb Walkers","floor":46,"turns":6},{"damage":12,"enemies":"Donu and Deca","floor":50,"turns":11},{"damage":25,"enemies":"Shield and Spear","floor":54,"turns":6},{"damage":34,"enemies":"The Heart","floor":55,"turns":10}],"seed_played":"-2827772111482667541","potions_obtained":[{"floor":4.0,"key":"Fire Potion"},{"floor":5.0,"key":"Explosive Potion"},{"floor":11.0,"key":"ColorlessPotion"},{"floor":16.0,"key":"Strength Potion"},{"floor":18.0,"key":"Fire Potion"},{"floor":22.0,"key":"PowerPotion"},{"floor":23.0,"key":"Strength Potion"},{"floor":33,"key":"SkillPotion"},{"floor":42,"key":"BlessingOfTheForge"},{"floor":45,"key":"ColorlessPotion"},{"floor":54,"key":"Ancient Potion"}],"is_trial":false,"path_per_floor":["M","?","M","M","M","E","R","?","T","$","E","?","M","?","R","B",null,"M","$","?","?","M","E","M","E","T","M","E","$","?","M","R","B",null,"M","M","?","M","T","E","R","E","T","R","E","?","$","?","R","B",null,"R","$","E","B",null],"character_chosen":"THE_SILENT","items_purchased":["Dodge and Roll","Accuracy","Setup","Lantern","Reflex+1","Deflect+1","Footwork","Well Laid Plans","Calculated Gamble+1","Acrobatics+1","Orrery","Dodge and Roll+1","PiercingWail+1"],"campfire_rested":0,"item_purchase_floors":[10,19,19,19,29,29,29,47,47,47,53,53,53],"current_hp_per_floor":[70,70,70,67,67,59,59,37,37,37,32,25,25,25,25,10,70,60,60,44,44,44,43,43,43,43,41,41,41,47,41,41,9,82,69,69,59,52,52,39,39,29,29,29,41,53,53,53,53,63,82,82,82,78,65],"gold":73,"neow_bonus":"BOSS_RELIC","is_daily":false,"chose_seed":false,"campfire_upgraded":6,"win_rate":0.0,"timestamp":1612862020,"path_taken":["M","?","?","M","M","E","R","?","T","$","E","?","M","?","R","BOSS","M","$","?","?","M","E","M","E","T","M","E","?","?","M","R","BOSS","M","M","?","M","?","E","R","E","T","R","E","?","$","?","R","BOSS","R","$","E","BOSS"],"items_purchased_type":["Card","Card","Card","Relic","Card","Card","Card","Card","Card","Card","Relic","Card","Card"],"build_version":"2020-12-22","purchased_purges":1,"victory":true,"max_hp_per_floor":[70,70,70,70,70,70,70,70,70,70,70,70,70,70,70,70,70,70,70,70,70,70,70,70,70,70,70,70,70,76,76,76,76,82,82,82,82,82,82,82,82,82,82,82,82,82,82,82,82,82,82,82,82,82,82],"relic_stats":{"Darkstone Periapt":12,"Regal Pillow":0,"counters":[28,155],"CeramicFish":153,"HoveringKite":[69],"Tingsha":[235],"PreservedInsect":466,"Smiling Mask":25,"Mercury Hourglass":[346],"Blood Vial":20,"Mummified Hand":[53],"Bird Faced Urn":[67],"Pandora\u0027s Box":["Glass Knife","Unload","Bouncing Flask","Endless Agony","Underhanded Strike","Prepared","Reflex","Blade Dance","Concentrate","Masterful Stab"],"Tiny Chest":1,"obtain_stats":[{"Darkstone Periapt":9,"Lantern":19,"Regal Pillow":45,"CeramicFish":34,"HoveringKite":17,"Enchiridion":20,"Bottled Tornado":11,"Smiling Mask":40,"Blood Vial":28,"Matryoshka":8,"Mummified Hand":39,"Tiny Chest":26,"Toxic Egg 2":26,"Ring of the Snake":0,"Potion Belt":6,"Tingsha":34,"PreservedInsect":9,"Paper Crane":25,"Akabeko":54,"Mercury Hourglass":30,"Calling Bell":34,"Bottled Flame":23,"Bird Faced Urn":42,"Orrery":53,"Pandora\u0027s Box":0,"Molten Egg 2":34,"FossilizedHelix":46},{"Darkstone Periapt":6,"Lantern":10,"Regal Pillow":24,"CeramicFish":18,"HoveringKite":9,"Enchiridion":10,"Bottled Tornado":7,"Smiling Mask":22,"Blood Vial":16,"Matryoshka":6,"Mummified Hand":21,"Tiny Chest":14,"Toxic Egg 2":14,"Ring of the Snake":0,"Potion Belt":5,"Tingsha":18,"PreservedInsect":6,"Paper Crane":14,"Akabeko":27,"Mercury Hourglass":16,"Calling Bell":18,"Bottled Flame":12,"Bird Faced Urn":23,"Orrery":26,"Pandora\u0027s Box":0,"Molten Egg 2":18,"FossilizedHelix":25},{"Darkstone Periapt":16,"Lantern":40,"Regal Pillow":122,"CeramicFish":86,"HoveringKite":36,"Enchiridion":40,"Bottled Tornado":22,"Smiling Mask":111,"Blood Vial":68,"Matryoshka":16,"Mummified Hand":104,"Tiny Chest":56,"Toxic Egg 2":56,"Ring of the Snake":0,"Potion Belt":12,"Tingsha":86,"PreservedInsect":16,"Paper Crane":56,"Akabeko":145,"Mercury Hourglass":68,"Calling Bell":86,"Bottled Flame":48,"Bird Faced Urn":117,"Orrery":139,"Pandora\u0027s Box":0,"Molten Egg 2":86,"FossilizedHelix":128}]},"card_choices":[{"not_picked":["Slice","Cloak And Dagger"],"picked":"Backflip","floor":1.0},{"not_picked":["Backstab","Outmaneuver"],"picked":"Footwork","floor":3.0},{"not_picked":["Slice","Crippling Poison"],"picked":"Prepared","floor":4.0},{"not_picked":["Underhanded Strike","Distraction"],"picked":"Dash","floor":5.0},{"not_picked":["Dagger Spray","Caltrops"],"picked":"Eviscerate","floor":6.0},{"not_picked":["Eviscerate","Dagger Spray"],"picked":"Grand Finale","floor":8.0},{"not_picked":["Slice","Escape Plan"],"picked":"Expertise","floor":11.0},{"not_picked":["Sucker Punch","Dagger Spray"],"picked":"Dodge and Roll","floor":13.0},{"not_picked":["Adrenaline","Die Die Die"],"picked":"Night Terror","floor":16.0},{"not_picked":["Deadly Poison","Flying Knee+1"],"picked":"Dodge and Roll","floor":18.0},{"not_picked":["Deadly Poison","Dagger Throw"],"picked":"Acrobatics","floor":22.0},{"not_picked":["Acrobatics","PiercingWail"],"picked":"Setup+1","floor":23.0},{"not_picked":["Underhanded Strike","Dash","Acrobatics"],"picked":"SKIP","floor":24.0},{"not_picked":["Accuracy","Masterful Stab"],"picked":"Footwork+1","floor":25.0},{"not_picked":["Poisoned Stab","Heel Hook"],"picked":"Bullet Time+1","floor":27.0},{"not_picked":["Slice","Choke"],"picked":"Blade Dance+1","floor":28.0},{"not_picked":["Reflex+1","Infinite Blades+1"],"picked":"Blade Dance+1","floor":31},{"not_picked":["Corpse Explosion+1","Doppelganger+1"],"picked":"Venomology+1","floor":33},{"not_picked":["Slice+1","Distraction+1","Underhanded Strike+1"],"picked":"SKIP","floor":35},{"not_picked":["Underhanded Strike+1","Quick Slash+1"],"picked":"Burst+1","floor":36},{"not_picked":["Deep Breath+1","Discovery+1"],"picked":"Blind+1","floor":37},{"not_picked":["Secret Weapon+1","Blind+1"],"picked":"PanicButton+1","floor":37},{"not_picked":["Discovery+1","Dramatic Entrance+1"],"picked":"Enlightenment+1","floor":37},{"not_picked":["Backflip+1","Poisoned Stab+1","Endless Agony+1"],"picked":"SKIP","floor":38},{"not_picked":["Setup+1","Dodge and Roll+1"],"picked":"Acrobatics+1","floor":40},{"not_picked":["Backflip+1","Endless Agony+1","Escape Plan+1"],"picked":"SKIP","floor":42},{"not_picked":["Cloak And Dagger+1","Distraction+1"],"picked":"Venomology+1","floor":45},{"not_picked":["Calculated Gamble+1","Distraction+1"],"picked":"Tactician+1","floor":53},{"not_picked":["Outmaneuver+1","Poisoned Stab+1"],"picked":"Concentrate+1","floor":53},{"not_picked":["Dagger Spray+1","Malaise+1"],"picked":"Acrobatics+1","floor":53},{"not_picked":["Deadly Poison+1","Sucker Punch+1"],"picked":"Calculated Gamble+1","floor":53},{"not_picked":["Bane+1","Choke+1"],"picked":"Finisher+1","floor":53},{"not_picked":["Poisoned Stab+1","Underhanded Strike+1"],"picked":"Choke+1","floor":54}],"player_experience":3838371,"relics_obtained":[{"floor":6.0,"key":"Potion Belt"},{"floor":8.0,"key":"Matryoshka"},{"floor":9.0,"key":"Darkstone Periapt"},{"floor":9.0,"key":"PreservedInsect"},{"floor":11.0,"key":"Bottled Tornado"},{"floor":20.0,"key":"Enchiridion"},{"floor":23.0,"key":"Bottled Flame"},{"floor":25.0,"key":"Paper Crane"},{"floor":26.0,"key":"Toxic Egg 2"},{"floor":26.0,"key":"Tiny Chest"},{"floor":28.0,"key":"Blood Vial"},{"floor":34,"key":"CeramicFish"},{"floor":34,"key":"Molten Egg 2"},{"floor":34,"key":"Tingsha"},{"floor":39,"key":"Mummified Hand"},{"floor":40,"key":"Smiling Mask"},{"floor":42,"key":"Bird Faced Urn"},{"floor":45,"key":"Regal Pillow"},{"floor":46,"key":"FossilizedHelix"},{"floor":54,"key":"Akabeko"}],"event_choices":[{"damage_healed":0.0,"max_hp_gain":0.0,"max_hp_loss":0.0,"gold_gain":0.0,"event_name":"Match and Keep!","player_choice":"2 cards matched","floor":2.0,"gold_loss":0.0,"damage_taken":0.0,"cards_obtained":["Wraith Form v2","Underhanded Strike"]},{"damage_healed":0.0,"max_hp_gain":0.0,"max_hp_loss":0.0,"gold_gain":0.0,"event_name":"Dead Adventurer","player_choice":"Searched \u00271\u0027 times","floor":8.0,"gold_loss":0.0,"damage_taken":0.0},{"cards_removed":["Endless Agony"],"damage_healed":0.0,"max_hp_gain":0.0,"max_hp_loss":0.0,"gold_gain":0.0,"event_name":"Golden Wing","player_choice":"Card Removal","floor":12.0,"gold_loss":0.0,"damage_taken":7.0},{"damage_healed":0.0,"max_hp_gain":0.0,"max_hp_loss":0.0,"gold_gain":0.0,"event_name":"Liars Game","player_choice":"Ignored","floor":14.0,"gold_loss":0.0,"damage_taken":0.0},{"damage_healed":0.0,"max_hp_gain":0.0,"max_hp_loss":0.0,"gold_gain":0.0,"event_name":"Cursed Tome","player_choice":"Obtained Book","floor":20.0,"gold_loss":0.0,"damage_taken":16.0},{"damage_healed":0.0,"max_hp_gain":0.0,"max_hp_loss":0.0,"gold_gain":0.0,"cards_transformed":["Underhanded Strike","Bouncing Flask"],"event_name":"Drug Dealer","player_choice":"Became Test Subject","floor":21.0,"gold_loss":0.0,"damage_taken":0.0,"cards_obtained":["Choke","Crippling Poison"]},{"damage_healed":0,"gold_gain":0,"player_choice":"Stole Relic","damage_taken":0,"relics_obtained":["Mercury Hourglass"],"max_hp_gain":0,"max_hp_loss":0,"event_name":"Addict","floor":30,"gold_loss":0,"cards_obtained":["Shame"]},{"damage_healed":0,"gold_gain":0,"player_choice":"Memory 3","damage_taken":10,"max_hp_gain":0,"max_hp_loss":0,"event_name":"SensoryStone","floor":37,"gold_loss":0},{"damage_healed":0,"gold_gain":0,"player_choice":"Fight","damage_taken":0,"max_hp_gain":0,"max_hp_loss":0,"event_name":"Mysterious Sphere","floor":46,"gold_loss":0},{"damage_healed":0,"gold_gain":0,"player_choice":"Ignored","damage_taken":0,"max_hp_gain":0,"max_hp_loss":0,"event_name":"Tomb of Lord Red Mask","floor":48,"gold_loss":0}],"is_beta":false,"boss_relics":[{"not_picked":["Busted Crown","Coffee Dripper"],"picked":"HoveringKite"},{"not_picked":["Cursed Key","SlaversCollar"],"picked":"Calling Bell"}],"items_purged_floors":[47],"is_endless":false,"potions_floor_spawned":[4,5,11,16,18,22,23,31,33,36,42,45,46,54],"ascension_level":1}}