{"host":"vfg9szunmpjwj08o","time":1612910353,"event":{"mods":["Act Like it!","BaseMod","BetterRewards","Bossed Relics","Challenge The Spire","Clawfect","Colored Map","Colored Powertips","Dark Map","Highlight Path","Minty Spire (QoL Compilation)","Quick Restart","Relic Stats","StSLib","Waifu the Spire","everything is the same but u backflip on backflip"],"gold_per_floor":[111,122,138,413,109,109,109,109],"floor_reached":7,"language":"ENG","playtime":346,"items_purged":["Regret"],"score":82,"play_id":"8050ba6d-048f-4d58-aabe-b6b75f2ae87e","local_time":"20210209233913","is_ascension_mode":true,"campfire_choices":[{"data":"Discovery","floor":6,"key":"SMITH"}],"circlet_count":0,"master_deck":["AscendersBane","Strike_G","Strike_G","Strike_G","Strike_G","Strike_G","Defend_G","Defend_G","Defend_G","Defend_G","Defend_G","Survivor","Neutralize","Dodge and Roll","Blade Dance","Blur","Discovery+1","Blur","Finisher"],"relics":["Ring of the Snake"],"acts_visited":["Exordium"],"potions_floor_usage":[],"damage_taken":[{"damage":6,"enemies":"Cultist","floor":1,"turns":5},{"damage":8,"enemies":"Jaw Worm","floor":2,"turns":7},{"damage":1,"enemies":"2 Louse","floor":3,"turns":3},{"damage":36,"enemies":"Gremlin Nob","floor":7,"turns":3}],"seed_played":"-3230225333564076080","potions_obtained":[{"floor":2,"key":"Energy Potion"}],"is_trial":false,"path_per_floor":["M","M","M","?","$","R","E"],"character_chosen":"THE_SILENT","items_purchased":["Discovery","Blur","Finisher"],"campfire_rested":0,"item_purchase_floors":[5,5,5],"current_hp_per_floor":[45,37,36,36,36,36,0,0],"gold":109,"neow_bonus":"","is_daily":false,"chose_seed":false,"campfire_upgraded":1,"win_rate":0.0,"timestamp":1612910353,"path_taken":["M","M","M","?","$","R","E"],"items_purchased_type":["Card","Card","Card"],"build_version":"2020-12-22","purchased_purges":1,"victory":false,"max_hp_per_floor":[66,66,66,66,66,66,66,66],"relic_stats":{"counters":[9,47],"obtain_stats":[{"Tiny House":0,"Ring of the Snake":0},{"Tiny House":0,"Ring of the Snake":0},{"Tiny House":0,"Ring of the Snake":0}],"Ring of the Snake":[8]},"card_choices":[{"not_picked":["Slice","Deadly Poison"],"picked":"Dodge and Roll","floor":1},{"not_picked":["Sucker Punch","Glass Knife"],"picked":"Blade Dance","floor":2},{"not_picked":["Prepared","Masterful Stab"],"picked":"Blur","floor":3}],"player_experience":1102165,"relics_obtained":[],"event_choices":[{"damage_healed":0,"gold_gain":275,"player_choice":"Desecrate","damage_taken":0,"max_hp_gain":0,"max_hp_loss":0,"event_name":"Golden Shrine","floor":4,"gold_loss":0,"cards_obtained":["Regret"]}],"is_beta":false,"boss_relics":[],"items_purged_floors":[5],"is_endless":false,"potions_floor_spawned":[2],"killed_by":"Gremlin Nob","ascension_level":20}}