{"host":"nnt34ungdh9fkcmy","time":1612845813,"event":{"mods":["BaseMod","Minty Spire (QoL Compilation)","StSLib","SuperFastMode"],"gold_per_floor":[113,130,148,148,98,126,144,144,144,179,179,206,206,193,193,193,193],"floor_reached":16,"language":"ENG","playtime":637,"items_purged":[],"score":144,"play_id":"90680f09-5c8f-4965-bed7-22a996ad478f","local_time":"20210208214333","is_ascension_mode":true,"campfire_choices":[{"floor":11,"key":"REST"},{"data":"Capacitor","floor":13,"key":"SMITH"},{"floor":15,"key":"REST"}],"circlet_count":0,"master_deck":["Strike_B","Strike_B","Strike_B","Defend_B","Defend_B","Defend_B","Defend_B","Zap","Dualcast","Capacitor+1","White Noise","Coolheaded","Electrodynamics+1","Self Repair+1"],"relics":["SlaversCollar","Tiny Chest","Anchor","Frozen Egg 2","Orichalcum"],"acts_visited":["Exordium"],"potions_floor_usage":[6,10,16,16],"damage_taken":[{"damage":6,"enemies":"Cultist","floor":1,"turns":4},{"damage":12,"enemies":"Small Slimes","floor":2,"turns":5},{"damage":8,"enemies":"2 Louse","floor":3,"turns":4},{"damage":12,"enemies":"3 Sentries","floor":6,"turns":7},{"damage":17,"enemies":"Large Slime","floor":7,"turns":11},{"damage":17,"enemies":"Gremlin Nob","floor":10,"turns":4},{"damage":18,"enemies":"3 Sentries","floor":12,"turns":5},{"damage":22,"enemies":"Exordium Thugs","floor":14,"turns":4},{"damage":35,"enemies":"The Guardian","floor":16,"turns":11}],"seed_played":"351794297258006548","potions_obtained":[{"floor":2,"key":"Block Potion"},{"floor":3,"key":"FearPotion"},{"floor":6,"key":"PowerPotion"},{"floor":14,"key":"GamblersBrew"}],"is_trial":false,"path_per_floor":["M","M","M","?","?","E","M","?","T","E","R","E","R","M","R","B"],"character_chosen":"DEFECT","items_purchased":[],"campfire_rested":2,"item_purchase_floors":[],"current_hp_per_floor":[69,57,49,74,74,62,45,45,45,28,50,32,32,10,32,0,0],"gold":193,"neow_bonus":"BOSS_RELIC","is_daily":false,"chose_seed":false,"campfire_upgraded":1,"win_rate":0.0,"timestamp":1612845813,"path_taken":["M","M","M","?","?","E","M","?","T","E","R","E","R","M","R","BOSS"],"items_purchased_type":[],"build_version":"2020-12-22","purchased_purges":0,"victory":false,"max_hp_per_floor":[75,75,75,75,75,75,75,75,75,75,75,75,75,75,75,75,75],"card_choices":[{"not_picked":["Compile Driver","Self Repair"],"picked":"Capacitor","floor":1},{"not_picked":["Steam","Streamline"],"picked":"White Noise","floor":2},{"not_picked":["Barrage","Sweeping Beam"],"picked":"Coolheaded","floor":3},{"not_picked":["Stack","Reprogram","Hello World"],"picked":"SKIP","floor":6},{"not_picked":["Compile Driver","Conserve Battery"],"picked":"Electrodynamics","floor":7},{"not_picked":["Scrape","Chaos","Beam Cell"],"picked":"SKIP","floor":10},{"not_picked":["Rebound","Compile Driver","Hologram"],"picked":"SKIP","floor":12},{"not_picked":["Auto Shields","Sweeping Beam"],"picked":"Self Repair+1","floor":14}],"player_experience":110728,"relics_obtained":[{"floor":6,"key":"Tiny Chest"},{"floor":9,"key":"Anchor"},{"floor":10,"key":"Frozen Egg 2"},{"floor":12,"key":"Orichalcum"}],"event_choices":[{"damage_healed":25,"gold_gain":0,"player_choice":"Banana","damage_taken":0,"max_hp_gain":0,"max_hp_loss":0,"event_name":"Big Fish","floor":4,"gold_loss":0},{"cards_removed":["Strike_B"],"damage_healed":0,"gold_gain":0,"player_choice":"Card Removal","damage_taken":0,"max_hp_gain":0,"max_hp_loss":0,"event_name":"The Cleric","floor":5,"gold_loss":50},{"damage_healed":0,"gold_gain":0,"player_choice":"Grow","damage_taken":0,"max_hp_gain":0,"max_hp_loss":0,"event_name":"Living Wall","floor":8,"gold_loss":0,"cards_upgraded":["Electrodynamics"]}],"is_beta":false,"boss_relics":[],"items_purged_floors":[],"is_endless":false,"potions_floor_spawned":[2,3,6,14],"killed_by":"The Guardian","ascension_level":4}}