{"host":"3498uni0c31c9bdm","time":1612863296,"event":{"mods":["BaseMod","Better Match","Better Note","Better Sensory Stone","Better Skull","Better Third Choice","Colored Map","Minty Spire (QoL Compilation)","Quick Restart","RNG Fix","Random Character Button","Replay The Spire","Shop Mod","Smile Girya","StSLib","Unceasing Turn Reminder"],"gold_per_floor":[111,131,145,145,155,189,10,58,58,77,77,77,96,116,116,194,194,209,222,222,237,237,237],"floor_reached":22,"language":"ENG","playtime":799,"items_purged":[],"score":314,"play_id":"55d1121f-e8fc-4467-821a-1911de03d443","local_time":"20210209203456","is_ascension_mode":true,"campfire_choices":[{"floor":12,"key":"REST"},{"floor":15,"key":"REST"}],"circlet_count":0,"master_deck":["AscendersBane","Strike_B","Strike_B","Strike_B","Strike_B","Defend_B","Defend_B","Defend_B","Defend_B","Zap","Dualcast","Injury","Gash","Lockon","White Noise","Cold Snap","ReplayTheSpireMod:Omega Cannon","Stack","Gash","Burn","Barrage","Steam","Fission","FIFO Queue","Beam Cell"],"relics":["Cracked Core","Thread and Needle","GremlinMask","Chameleon Ring","Strange Spoon","Singing Bowl","SacredBark","Snack Pack"],"acts_visited":["Exordium","TheCity"],"potions_floor_usage":[13,16,18,21,22],"damage_taken":[{"damage":2,"enemies":"Cultist","floor":1,"turns":3},{"damage":0,"enemies":"2 Louse","floor":2,"turns":2},{"damage":0,"enemies":"Small Slimes","floor":3,"turns":3},{"damage":13,"enemies":"Exordium Thugs","floor":5,"turns":5},{"damage":32,"enemies":"Lagavulin","floor":6,"turns":10},{"damage":0,"enemies":"Blue Slaver","floor":10,"turns":3},{"damage":0,"enemies":"Large Slime","floor":13,"turns":3},{"damage":9,"enemies":"Looter","floor":14,"turns":3},{"damage":22,"enemies":"The Guardian","floor":16,"turns":12},{"damage":21,"enemies":"2 Thieves","floor":18,"turns":4},{"damage":1,"enemies":"3 Byrds","floor":19,"turns":4},{"damage":26,"enemies":"Snake Plant","floor":21,"turns":5},{"damage":51,"enemies":"Snecko","floor":22,"turns":7}],"seed_played":"7881792738391036795","potions_obtained":[{"floor":6,"key":"DistilledChaos"},{"floor":10,"key":"DistilledChaos"},{"floor":13,"key":"Cursed Concoction"},{"floor":16,"key":"SkillPotion"},{"floor":18,"key":"SpeedPotion"}],"is_trial":false,"path_per_floor":["M","M","M","?","M","E","$","T","T","M","?","R","M","M","R","B",null,"M","M","T","M","M"],"character_chosen":"DEFECT","items_purchased":["Strange Spoon","Stack"],"campfire_rested":2,"item_purchase_floors":[7,7],"current_hp_per_floor":[66,66,66,66,53,21,21,21,21,21,21,43,43,34,56,34,65,44,43,43,29,0,0],"gold":237,"neow_bonus":"ONE_RARE_RELIC","is_daily":false,"chose_seed":false,"campfire_upgraded":0,"win_rate":0.0,"timestamp":1612863296,"path_taken":["M","M","?","?","M","E","$","?","T","M","?","R","?","M","R","BOSS","M","M","?","M","M"],"items_purchased_type":["Relic","Card"],"build_version":"2020-12-22","purchased_purges":0,"victory":false,"max_hp_per_floor":[75,75,75,75,75,75,75,75,75,75,75,75,75,75,75,75,75,75,75,75,77,77,77],"card_choices":[{"not_picked":["Go for the Eyes","Reinforced Body"],"picked":"Gash","floor":1},{"not_picked":["Sweeping Beam","ReplayTheSpireMod:Reroute Power"],"picked":"Lockon","floor":2},{"not_picked":["Recycle","Sweeping Beam"],"picked":"White Noise","floor":3},{"not_picked":["Blizzard","Double Energy"],"picked":"Cold Snap","floor":5},{"not_picked":["Doom and Gloom","Redo"],"picked":"ReplayTheSpireMod:Omega Cannon","floor":6},{"not_picked":["Go for the Eyes","Ball Lightning"],"picked":"Gash","floor":10},{"not_picked":["Conserve Battery","Recycle"],"picked":"Barrage","floor":13},{"not_picked":["Ball Lightning","Beam Cell"],"picked":"Steam","floor":14},{"not_picked":["Reboot","Machine Learning"],"picked":"Fission","floor":16},{"not_picked":["Rebound+1","Steam Power"],"picked":"FIFO Queue","floor":18},{"not_picked":["Auto Shields+1","Stack"],"picked":"Beam Cell","floor":19},{"not_picked":["Rebound","ReplaySort","ReplayTheSpireMod:Reroute Power"],"picked":"Singing Bowl","floor":21}],"player_experience":858851,"relics_obtained":[{"floor":6,"key":"Chameleon Ring"},{"floor":9,"key":"Singing Bowl"},{"floor":20,"key":"Snack Pack"}],"event_choices":[{"damage_healed":0,"gold_gain":0,"player_choice":"Trade","damage_taken":0,"relics_obtained":["GremlinMask"],"max_hp_gain":0,"max_hp_loss":0,"event_name":"FaceTrader","floor":4,"gold_loss":0},{"damage_healed":21,"gold_gain":0,"player_choice":"Embrace Burn","damage_taken":0,"max_hp_gain":0,"max_hp_loss":75,"event_name":"betterThird:BetterShining","floor":11,"gold_loss":0}],"is_beta":false,"boss_relics":[{"not_picked":["Busted Crown","Black Star"],"picked":"SacredBark"}],"items_purged_floors":[],"is_endless":false,"potions_floor_spawned":[6,10,13,16,18,19],"killed_by":"Snecko","ascension_level":13}}