{"host":"lx2ngef1mcpp0cnu","time":1612868711,"event":{"mods":["2.2 Compatiblity","Aspiration","Astrologer","BaseMod","Better Note","BetterRewards","Colored Map","Custom Start","Downfall","Googly Eyes","GungeonMod","Highlight Path","Mad Scientist","Marisa????????","Minty Spire (QoL Compilation)","Potionbrewer","READ ME - Guardian Mod","Shop Mod","Somnambulant","StSLib","SuperFastMode","Td1madao Mod","The Bug Knight","The Construct","The Cursed","The Disciple","The Hierophant","The Judge","The Necromancer","The Saiyan","The Servant 0.9.4","[IsaacMod]????","thorton"],"gold_per_floor":[88,100,116,129,179,214,228,259,286,311,45,45,45,65,65,184,184,198,198,198,209,219,247,264,355,355,555,570,582,492,525,525,624,624,638,306,16,30,30,61,61,96,96,127,144,157,172,186,186,186,186,186,5,40,40],"floor_reached":56,"language":"ENG","playtime":3002,"items_purged":["Saiyan:SAIYA_Strike","Saiyan:SAIYA_Defend","Saiyan:SAIYA_Strike"],"score":1946,"play_id":"2d85a2af-02f5-47bb-8aa5-7a103f4f8812","local_time":"20210209060510","is_ascension_mode":true,"campfire_choices":[{"floor":12,"key":"REST"},{"data":"Saiyan:TheBomb","floor":15,"key":"SMITH"},{"floor":32,"key":"RECALL"},{"floor":52,"key":"REST"}],"circlet_count":0,"master_deck":["Saiyan:SAIYA_Strike","Saiyan:SAIYA_Defend","Saiyan:SAIYA_Defend+1","Saiyan:EnergyBlast","Saiyan:KaioKen+1","BettingIsNotGood","Saiyan:Makankosappo","Saiyan:BackAttack+1","Bandage Up+1","Saiyan:ConcussiveBlow","Saiyan:Flurry","Saiyan:GenkiDama","Saiyan:BackAttack+1","Saiyan:PowerUp","Saiyan:PowerStance","Saiyan:Rekindle","Saiyan:Expend","Saiyan:CCCapsule","Saiyan:CCCapsule","Saiyan:TurtleShell","Saiyan:ExpandingShockwave","Saiyan:TheBomb+1","Trip","Saiyan:BurningSoul","Saiyan:MajinSeal","Saiyan:FingerParry","Saiyan:DrainingStrike","Saiyan:BigBangAttack","Saiyan:Rekindle","Saiyan:KiExplosion+1","Saiyan:Furor","Saiyan:SaiyanHubris+1","Saiyan:KiExplosion+1","Saiyan:Medicine+1","Saiyan:MindBoom+1","Saiyan:MonkeyTail","Saiyan:PowerUp+1","Saiyan:PlotArmor","Saiyan:Quickening+1","DemoMod:Invincible","Saiyan:PlotArmor","Sadistic Nature","Saiyan:Medicine+1","Saiyan:WarmUp","Flash of Steel","Saiyan:Furor+1","Saiyan:ExtremeSpeed","Saiyan:Fly+1","Saiyan:WarmUp","Saiyan:BigBangAttack+1","Saiyan:PlotArmor+1","Saiyan:SuperSaiyanForm+1","Saiyan:PlotArmor","DemoMod:Spice+1","Saiyan:Makankosappo"],"relics":["SaiyanSoul","SaiyanHeart","HushsDoor","SteamSale","Vajra","Bag of Marbles","DemoMod:PartiallyEatenCheese","Letter Opener","Whetstone","War Paint","Lantern","TheBean","DemoMod:MonsterBlood","Eternal Feather","MagicMushroom","aspiration:RitualStick","aspiration:ArtOfWarUpgrade","Toxic Egg 2","Bird Faced Urn","Fusion Hammer","Incubus","Toy Ornithopter","DemoMod:Metronome","OrangePellets","aspiration:FetidBarrel","PreservedInsect","DemoMod:WhiteGuonStone","aspiration:StickyExplosives_weak","Mummified Hand","BelialBook","Turnip"],"acts_visited":["Exordium","TheCity","TheBeyond","TheEnding"],"potions_floor_usage":[10,31,45,50,55,55],"damage_taken":[{"damage":3.0,"enemies":"2 Louse","floor":1.0,"turns":2.0},{"damage":0.0,"enemies":"Cultist","floor":2.0,"turns":2.0},{"damage":0.0,"enemies":"Small Slimes","floor":3.0,"turns":3.0},{"damage":13.0,"enemies":"2 Fungi Beasts","floor":4.0,"turns":3.0},{"damage":33.0,"enemies":"Hiden Room Battle","floor":5.0,"turns":3.0},{"damage":0.0,"enemies":"Gremlin Nob","floor":6.0,"turns":2.0},{"damage":8.0,"enemies":"Exordium Thugs","floor":7.0,"turns":3.0},{"damage":9.0,"enemies":"3 Sentries","floor":8.0,"turns":4.0},{"damage":18,"enemies":"Gremlin Nob","floor":10,"turns":5},{"damage":12,"enemies":"Blue Slaver","floor":14,"turns":2},{"damage":25,"enemies":"The Guardian","floor":16,"turns":7},{"damage":0,"enemies":"Spheric Guardian","floor":18,"turns":3},{"damage":0,"enemies":"Chosen","floor":21,"turns":4},{"damage":3,"enemies":"Centurion and Healer","floor":22,"turns":2},{"damage":0,"enemies":"Gremlin Leader","floor":23,"turns":4},{"damage":0,"enemies":"Snecko","floor":24,"turns":4},{"damage":0,"enemies":"Snake Plant","floor":28,"turns":3},{"damage":3,"enemies":"Centurion and Healer","floor":29,"turns":3},{"damage":30,"enemies":"HollowMod:Nosk","floor":31,"turns":6},{"damage":60,"enemies":"Collector","floor":33,"turns":7},{"damage":0,"enemies":"Orb Walker","floor":35,"turns":3},{"damage":8,"enemies":"3 Darklings","floor":38,"turns":3},{"damage":18,"enemies":"Nemesis","floor":40,"turns":5},{"damage":18,"enemies":"Reptomancer","floor":42,"turns":6},{"damage":4,"enemies":"Nemesis","floor":44,"turns":4},{"damage":2,"enemies":"4 Shapes","floor":45,"turns":2},{"damage":0,"enemies":"Transient","floor":46,"turns":5},{"damage":0,"enemies":"Jaw Worm Horde","floor":47,"turns":3},{"damage":0,"enemies":"Maw","floor":48,"turns":5},{"damage":30,"enemies":"Time Eater","floor":50,"turns":6},{"damage":27,"enemies":"Shield and Spear","floor":54,"turns":4},{"damage":9,"enemies":"The Heart","floor":55,"turns":5}],"seed_played":"-87398879030249508","potions_obtained":[{"floor":1.0,"key":"sneckomod:MuddlingPotion"},{"floor":3.0,"key":"Strength Potion"},{"floor":4.0,"key":"Regen Potion"},{"floor":7.0,"key":"ColorlessPotion"},{"floor":8.0,"key":"Weak Potion"},{"floor":16,"key":"sneckomod:MuddlingPotion"},{"floor":21,"key":"SpeedPotion"},{"floor":24,"key":"potionbrewer:DiscountPotion"},{"floor":29,"key":"SkillPotion"},{"floor":33,"key":"EssenceOfSteel"},{"floor":47,"key":"Strength Potion"}],"is_trial":false,"path_per_floor":["M","M","M","M","?","E","M","E","T","E","$","R","?","M","R","B",null,"M","?","?","M","M","E","M","?","T","?","M","M","?","E","R","B",null,"M","$","$","M","?","E","R","E","T","E","M","M","M","M","R","B",null,"R","$","E","B",null],"character_chosen":"SAIYAJIN","items_purchased":["Vajra","Bag of Marbles","Saiyan:Makankosappo","Saiyan:BackAttack","Bandage Up","potionbrewer:FreezingPotion","DemoMod:MonsterBlood","Saiyan:ExpandingShockwave","Saiyan:TheBomb","Trip","Saiyan:MonkeyTail","Incubus","Saiyan:PlotArmor","Saiyan:Quickening+1","Toy Ornithopter","DemoMod:Metronome","DemoMod:Invincible","OrangePellets","Saiyan:PlotArmor","Sadistic Nature","Saiyan:Medicine+1","DemoMod:WeirdEgg","BelialBook","Saiyan:PlotArmor","DemoMod:Spice+1","LiquidBronze"],"campfire_rested":2,"item_purchase_floors":[0,0,0,0,0,0,11,11,11,11,34,34,36,36,36,36,36,37,37,37,37,37,53,53,53,53],"current_hp_per_floor":[56,58,64,56,28,33,31,32,32,17,24,48,45,37,52,33,78,84,66,66,79,84,87,91,76,76,76,84,91,91,70,91,55,77,84,84,84,76,76,78,85,86,86,87,86,90,91,94,94,92,97,98,98,95,95],"gold":40,"neow_bonus":"","is_daily":false,"chose_seed":false,"campfire_upgraded":1,"win_rate":0.0,"timestamp":1612868710,"path_taken":["M","M","M","M","?","E","M","E","T","E","$","R","?","M","R","BOSS","M","?","?","M","M","E","M","?","T","?","M","M","?","E","R","BOSS","M","?","$","M","?","E","R","E","T","E","M","?","M","M","R","BOSS","R","$","E","BOSS"],"items_purchased_type":["Relic","Relic","Card","Card","Card","Potion","Relic","Card","Card","Card","Card","Relic","Card","Card","Relic","Relic","Card","Relic","Card","Card","Card","Relic","Relic","Card","Card","Potion"],"build_version":"2020-12-22","purchased_purges":3,"victory":true,"max_hp_per_floor":[61,63,65,66,68,69,71,72,72,75,82,82,82,82,82,84,91,92,92,92,95,98,100,103,103,103,103,106,106,106,108,108,108,84,84,84,84,84,84,85,85,86,86,87,88,90,91,94,94,98,98,98,98,98,101],"card_choices":[{"not_picked":[],"picked":"BettingIsNotGood","floor":0.0},{"not_picked":["Saiyan:PowerUp","Saiyan:Flurry"],"picked":"Saiyan:GenkiDama","floor":1.0},{"not_picked":["Saiyan:ExtremeSpeed","Saiyan:Twize"],"picked":"Saiyan:BackAttack","floor":2.0},{"not_picked":["Saiyan:Planning","Saiyan:PressOn"],"picked":"Saiyan:PowerUp","floor":3.0},{"not_picked":["Saiyan:ExpandingShockwave","Saiyan:TurtleShell"],"picked":"Saiyan:PowerStance","floor":4.0},{"not_picked":["Saiyan:FinalFlash","Saiyan:KameHameHa"],"picked":"Saiyan:Rekindle","floor":5.0},{"not_picked":["Saiyan:SaiyanHubris","Saiyan:Twize"],"picked":"Saiyan:Expend","floor":6.0},{"not_picked":["Saiyan:Taunt","Saiyan:Quickening"],"picked":"Saiyan:CCCapsule","floor":7.0},{"not_picked":["Saiyan:FinalFlash","Bomb"],"picked":"Saiyan:CCCapsule","floor":8.0},{"not_picked":["Saiyan:SoulSpice","Saiyan:ConcussiveBlow"],"picked":"Saiyan:TurtleShell","floor":10},{"not_picked":["Saiyan:ThirstForFight","Saiyan:Planning"],"picked":"Saiyan:BurningSoul","floor":14},{"not_picked":["Saiyan:Rekindle","Saiyan:SolarFlare"],"picked":"Saiyan:MajinSeal","floor":16},{"not_picked":["Saiyan:Planning","Saiyan:SoulSpice+1"],"picked":"Saiyan:FingerParry","floor":18},{"not_picked":["Saiyan:BackAttack+1","Saiyan:TurtleShell"],"picked":"Saiyan:BigBangAttack","floor":21},{"not_picked":["Saiyan:Reset","Saiyan:PowerStance"],"picked":"Saiyan:Rekindle","floor":22},{"not_picked":["Saiyan:KameHameHa","Saiyan:Flurry"],"picked":"Saiyan:KiExplosion+1","floor":23},{"not_picked":["Saiyan:SaiyanHubris","Saiyan:SoulSpice+1"],"picked":"Saiyan:Furor","floor":24},{"not_picked":["Saiyan:ThirstForFight+1","Saiyan:BigBangAttack"],"picked":"Saiyan:SaiyanHubris+1","floor":28},{"not_picked":["Saiyan:SoulSpice","Saiyan:Flurry+1"],"picked":"Saiyan:KiExplosion+1","floor":29},{"not_picked":["Saiyan:TurtleShell","Saiyan:MeteorDash"],"picked":"Saiyan:Medicine+1","floor":31},{"not_picked":["Saiyan:MajinSeal","Saiyan:SenzuBean+1"],"picked":"Saiyan:MindBoom+1","floor":33},{"not_picked":["Saiyan:Taunt+1","Saiyan:KiExplosion+1"],"picked":"Saiyan:PowerUp+1","floor":35},{"not_picked":["Saiyan:Planning+1","Saiyan:Flurry"],"picked":"Saiyan:WarmUp","floor":38},{"not_picked":["Saiyan:TheBomb+1","Saiyan:TurtleShell+1"],"picked":"Saiyan:Furor+1","floor":40},{"not_picked":["Saiyan:PowerPole+1","Saiyan:Quickening+1"],"picked":"Saiyan:ExtremeSpeed","floor":42},{"not_picked":["Saiyan:Taunt+1","Saiyan:Pacing+1"],"picked":"Saiyan:Fly+1","floor":44},{"not_picked":["Saiyan:Afterimage+1","Saiyan:Scouter+1"],"picked":"Saiyan:WarmUp","floor":45},{"not_picked":["Saiyan:TurtleShell","Saiyan:MeteorDash"],"picked":"Saiyan:BigBangAttack+1","floor":46},{"not_picked":["Saiyan:Planning+1","Saiyan:Medicine+1"],"picked":"Saiyan:PlotArmor+1","floor":47},{"not_picked":["Saiyan:Fly+1","Saiyan:Furor"],"picked":"Saiyan:SuperSaiyanForm+1","floor":48},{"not_picked":["Saiyan:FinalFlash","Saiyan:TurtleShell"],"picked":"Saiyan:Makankosappo","floor":54}],"player_experience":581198,"relics_obtained":[{"floor":5.0,"key":"Letter Opener"},{"floor":5.0,"key":"Whetstone"},{"floor":6.0,"key":"War Paint"},{"floor":8.0,"key":"Lantern"},{"floor":10,"key":"TheBean"},{"floor":23,"key":"Art of War"},{"floor":26,"key":"Toxic Egg 2"},{"floor":31,"key":"Bird Faced Urn"},{"floor":40,"key":"PreservedInsect"},{"floor":42,"key":"DemoMod:WhiteGuonStone"},{"floor":43,"key":"aspiration:StickyExplosives_weak"},{"floor":44,"key":"Mummified Hand"},{"floor":54,"key":"Turnip"}],"event_choices":[{"damage_healed":0.0,"max_hp_gain":0.0,"max_hp_loss":0.0,"gold_gain":0.0,"event_name":"HidenRoomEvent","player_choice":"Fight","floor":5.0,"gold_loss":0.0,"damage_taken":0.0},{"damage_healed":0,"gold_gain":0,"player_choice":"Success","damage_taken":3,"relics_obtained":["Eternal Feather"],"max_hp_gain":0,"max_hp_loss":0,"event_name":"Scrap Ooze","floor":13,"gold_loss":0},{"damage_healed":0,"gold_gain":0,"cards_transformed":["Saiyan:SAIYA_Strike"],"player_choice":"Transformed","damage_taken":0,"max_hp_gain":0,"max_hp_loss":0,"event_name":"Transmorgrifier","floor":20,"gold_loss":0,"cards_obtained":["Saiyan:DrainingStrike"]},{"damage_healed":0,"gold_gain":200,"player_choice":"Gold","damage_taken":0,"max_hp_gain":0,"max_hp_loss":0,"event_name":"Wheel of Change","floor":27,"gold_loss":0},{"cards_removed":["Saiyan:SAIYA_Defend"],"damage_healed":0,"gold_gain":0,"player_choice":"Upgrade and Remove","damage_taken":0,"max_hp_gain":0,"max_hp_loss":0,"event_name":"Designer","floor":30,"gold_loss":90,"cards_upgraded":["Bandage Up"]},{"damage_healed":0,"gold_gain":0,"player_choice":"1 cards matched","damage_taken":0,"max_hp_gain":0,"max_hp_loss":0,"event_name":"Match and Keep!","floor":39,"gold_loss":0,"cards_obtained":["Flash of Steel"]}],"is_beta":false,"boss_relics":[{"not_picked":["Astrolabe","Velvet Choker"],"picked":"MagicMushroom"},{"not_picked":[]},{"not_picked":["Sozu","aspiration:FutureDiary"],"picked":"Fusion Hammer"},{"not_picked":[]}],"items_purged_floors":[0,11,36],"is_endless":false,"potions_floor_spawned":[1,3,4,7,8,16,21,24,29,33,44,47,48,54],"ascension_level":8}}