{"host":"twbuyd87gsx4w7po","time":1612898943,"event":{"mods":["BaseMod","Minty Spire (QoL Compilation)","StSLib"],"gold_per_floor":[116,116,116,129,139,139,172,172,172,200,68,87,87,121,121,121,121],"floor_reached":16,"language":"ENG","playtime":722,"items_purged":["Barricade"],"score":177,"play_id":"2c1e6fd5-d9a9-41e8-8468-0cf62e4e07a2","local_time":"20210209112903","is_ascension_mode":true,"campfire_choices":[{"data":"True Grit","floor":6,"key":"SMITH"},{"data":"Iron Wave","floor":8,"key":"SMITH"},{"floor":13,"key":"REST"},{"data":"Infernal Blade","floor":15,"key":"SMITH"}],"circlet_count":0,"master_deck":["AscendersBane","Bash","Wild Strike+1","Exhume","Dual Wield","Wild Strike","Iron Wave+1","Twin Strike","Infernal Blade+1","Sentinel+1","Sever Soul","Second Wind","True Grit+1","Intimidate+1","Shrug It Off+1","Feel No Pain","Impervious+1"],"relics":["Pandora\u0027s Box","Charon\u0027s Ashes","Toxic Egg 2","Bottled Flame","Smiling Mask","Bird Faced Urn"],"acts_visited":["Exordium"],"potions_floor_usage":[4,10],"damage_taken":[{"damage":0,"enemies":"Small Slimes","floor":1,"turns":2},{"damage":12,"enemies":"Jaw Worm","floor":4,"turns":2},{"damage":0,"enemies":"Cultist","floor":5,"turns":2},{"damage":18,"enemies":"Gremlin Nob","floor":7,"turns":3},{"damage":16,"enemies":"3 Sentries","floor":10,"turns":5},{"damage":5,"enemies":"2 Fungi Beasts","floor":12,"turns":3},{"damage":15,"enemies":"Lagavulin","floor":14,"turns":6},{"damage":33,"enemies":"Hexaghost","floor":16,"turns":11}],"seed_played":"1616657957262011188","potions_obtained":[{"floor":1,"key":"FearPotion"},{"floor":5,"key":"Regen Potion"},{"floor":12,"key":"Explosive Potion"}],"is_trial":false,"path_per_floor":["M","?","T","M","M","R","E","R","T","E","$","M","R","E","R","B"],"character_chosen":"IRONCLAD","items_purchased":["Shrug It Off+1","Feel No Pain"],"campfire_rested":1,"item_purchase_floors":[11,11],"current_hp_per_floor":[72,56,56,44,44,44,26,26,26,24,24,19,43,28,28,0,0],"gold":121,"neow_bonus":"BOSS_RELIC","is_daily":false,"chose_seed":false,"campfire_upgraded":3,"win_rate":0.0,"timestamp":1612898943,"path_taken":["M","?","?","M","M","R","E","R","T","E","$","M","R","E","R","BOSS"],"items_purchased_type":["Card","Card"],"build_version":"2020-12-22","purchased_purges":1,"victory":false,"max_hp_per_floor":[80,80,80,80,80,80,80,80,80,80,80,80,80,80,80,80,80],"card_choices":[{"not_picked":["Anger","Dual Wield"],"picked":"Sever Soul","floor":1},{"not_picked":["Anger","Twin Strike"],"picked":"Second Wind","floor":4},{"not_picked":["Seeing Red","Warcry"],"picked":"True Grit","floor":5},{"not_picked":["Sentinel+1","Wild Strike"],"picked":"Intimidate+1","floor":7},{"not_picked":["Perfected Strike","Barricade","Twin Strike"],"picked":"SKIP","floor":10},{"not_picked":["Cleave","Flex+1","Anger"],"picked":"SKIP","floor":12},{"not_picked":["Perfected Strike","Dual Wield+1"],"picked":"Impervious+1","floor":14}],"player_experience":294639,"relics_obtained":[{"floor":3,"key":"Charon\u0027s Ashes"},{"floor":7,"key":"Toxic Egg 2"},{"floor":9,"key":"Bottled Flame"},{"floor":10,"key":"Smiling Mask"},{"floor":14,"key":"Bird Faced Urn"}],"event_choices":[{"damage_healed":0,"gold_gain":0,"player_choice":"Entered Light","damage_taken":16,"max_hp_gain":0,"max_hp_loss":0,"event_name":"Shining Light","floor":2,"gold_loss":0,"cards_upgraded":["Wild Strike","Sentinel"]}],"is_beta":false,"boss_relics":[],"items_purged_floors":[11],"is_endless":false,"potions_floor_spawned":[1,5,12],"killed_by":"Hexaghost","ascension_level":10}}