{"host":"e8rlfedn69rz2s07","time":1612881447,"event":{"mods":["AchievementEnabler","BaseMod","Minty Spire (QoL Compilation)","Permanent Neow","Relic Stats"],"gold_per_floor":[114,114,132,147,166,166,91,91,91],"floor_reached":8,"language":"ENG","playtime":320,"items_purged":[],"score":96,"play_id":"e97cf544-eff2-4cd2-8bcb-eb10913bb0df","local_time":"20210209163727","is_ascension_mode":true,"campfire_choices":[{"data":"Tempest","floor":6,"key":"SMITH"}],"circlet_count":0,"master_deck":["AscendersBane","Strike_B","Strike_B","Strike_B","Defend_B","Defend_B","Defend_B","Defend_B","Zap","Dualcast","CurseOfTheBell","Capacitor","Tempest+1","Barrage"],"relics":["Calling Bell","Ancient Tea Set","Kunai","StoneCalendar"],"acts_visited":["Exordium"],"potions_floor_usage":[8],"damage_taken":[{"damage":2,"enemies":"2 Louse","floor":1,"turns":3},{"damage":10,"enemies":"Small Slimes","floor":3,"turns":4},{"damage":7,"enemies":"Jaw Worm","floor":4,"turns":3},{"damage":12,"enemies":"Looter","floor":5,"turns":4},{"damage":35,"enemies":"3 Sentries","floor":8,"turns":4}],"seed_played":"1887756271273525881","potions_obtained":[{"floor":3,"key":"PowerPotion"},{"floor":4,"key":"Energy Potion"}],"is_trial":false,"path_per_floor":["M","?","M","M","M","R","?","E"],"character_chosen":"DEFECT","items_purchased":[],"campfire_rested":0,"item_purchase_floors":[],"current_hp_per_floor":[62,62,52,45,33,33,33,0,0],"gold":91,"neow_bonus":"BOSS_RELIC","is_daily":false,"chose_seed":false,"campfire_upgraded":1,"win_rate":0.0,"timestamp":1612881447,"path_taken":["M","?","M","M","M","R","?","E"],"items_purchased_type":[],"build_version":"2020-12-22","purchased_purges":0,"victory":false,"max_hp_per_floor":[71,71,71,71,71,71,71,71,71],"relic_stats":{"counters":[5,18],"StoneCalendar":[0],"Kunai":[0],"obtain_stats":[{"Calling Bell":0,"StoneCalendar":0,"Kunai":0,"Cracked Core":0,"Ancient Tea Set":0},{"Calling Bell":0,"StoneCalendar":0,"Kunai":0,"Cracked Core":0,"Ancient Tea Set":0},{"Calling Bell":0,"StoneCalendar":0,"Kunai":0,"Cracked Core":0,"Ancient Tea Set":0}]},"card_choices":[{"not_picked":["Turbo","Static Discharge"],"picked":"Capacitor","floor":1},{"not_picked":["Leap","Stack"],"picked":"Tempest","floor":3},{"not_picked":["Cold Snap","BootSequence"],"picked":"Barrage","floor":4},{"not_picked":["Turbo","Reprogram","Meteor Strike"],"picked":"SKIP","floor":5}],"player_experience":1052347,"relics_obtained":[{"floor":0,"key":"Ancient Tea Set"},{"floor":0,"key":"Kunai"},{"floor":0,"key":"StoneCalendar"}],"event_choices":[{"damage_healed":0,"gold_gain":0,"player_choice":"Ignored","damage_taken":0,"max_hp_gain":0,"max_hp_loss":0,"event_name":"Liars Game","floor":2,"gold_loss":0},{"cards_removed":["Strike_B"],"damage_healed":0,"gold_gain":0,"player_choice":"Card Removal","damage_taken":0,"max_hp_gain":0,"max_hp_loss":0,"event_name":"The Cleric","floor":7,"gold_loss":75}],"is_beta":false,"boss_relics":[],"items_purged_floors":[],"is_endless":false,"potions_floor_spawned":[3,4,5],"killed_by":"3 Sentries","ascension_level":20}}