{"host":"27wa8ufp4ryspt1p","time":1612834750,"event":{"mods":["2.2 Compatiblity","A Penny For Your Troubles","Abigail Mod","Act Like it!","Aspiration","BaseMod","Better Altar","Better Match","Better Note","Better Skull","Better Third Choice","Colored Map","Conspire","Curses Come First","Dota2Spire","Downfall-Rebalance","Elementarium","Energized Spire","Fox Events","Friendly Minions","Gensokyo","GifTheSpireLib","Gold Saver","Halation","Hallownest","HololiveMod","Hubris","Humility","Infinite Spire","Keyboard Shortcuts","Menagerie","Mimic Mod","Minty Spire (QoL Compilation)","Pale of the Ancients","Poor People Problems","Quarter Circle Forward PUNCH!","Reimu??????","Relic Filter Mod","Relic Sorter","Relic Stats","Reliquary","Replay The Spire","Reworked Bosses","Shop Mod","Spicy Shops","Spikes Relics","Spire Arcade","StSLib","Stuff the Spire","SuperFastMode","The Cursed","The Exalted","The Judge","The Necromancer","Trackpad","Waifu the Spire","Wandering Minibosses","[IsaacMod]????","??????REMEMod","????"],"gold_per_floor":[330,341,38,38,38,84,115,115,131,131,196,225,225,301,54,67,121,226,242,262,262,262,262,262,262,324,324,394,411,471,471,499,544,453,566,614,1359,1274,1116,1133,1359,1422,1422,1497,1647,1647,1686,1319,1386,1386,1386,1461,1491,1556,1683,1683,1260,1260,1349,1349,770,770,880,880],"floor_reached":63,"language":"SPA","playtime":4143,"items_purged":["Voices"],"score":3058,"play_id":"f95570c4-64b1-41ab-b4c2-3d31eeb9f371","local_time":"20210208193910","daily_mods":["SealedDeck","Colorless Cards","Heirloom","Elite Swarm","Lethality"],"is_ascension_mode":true,"campfire_choices":[{"floor":8.0,"key":"RECALL"},{"data":"REME_EyeOfCthun","floor":10.0,"key":"SMITH"},{"data":"Footwork","floor":25.0,"key":"SMITH"},{"data":"ReplayTheSpireMod:Fabricate Wheel","floor":27.0,"key":"SMITH"},{"data":"ReplayUltimateDefense","floor":31,"key":"SMITH"},{"data":"Hololive_IdolExercise","floor":46,"key":"SMITH"},{"data":"Hololive_IdolExercise","floor":51,"key":"SMITH"},{"data":"Hololive_CallTokinoSora","floor":51,"key":"SMITH"},{"data":"Hololive_CallUsadaPekora","floor":58,"key":"SMITH"},{"data":"Creative AI","floor":58,"key":"SMITH"},{"data":"Hololive_CocoNews","floor":60,"key":"SMITH"},{"data":"ReplayTheSpireMod:Brewmster","floor":60,"key":"SMITH"}],"circlet_count":0,"master_deck":["AscendersBane","REME_ProfessionalPlagiarism","REME_EyeOfCthun+1","Hololive_HuntDinosaur","Hololive_FlyingPonyTail","Hololive_CallNekomataOkayu","Hololive_CandyCastle","Hololive_Rebound","Hololive_CocoNews+1","Hololive_CallUruhaRushia","Hololive_CallYozoraMel","AbbyMod:CosmicSpark","expansioncontent:DashGenerateEvil","Hololive_Rebound","Hololive_RevenueBasedLive","StuffTheSpire:PlasmaPulse","Hololive_CallMomosuzuNene+22","Hololive_CallShishiroBotan","REME_Flogging+1","Hololive_CallDoris+1","Footwork+1","Berserk","Hololive_HuntDinosaur+1","Hololive_Thief","Hololive_CallRosalyn","Creative AI+1","expansioncontent:DefensiveMode","ReplayUltimateDefense+1","ReplayTheSpireMod:Brewmster+1","Hololive_CallTokinoSora+1","Hallownest:skillKingdomsEdgeMap","Hololive_Yoholoon","Hololive_IdolExercise+1","REME_WheelOfFate","REME_BodyOfCthun","Amnesia","Hololive_CallTokoyamiTowa","Hololive_CallTokoyamiTowa","Hololive_IdolExercise+1","Hololive_Sequa","Hololive_CallUsadaPekora+1","ReplayTheSpireMod:Private Reserves+1","Hololive_Breathe+1","Hololive_BringToTrial+1","ReplayTheSpireMod:Splinters","Hololive_DDD","expansioncontent:SuperHexaguard","ReplayTheSpireMod:Black Plague"],"relics":["Hololive_TheStar","paleoftheancients:SoulOfTheHexaghost","PunchingBag","TheBean","HushsDoor","REME_ComplimentaryCards","BookOfRevelations","Bird Faced Urn","Dota2Spire:HandOfMidas","MerchantsRug","Hololive_FriedShrimpLion","Ring of Hypnosis","Ring of Misfortune","qcfpunch:School_Backpack","reliquary:Craggleroot","energizedSpire:OgreHead","halation:Trompette","reliquary:Knoch","SharpPlug","Prayer Wheel","reliquary:TuningFork","Juzu Bracelet","ChewingGum","wanderingMiniBosses:MasterThiefsPresence","trackpad:AdjectivePendant","Hallownest:GodTamersBeastRelic","StuffTheSpire:HeavyRock","Ice Cream","Bromod:ArcaneAvenger","qcfpunch:Wrestler\u0027s_Cloak","conspire:TopHat","ReplayTheSpireMod:CursedCoin","Replay:Arrowhead","Dota2Spire:PowerTreads","paleoftheancients:Timepiece","paleoftheancients:KeyRelic","Bronze Scales","Membership Card","reliquary:Boomerang","Letter Opener","Ornamental Fan","Anchor","halation:Thesaurus","ReplayTheSpireMod:SealedPack","trackpad:PocketGalaxy","REME_HandOfSuture","Pen Nib"],"acts_visited":["Menagerie:Menagerie","TheCity","Hallownest:KingdomsEdge","paleoftheancients:PaleOfTheAncients"],"potions_floor_usage":[52,63,63,63],"damage_taken":[{"damage":2.0,"enemies":"Menagerie:2_RABBITS","floor":2.0,"turns":3.0},{"damage":0.0,"enemies":"Menagerie:StygianBoar","floor":6.0,"turns":3.0},{"damage":0.0,"enemies":"Menagerie:WhisperingWraith","floor":9.0,"turns":1.0},{"damage":0.0,"enemies":"Menagerie:STYGIAN_BOAR_AND_RABBIT","floor":11.0,"turns":5.0},{"damage":0.0,"enemies":"Menagerie:Hydra","floor":12.0,"turns":2.0},{"damage":0.0,"enemies":"Menagerie:MaskedSummoner","floor":14.0,"turns":5.0},{"damage":0.0,"enemies":"Menagerie:STYGIAN_BOAR_AND_RABBIT","floor":16.0,"turns":2.0},{"damage":0.0,"enemies":"Menagerie:Chimera","floor":18.0,"turns":4.0},{"damage":0.0,"enemies":"Spheric Guardian","floor":20.0,"turns":3.0},{"damage":0.0,"enemies":"Book of Stabbing","floor":26.0,"turns":2.0},{"damage":8.0,"enemies":"conspire:FuzzyDice","floor":28.0,"turns":6.0},{"damage":10,"enemies":"conspire:FuzzyDice","floor":29,"turns":3},{"damage":0,"enemies":"REME_1_Revenger","floor":30,"turns":3},{"damage":1,"enemies":"conspire:SneckoGhost","floor":32,"turns":4},{"damage":0,"enemies":"Centurion and Healer","floor":33,"turns":3},{"damage":0,"enemies":"bossMod:newChamp","floor":35,"turns":6},{"damage":0,"enemies":"Hallownest:2_Littles","floor":37,"turns":5},{"damage":0,"enemies":"Hallownest:3_Siblings","floor":40,"turns":2},{"damage":0,"enemies":"Hallownest:3_Siblings","floor":41,"turns":3},{"damage":0,"enemies":"Hallownest:3_Siblings","floor":41,"turns":3},{"damage":0,"enemies":"Hallownest:3_Siblings","floor":41,"turns":4},{"damage":0,"enemies":"Hallownest:3_Siblings","floor":41,"turns":2},{"damage":0,"enemies":"Hallownest:StalkingDevout","floor":42,"turns":3},{"damage":0,"enemies":"Hallownest:eliteCollector","floor":44,"turns":5},{"damage":0,"enemies":"Hallownest:2_Wandering_and_1_Horned","floor":45,"turns":5},{"damage":0,"enemies":"Hallownest:StalkingDevout","floor":47,"turns":2},{"damage":0,"enemies":"Hallownest:eliteCollector","floor":49,"turns":3},{"damage":0,"enemies":"Hallownest:BossGreyPrinceZote","floor":52,"turns":5},{"damage":0,"enemies":"Hallownest:Radiance","floor":53,"turns":5},{"damage":0,"enemies":"Hallownest:Radiance","floor":54,"turns":5},{"damage":5,"enemies":"Hallownest:Radiance","floor":55,"turns":10},{"damage":0,"enemies":"Hallownest:Radiance","floor":59,"turns":8},{"damage":179,"enemies":"paleoftheancients:N","floor":63,"turns":7}],"seed_played":"-5637985661517744283","potions_obtained":[{"floor":2.0,"key":"Swift Potion"},{"floor":6.0,"key":"Strength Potion"},{"floor":12.0,"key":"SpeedPotion"},{"floor":18.0,"key":"PowerPotion"},{"floor":22.0,"key":"foxEvents:VialedCaress"},{"floor":26.0,"key":"Elixir"},{"floor":30,"key":"Dota2Spire:HealingSalve"},{"floor":32,"key":"LiquidBronze"},{"floor":35,"key":"BlessingOfTheForge"},{"floor":42,"key":"SmokeBomb"},{"floor":44,"key":"SpeedPotion"},{"floor":47,"key":"Dexterity Potion"},{"floor":49,"key":"REME_GoldPotion"},{"floor":55,"key":"Adrenaline Potion"}],"is_trial":true,"path_per_floor":["?","M","$","PTL","PTL","M","?","R","M","R","MIM","E","?","E","R","M","R_BF","B",null,"M","AVR","?","?","?","R","E","R","MIM","M","E","R","E","M","R","B",null,"M","?","$","M","?","E","AVR","E","MIM","R","E","R","E","?","R","B","B","M","M","?","$","R","M","R","$","?","B"],"character_chosen":"Hololive_HololiveCharacter","items_purchased":["Dota2Spire:HandOfMidas","MerchantsRug","Hololive_CallDoris+1","qcfpunch:School_Backpack","Juzu Bracelet","trackpad:AdjectivePendant","REME_BodyOfCthun","ReplayTheSpireMod:CursedCoin","Hololive_CallTokoyamiTowa","Replay:Arrowhead","Membership Card","reliquary:Boomerang","Letter Opener","Ornamental Fan","Anchor","halation:Thesaurus","trackpad:PocketGalaxy","REME_HandOfSuture","Pen Nib","Hololive_BringToTrial+1","Venom Potion","AttackPotion","infinitespire:BlackPotion"],"campfire_rested":0,"item_purchase_floors":[3,3,15,15,34,39,48,48,48,48,57,57,57,57,61,61,61,61,61,61,61,61,61],"current_hp_per_floor":[17,17,17,17,17,17,12,12,13,13,17,17,17,17,17,17,17,17,17,17,17,14,14,14,14,14,14,14,10,14,14,14,14,14,14,14,14,14,14,14,14,14,14,14,14,14,14,14,14,14,14,14,14,14,14,14,14,14,14,14,14,14,0,0],"gold":880,"neow_bonus":"","is_daily":false,"chose_seed":false,"campfire_upgraded":11,"win_rate":0.0,"timestamp":1612834750,"path_taken":["?","?","$","PTL","PTL","M","?","R","M","R","MIM","E","?","E","R","M","R_BF","BOSS","M","AVR","?","?","?","R","E","R","MIM","M","E","R","E","M","R","BOSS","M","?","?","M","?","E","AVR","E","MIM","R","E","R","E","?","R","BOSS","BOSS","M","M","?","$","R","M","R","$","?","BOSS"],"items_purchased_type":["Relic","Relic","Card","Relic","Relic","Relic","Card","Relic","Card","Relic","Relic","Relic","Relic","Relic","Relic","Relic","Relic","Relic","Relic","Card","Potion","Potion","Potion"],"build_version":"2020-12-22","purchased_purges":1,"victory":false,"max_hp_per_floor":[17,17,17,17,17,17,17,17,17,17,17,17,17,17,17,17,17,17,17,17,17,14,14,14,14,14,14,14,14,14,14,14,14,14,14,14,14,14,14,14,14,14,14,14,14,14,14,14,14,14,14,14,14,14,14,14,14,14,14,14,14,14,14,14],"relic_stats":{"counters":[33,129],"Ornamental Fan":[8],"Bird Faced Urn":[30],"Bronze Scales":[267],"Prayer Wheel":7,"Pen Nib":[1],"Juzu Bracelet":1,"Letter Opener":[160],"obtain_stats":[{"Ice Cream":43,"Dota2Spire:PowerTreads":49,"trackpad:PocketGalaxy":61,"TheBean":30,"Prayer Wheel":29,"trackpad:AdjectivePendant":39,"KeepersGift":0,"Dota2Spire:HandOfMidas":3,"MerchantsRug":3,"paleoftheancients:KeyRelic":53,"PunchingBag":45,"Ring of Hypnosis":13,"ReplayTheSpireMod:CursedCoin":48,"BookOfRevelations":0,"wanderingMiniBosses:MasterThiefsPresence":37,"ReplayTheSpireMod:SealedPack":61,"Pen Nib":61,"energizedSpire:OgreHead":21,"Letter Opener":57,"halation:Thesaurus":61,"paleoftheancients:Timepiece":53,"qcfpunch:School_Backpack":15,"Bird Faced Urn":0,"Bronze Scales":53,"Hololive_TheStar":0,"reliquary:Knoch":26,"HushsDoor":0,"Bromod:ArcaneAvenger":43,"reliquary:Boomerang":57,"Bromod:ArcaneVictory":7,"SharpPlug":28,"Juzu Bracelet":34,"Hallownest:GodTamersBeastRelic":41,"conspire:TopHat":47,"hubris:Backtick":43,"StuffTheSpire:HeavyRock":42,"qcfpunch:Wrestler\u0027s_Cloak":44,"Potion Belt":14,"paleoftheancients:SoulOfTheHexaghost":59,"Replay:Arrowhead":48,"Anchor":61,"Ornamental Fan":57,"Ring of Misfortune":13,"reliquary:Craggleroot":19,"ChewingGum":36,"Hololive_FriedShrimpLion":12,"REME_HandOfSuture":61,"reliquary:TuningFork":32,"Membership Card":57,"halation:Trompette":21,"REME_ComplimentaryCards":0},{"Ice Cream":23,"Dota2Spire:PowerTreads":27,"trackpad:PocketGalaxy":32,"TheBean":13,"Prayer Wheel":12,"trackpad:AdjectivePendant":17,"KeepersGift":0,"Dota2Spire:HandOfMidas":1,"MerchantsRug":1,"paleoftheancients:KeyRelic":29,"PunchingBag":25,"Ring of Hypnosis":5,"ReplayTheSpireMod:CursedCoin":26,"BookOfRevelations":0,"wanderingMiniBosses:MasterThiefsPresence":17,"ReplayTheSpireMod:SealedPack":32,"Pen Nib":32,"energizedSpire:OgreHead":9,"Letter Opener":31,"halation:Thesaurus":32,"paleoftheancients:Timepiece":29,"qcfpunch:School_Backpack":6,"Bird Faced Urn":0,"Bronze Scales":29,"Hololive_TheStar":0,"reliquary:Knoch":10,"HushsDoor":0,"Bromod:ArcaneAvenger":23,"reliquary:Boomerang":31,"Bromod:ArcaneVictory":2,"SharpPlug":11,"Juzu Bracelet":15,"Hallownest:GodTamersBeastRelic":22,"conspire:TopHat":26,"hubris:Backtick":23,"StuffTheSpire:HeavyRock":23,"qcfpunch:Wrestler\u0027s_Cloak":24,"Potion Belt":6,"paleoftheancients:SoulOfTheHexaghost":32,"Replay:Arrowhead":26,"Anchor":32,"Ornamental Fan":31,"Ring of Misfortune":5,"reliquary:Craggleroot":8,"ChewingGum":16,"Hololive_FriedShrimpLion":5,"REME_HandOfSuture":32,"reliquary:TuningFork":14,"Membership Card":31,"halation:Trompette":9,"REME_ComplimentaryCards":0},{"Ice Cream":75,"Dota2Spire:PowerTreads":89,"trackpad:PocketGalaxy":122,"TheBean":41,"Prayer Wheel":36,"trackpad:AdjectivePendant":59,"KeepersGift":0,"Dota2Spire:HandOfMidas":3,"MerchantsRug":3,"paleoftheancients:KeyRelic":99,"PunchingBag":84,"Ring of Hypnosis":14,"ReplayTheSpireMod:CursedCoin":86,"BookOfRevelations":0,"wanderingMiniBosses:MasterThiefsPresence":59,"ReplayTheSpireMod:SealedPack":122,"Pen Nib":122,"energizedSpire:OgreHead":28,"Letter Opener":114,"halation:Thesaurus":122,"paleoftheancients:Timepiece":99,"qcfpunch:School_Backpack":19,"Bird Faced Urn":0,"Bronze Scales":99,"Hololive_TheStar":0,"reliquary:Knoch":30,"HushsDoor":0,"Bromod:ArcaneAvenger":75,"reliquary:Boomerang":114,"Bromod:ArcaneVictory":6,"SharpPlug":35,"Juzu Bracelet":48,"Hallownest:GodTamersBeastRelic":72,"conspire:TopHat":86,"hubris:Backtick":75,"StuffTheSpire:HeavyRock":75,"qcfpunch:Wrestler\u0027s_Cloak":80,"Potion Belt":19,"paleoftheancients:SoulOfTheHexaghost":122,"Replay:Arrowhead":86,"Anchor":122,"Ornamental Fan":114,"Ring of Misfortune":14,"reliquary:Craggleroot":25,"ChewingGum":54,"Hololive_FriedShrimpLion":14,"REME_HandOfSuture":122,"reliquary:TuningFork":45,"Membership Card":114,"halation:Trompette":28,"REME_ComplimentaryCards":0}]},"card_choices":[{"not_picked":[],"picked":"Bomb","floor":0.0},{"not_picked":["Hololive_Breathe","Hololive_Sequa","Hololive_FlyingPonyTail"],"picked":"expansioncontent:DashGenerateEvil","floor":2.0},{"not_picked":["Hololive_RevenueBasedLive","Hololive_CallNekomataOkayu","Hololive_CallShiranuiFlare"],"picked":"Hololive_Rebound","floor":6.0},{"not_picked":["Hololive_StrengthChampion","Hololive_Rebound","REME_TwoStrings"],"picked":"Hololive_RevenueBasedLive","floor":7.0},{"not_picked":["Hololive_Trident","PanicButton","Degenerate"],"picked":"StuffTheSpire:PlasmaPulse","floor":7.0},{"not_picked":["Hololive_LuckPotion","Hololive_FlyingPonyTail","Hololive_Rebound"],"picked":"Hololive_CallMomosuzuNene","floor":9.0},{"not_picked":["Enlightenment","expansioncontent:TimeRipple","Hololive_Trident"],"picked":"Hololive_CallShishiroBotan","floor":11.0},{"not_picked":["expansioncontent:Corrupt","Feint","Secret Weapon","REME_BuildACard"],"picked":"SKIP","floor":12.0},{"not_picked":["Metamorphosis","Panache","Hololive_StarCraft"],"picked":"REME_Flogging","floor":14.0},{"not_picked":["Dagger Throw","ReplayTheSpireMod:Speed Training"],"picked":"Footwork","floor":16.0},{"not_picked":["Hololive_Psychosis","Hololive_Rebound","Hololive_Sequa","Hololive_RevenueBasedLive"],"picked":"SKIP","floor":16.0},{"not_picked":["Juggernaut","Immolate"],"picked":"Berserk","floor":18.0},{"not_picked":["Hololive_RevenueBasedLive","Hololive_Rebound","Replay:Sssssssssshield"],"picked":"Hololive_HuntDinosaur+1","floor":20.0},{"not_picked":["Crescendo+1","SashWhip","Judgement"],"picked":"SKIP","floor":20.0},{"not_picked":["Multi-Cast","REME_ForAll"],"picked":"ReplayTheSpireMod:Fabricate Wheel","floor":26.0},{"not_picked":["REME_PuzzleBox","Hololive_HighAtkLowDef","Secret Technique"],"picked":"Hololive_Thief","floor":26.0},{"not_picked":["Hololive_LuckPotion","Hololive_OvertimeWork","Hololive_CallShiroganeNoel"],"picked":"Hololive_CallRosalyn","floor":28.0},{"not_picked":["Sharp Hide","Hololive_Trident","Hololive_CallYuzukiChoco"],"picked":"expansioncontent:DefensiveMode","floor":29},{"not_picked":["Degenerate","Hololive_OvertimeWork","Hololive_Trident","Hololive_Sequa"],"picked":"SKIP","floor":29},{"not_picked":["Feint","Hololive_Recruit","The Bomb"],"picked":"ReplayUltimateDefense","floor":30},{"not_picked":["Thinking Ahead","Transmutation","Master of Strategy"],"picked":"ReplayTheSpireMod:Brewmster","floor":32},{"not_picked":["Hololive_CocoNews+1","Hololive_HuntDinosaur","Hololive_Watashimo"],"picked":"Hololive_CallTokinoSora","floor":33},{"not_picked":["Hololive_Sequa","Hololive_CallHoushouMarine","Hololive_FlyingPonyTail","expansioncontent:Flail"],"picked":"SKIP","floor":33},{"not_picked":["Hololive_Breathe","Hololive_Drill","Bandage Up","Hololive_Rebound"],"picked":"SKIP","floor":37},{"not_picked":["Hololive_Breathe","Assess+1","Hololive_CallKiryuuCoco","PlatinumSkin"],"picked":"SKIP","floor":37},{"not_picked":["Hololive_StrengthChampion","Dramatic Entrance","Hololive_CallKiryuuCoco"],"picked":"Hololive_Yoholoon","floor":40},{"not_picked":["Hololive_Sequa","Hololive_CallTsunomakiWatame","Hololive_CocoNews","Hololive_OpenUp"],"picked":"SKIP","floor":40},{"not_picked":["expansioncontent:DashGenerateEvil","REME_AllRoundStrike","REME_Flogging"],"picked":"Hololive_IdolExercise","floor":42},{"not_picked":["SuicideKing","hubris:EnhanceAbility","Secret Technique"],"picked":"REME_WheelOfFate","floor":44},{"not_picked":["Hololive_Recruit","Midas Touch","Metamorphosis","Violence"],"picked":"SKIP","floor":47},{"not_picked":["hubris:EnhanceAbility","Hololive_DiamondStrike","ChaosCard"],"picked":"Hololive_IdolExercise","floor":49},{"not_picked":["Hololive_FlyingPonyTail","Hololive_Breathe","Hololive_Rebound"],"picked":"Hololive_Sequa","floor":54},{"not_picked":["Hololive_RevenueBasedLive","expansioncontent:PolyBeam+1","Hololive_LuckPotion+1","Hololive_OvertimeWork+1"],"picked":"SKIP","floor":54},{"not_picked":["Hololive_CocoNews+1","expansioncontent:StudyTheSpire","Hololive_LuckPotion"],"picked":"Hololive_CallUsadaPekora","floor":55},{"not_picked":["Hololive_Sequa","ReplayTheSpireMod:Uncanny Aura","Hololive_CallMoonaHoshinova","Hololive_OvertimeWork"],"picked":"SKIP","floor":55},{"not_picked":["Hololive_RevenueBasedLive","Hololive_CallAkaiHaato","Hololive_FlyingPonyTail+1"],"picked":"ReplayTheSpireMod:Private Reserves+1","floor":59},{"not_picked":["Hololive_FlyingPonyTail","expansioncontent:Hexaburn","Hololive_Drill"],"picked":"Hololive_Breathe+1","floor":59},{"not_picked":["Master of Strategy","REME_WheelOfFate","expansioncontent:DashGenerateEvil"],"picked":"Hololive_DDD","floor":61},{"not_picked":["hubris:Ssssneak","REME_TwoStrings","hubris:Insight"],"picked":"expansioncontent:SuperHexaguard","floor":61},{"not_picked":["infinitespire:TheBestDefense","ReplayTheSpireMod:Chaos Vortex","hubris:Rewind"],"picked":"ReplayTheSpireMod:Black Plague","floor":61}],"player_experience":3994184,"relics_obtained":[{"floor":7.0,"key":"Bromod:ArcaneVictory"},{"floor":12.0,"key":"Hololive_FriedShrimpLion"},{"floor":13.0,"key":"Ring of Hypnosis"},{"floor":13.0,"key":"Ring of Misfortune"},{"floor":14.0,"key":"Potion Belt"},{"floor":26.0,"key":"reliquary:Knoch"},{"floor":28.0,"key":"SharpPlug"},{"floor":30,"key":"TheBean"},{"floor":32,"key":"reliquary:TuningFork"},{"floor":37,"key":"wanderingMiniBosses:MasterThiefsPresence"},{"floor":42,"key":"StuffTheSpire:HeavyRock"},{"floor":44,"key":"qcfpunch:Wrestler\u0027s_Cloak"},{"floor":45,"key":"PunchingBag"},{"floor":47,"key":"conspire:TopHat"},{"floor":49,"key":"Dota2Spire:PowerTreads"},{"floor":59,"key":"paleoftheancients:SoulOfTheHexaghost"}],"event_choices":[{"damage_healed":0.0,"max_hp_gain":0.0,"max_hp_loss":0.0,"gold_gain":0.0,"event_name":"Ghosts","player_choice":"Ignored","floor":23.0,"gold_loss":0.0,"damage_taken":0.0},{"damage_healed":0.0,"max_hp_gain":0.0,"max_hp_loss":0.0,"gold_gain":0.0,"event_name":"Upgrade Shrine","player_choice":"Upgraded","floor":24.0,"gold_loss":0.0,"damage_taken":0.0,"cards_upgraded":["REME_Flogging"]}],"is_beta":false,"boss_relics":[{"not_picked":["aspiration:SilentSkillbook","infinitespire:Cupcake"],"picked":"reliquary:Craggleroot"},{"not_picked":[]},{"not_picked":["energizedSpire:HugeHouse","halation:SmartPhone"],"picked":"ChewingGum"},{"not_picked":[]}],"items_purged_floors":[21],"is_endless":false,"potions_floor_spawned":[2,6,12,18,26,30,32,35,41,41,42,44,47,49,55],"killed_by":"paleoftheancients:N","ascension_level":20,"is_humility":true}}