{"host":"8nczvqy4wymjd7hn","time":1612854309,"event":{"mods":["BaseMod","Better Third Choice","Colored Powertips","Dark Map","Downfall","Minty Spire (QoL Compilation)","Replay The Spire","Shop Mod","StSLib"],"gold_per_floor":[113,131,131,147,147,147,147,95,118,137,156,156,168,114,114,114,114],"floor_reached":16,"language":"ENG","playtime":798,"items_purged":[],"score":92,"play_id":"caf08496-a623-4963-869a-b118e43a3805","local_time":"20210208230509","daily_mods":["Vintage","Heirloom"],"is_ascension_mode":false,"campfire_choices":[{"data":"Strike_R","floor":6,"key":"SMITH"},{"floor":12,"key":"REST"},{"floor":15,"key":"DIG"}],"circlet_count":0,"master_deck":["Strike_R+1","Strike_R","Strike_R","Strike_R","Strike_R","Defend_R+1","Defend_R","Defend_R","Defend_R","Bash+1","Seeing Red","Shrug It Off"],"relics":["Burning Blood","Pondfish Scales","Omamori","Juzu Bracelet","InkBottle","Blue Doll","Shovel","Girya","Replay:Mystery Machine","Frozen Egg 2"],"acts_visited":["Exordium"],"potions_floor_usage":[],"damage_taken":[{"damage":9,"enemies":"Cultist","floor":1,"turns":4},{"damage":15,"enemies":"Small Slimes","floor":2,"turns":4},{"damage":3,"enemies":"Jaw Worm","floor":4,"turns":5},{"damage":20,"enemies":"Lots of Slimes","floor":10,"turns":5},{"damage":9,"enemies":"Gremlin Gang","floor":11,"turns":6},{"damage":12,"enemies":"3 Louse","floor":13,"turns":4},{"damage":72,"enemies":"The Guardian","floor":16,"turns":11}],"seed_played":"2505040487278000374","potions_obtained":[{"floor":2,"key":"Elixir"},{"floor":4,"key":"Fire Potion"},{"floor":11,"key":"Energy Potion"}],"is_trial":true,"path_per_floor":["M","M","?","M","?","R","?","$","T","M","M","R","M","$","R","B"],"character_chosen":"IRONCLAD","items_purchased":["Seeing Red","Shrug It Off"],"campfire_rested":1,"item_purchase_floors":[8,14],"current_hp_per_floor":[77,68,68,71,71,71,71,71,71,57,54,78,72,72,72,0,0],"gold":114,"neow_bonus":"","is_daily":false,"chose_seed":false,"campfire_upgraded":1,"win_rate":0.0,"timestamp":1612854309,"path_taken":["M","M","?","M","?","R","?","$","T","M","M","R","M","?","R","BOSS"],"items_purchased_type":["Card","Card"],"build_version":"2020-12-22","purchased_purges":0,"victory":false,"max_hp_per_floor":[80,80,80,80,80,80,80,80,80,80,80,80,80,80,80,80,80],"card_choices":[],"player_experience":33610,"relics_obtained":[{"floor":1,"key":"Omamori"},{"floor":2,"key":"Juzu Bracelet"},{"floor":4,"key":"InkBottle"},{"floor":9,"key":"Blue Doll"},{"floor":10,"key":"Shovel"},{"floor":11,"key":"Girya"},{"floor":13,"key":"Replay:Mystery Machine"},{"floor":15,"key":"Frozen Egg 2"}],"event_choices":[{"damage_healed":0,"gold_gain":0,"player_choice":"Ignored","damage_taken":0,"max_hp_gain":0,"max_hp_loss":0,"event_name":"Golden Wing","floor":3,"gold_loss":0},{"damage_healed":0,"gold_gain":0,"player_choice":"Upgraded","damage_taken":0,"max_hp_gain":0,"max_hp_loss":0,"event_name":"Upgrade Shrine","floor":5,"gold_loss":0,"cards_upgraded":["Bash"]},{"damage_healed":0,"gold_gain":0,"player_choice":"Forge","damage_taken":0,"max_hp_gain":0,"max_hp_loss":0,"event_name":"Accursed Blacksmith","floor":7,"gold_loss":0,"cards_upgraded":["Defend_R"]}],"is_beta":false,"boss_relics":[],"items_purged_floors":[],"is_endless":false,"potions_floor_spawned":[2,4,11],"killed_by":"The Guardian","ascension_level":0}}