{"host":"5kerkh94hj8hofz6","time":1612860778,"event":{"mods":["AchievementEnabler","BaseMod","Colored Map","Colored Powertips","Highlight Path","Minty Spire (QoL Compilation)","StSLib","The Cursed","The Hierophant"],"gold_per_floor":[114,130,130,130,145,175,175,190,214,231,3,14,14,34,34,131,131,141,158,83,98,112,142,142,170,170,170,170],"floor_reached":27,"language":"ENG","playtime":1800,"items_purged":["TheCursedMod:Defend_TheCursed"],"score":365,"play_id":"40de64d1-7567-4460-9734-b3550620e472","local_time":"20210209215258","is_ascension_mode":true,"campfire_choices":[{"data":"TheCursedMod:CursedMace","floor":7.0,"key":"SMITH"},{"data":"TheCursedMod:CollectTribute","floor":13.0,"key":"SMITH"},{"floor":15.0,"key":"REST"},{"floor":24.0,"key":"REST"}],"circlet_count":0,"master_deck":["TheCursedMod:Strike_TheCursed","TheCursedMod:Strike_TheCursed","TheCursedMod:Strike_TheCursed","TheCursedMod:Strike_TheCursed","TheCursedMod:Defend_TheCursed","TheCursedMod:Defend_TheCursed","TheCursedMod:Defend_TheCursed","TheCursedMod:CursedWand","TheCursedMod:CleanUpWorkshop","TheCursedMod:Dregs","TheCursedMod:DemonSword","TheCursedMod:WearCloak","TheCursedMod:ManaCirculation","Pain","TheCursedMod:CursedShiv","TheCursedMod:CursedMace+1","TheCursedMod:CursedSpellbook","TheCursedMod:CollectTribute+1","TheCursedMod:LuckyCharm","TheCursedMod:StunningStrike","TheCursedMod:Obscuration","TheCursedMod:WearCloak","TheCursedMod:AntiAging"],"relics":["TheCursedMod:BlackMagic101","WarpedTongs","Centennial Puzzle","Happy Flower","Blood Vial","Sozu","Potion Belt","Bronze Scales","Ornamental Fan"],"acts_visited":["Exordium","TheCity"],"potions_floor_usage":[],"damage_taken":[{"damage":1.0,"enemies":"Cultist","floor":1.0,"turns":3.0},{"damage":3.0,"enemies":"Small Slimes","floor":2.0,"turns":4.0},{"damage":1.0,"enemies":"Jaw Worm","floor":5.0,"turns":3.0},{"damage":21.0,"enemies":"Gremlin Nob","floor":6.0,"turns":4.0},{"damage":5.0,"enemies":"Exordium Thugs","floor":8.0,"turns":3.0},{"damage":5.0,"enemies":"Large Slime","floor":10.0,"turns":4.0},{"damage":1.0,"enemies":"3 Louse","floor":12.0,"turns":2.0},{"damage":22.0,"enemies":"Exordium Thugs","floor":14.0,"turns":5.0},{"damage":6.0,"enemies":"The Guardian","floor":16.0,"turns":8.0},{"damage":4.0,"enemies":"Spheric Guardian","floor":18.0,"turns":4.0},{"damage":1.0,"enemies":"Shell Parasite","floor":19.0,"turns":3.0},{"damage":32.0,"enemies":"3 Cultists","floor":21.0,"turns":5.0},{"damage":14.0,"enemies":"Chosen and Byrds","floor":22.0,"turns":6.0},{"damage":23.0,"enemies":"Slavers","floor":23.0,"turns":7.0},{"damage":1.0,"enemies":"Book of Stabbing","floor":25.0,"turns":6.0},{"damage":44,"enemies":"Gremlin Leader","floor":27,"turns":6}],"seed_played":"1563179261929254976","potions_obtained":[{"floor":2.0,"key":"SneckoOil"},{"floor":5.0,"key":"Block Potion"},{"floor":8.0,"key":"Explosive Potion"},{"floor":12.0,"key":"Regen Potion"}],"is_trial":false,"path_per_floor":["M","M","?","?","M","E","R","M","T","M","$","M","R","M","R","B",null,"M","M","$","M","M","E","R","E","T","E"],"character_chosen":"THE_CURSED","items_purchased":["TheCursedMod:LuckyCharm","Blood Vial"],"campfire_rested":2,"item_purchase_floors":[11,11],"current_hp_per_floor":[74,71,71,71,70,49,49,44,44,39,39,40,40,20,42,38,75,71,72,72,42,30,11,34,37,37,0,0],"gold":170,"neow_bonus":"ONE_RANDOM_RARE_CARD","is_daily":false,"chose_seed":false,"campfire_upgraded":2,"win_rate":0.0,"timestamp":1612860778,"path_taken":["M","?","?","?","M","E","R","M","T","?","$","M","R","M","R","BOSS","M","M","$","M","M","E","R","E","T","E"],"items_purchased_type":["Card","Relic"],"build_version":"2020-12-22","purchased_purges":1,"victory":false,"max_hp_per_floor":[75,75,75,75,75,75,75,75,75,75,75,75,75,75,75,75,75,75,75,75,75,75,77,77,79,79,81,81],"card_choices":[{"not_picked":["TheCursedMod:Stretching","TheCursedMod:SmokeScreen"],"picked":"TheCursedMod:WearCloak","floor":1.0},{"not_picked":["TheCursedMod:CursedMace","TheCursedMod:CursedBlade"],"picked":"TheCursedMod:ManaCirculation","floor":2.0},{"not_picked":["TheCursedMod:Wield","TheCursedMod:ReleasedKnowledge"],"picked":"TheCursedMod:CursedShiv","floor":5.0},{"not_picked":["TheCursedMod:Stretching","TheCursedMod:CursedShiv"],"picked":"TheCursedMod:CursedMace","floor":6.0},{"not_picked":["TheCursedMod:TacticalStrike","TheCursedMod:CursedAmulet"],"picked":"TheCursedMod:CursedSpellbook","floor":8.0},{"not_picked":["TheCursedMod:SaltUponWound","TheCursedMod:Mangle"],"picked":"TheCursedMod:CollectTribute","floor":10.0},{"not_picked":["TheCursedMod:RavingStaff","TheCursedMod:CursedBlade","TheCursedMod:CircleOfFlame"],"picked":"SKIP","floor":12.0},{"not_picked":["TheCursedMod:CircleOfCorruption","TheCursedMod:RavingStaff","TheCursedMod:CursedBoomerang"],"picked":"SKIP","floor":14.0},{"not_picked":["TheCursedMod:NeowsMight","TheCursedMod:Neurasthenia"],"picked":"TheCursedMod:StunningStrike","floor":16.0},{"not_picked":["TheCursedMod:Stigma","TheCursedMod:SpitefulStrike"],"picked":"TheCursedMod:Obscuration","floor":18.0},{"not_picked":["TheCursedMod:Stigma","TheCursedMod:Wield+1"],"picked":"TheCursedMod:WearCloak","floor":19.0},{"not_picked":["TheCursedMod:Obscuration","TheCursedMod:CursedArmor","TheCursedMod:SaltUponWound"],"picked":"SKIP","floor":21.0},{"not_picked":["TheCursedMod:RapidMovement","TheCursedMod:SpreadPlague"],"picked":"TheCursedMod:AntiAging","floor":22.0},{"not_picked":["TheCursedMod:Obscuration","TheCursedMod:Torture","TheCursedMod:CursedAmulet"],"picked":"SKIP","floor":23.0},{"not_picked":["TheCursedMod:TacticalStrike","TheCursedMod:HellsGateOpen","TheCursedMod:SoulCrush"],"picked":"SKIP","floor":25.0}],"player_experience":423798,"relics_obtained":[{"floor":6.0,"key":"Centennial Puzzle"},{"floor":9.0,"key":"Happy Flower"},{"floor":23.0,"key":"Potion Belt"},{"floor":25.0,"key":"Bronze Scales"},{"floor":26.0,"key":"Ornamental Fan"}],"event_choices":[{"damage_healed":0.0,"max_hp_gain":0.0,"max_hp_loss":0.0,"gold_gain":0.0,"event_name":"Liars Game","player_choice":"Ignored","floor":3.0,"gold_loss":0.0,"damage_taken":0.0},{"damage_healed":0.0,"max_hp_gain":0.0,"max_hp_loss":0.0,"gold_gain":0.0,"event_name":"Accursed Blacksmith","player_choice":"Rummage","floor":4.0,"gold_loss":0.0,"damage_taken":0.0,"relics_obtained":["WarpedTongs"],"cards_obtained":["Pain"]}],"is_beta":false,"boss_relics":[{"not_picked":["Philosopher\u0027s Stone","Runic Pyramid"],"picked":"Sozu"}],"items_purged_floors":[20],"is_endless":false,"potions_floor_spawned":[2,5,8,12,21,23,25],"killed_by":"Gremlin Leader","ascension_level":2}}