{"host":"vyjryxuuuxkt43k4","time":1612835194,"event":{"mods":["AchievementEnabler","BaseMod","Colored Map","DeckTracker","Keyboard Shortcuts","Minty Spire (QoL Compilation)","Permanent Neow","Quick Restart","StSLib","SuperFastMode","everything is the same but u backflip on backflip"],"gold_per_floor":[119,119,38,58,73,73,148,148,148,168,1,19,35,69,69,145,145,163,163,182,182,182,182,194,194,271,271,282,306,306,306],"floor_reached":30,"language":"KOR","playtime":2917,"items_purged":[],"score":595,"play_id":"e55031ea-5353-46fe-bcea-ef29c5e6e786","local_time":"20210209104634","is_ascension_mode":true,"campfire_choices":[{"data":"Coolheaded","floor":6.0,"key":"SMITH"},{"data":"Dualcast","floor":8.0,"key":"SMITH"},{"data":"Defragment","floor":15.0,"key":"SMITH"},{"data":"Defragment","floor":23.0,"key":"SMITH"},{"floor":27.0,"key":"REST"}],"circlet_count":0,"master_deck":["AscendersBane","Strike_B","Strike_B","Strike_B","Strike_B","Defend_B","Defend_B+1","Defend_B+1","Zap","Dualcast+1","Coolheaded+1","Glacier","Rebound","Conserve Battery","Reinforced Body+1","BootSequence+1","Hologram+1","Defragment+1","Steam+1","Core Surge","Doom and Gloom","Defragment+1","Gash","Multi-Cast+1","Stack+1","Turbo+1","Compile Driver","RitualDagger","Ghostly+1","Ghostly+1","Ghostly+1","Heatsinks","Defragment"],"relics":["Cracked Core","Calipers","Toxic Egg 2","Orrery","Bottled Lightning","SacredBark","InkBottle","War Paint"],"acts_visited":["Exordium","TheCity"],"potions_floor_usage":[28,28],"damage_taken":[{"damage":3.0,"enemies":"2 Louse","floor":1.0,"turns":3.0},{"damage":0.0,"enemies":"Cultist","floor":4.0,"turns":5.0},{"damage":0.0,"enemies":"Jaw Worm","floor":5.0,"turns":6.0},{"damage":0.0,"enemies":"Blue Slaver","floor":10.0,"turns":5.0},{"damage":0.0,"enemies":"2 Fungi Beasts","floor":12.0,"turns":6.0},{"damage":1.0,"enemies":"3 Louse","floor":13.0,"turns":3.0},{"damage":0.0,"enemies":"3 Sentries","floor":14.0,"turns":8.0},{"damage":0.0,"enemies":"Hexaghost","floor":16.0,"turns":16.0},{"damage":3.0,"enemies":"Chosen","floor":18.0,"turns":8.0},{"damage":4.0,"enemies":"2 Thieves","floor":20.0,"turns":4.0},{"damage":27.0,"enemies":"Snecko","floor":24.0,"turns":18.0},{"damage":16,"enemies":"Shelled Parasite and Fungi","floor":28,"turns":5},{"damage":3,"enemies":"Book of Stabbing","floor":30,"turns":3}],"seed_played":"-9219384000441282445","potions_obtained":[{"floor":1.0,"key":"LiquidBronze"},{"floor":14.0,"key":"Swift Potion"},{"floor":16.0,"key":"FocusPotion"},{"floor":24.0,"key":"Energy Potion"}],"is_trial":false,"path_per_floor":["M","?","$","M","M","R","?","R","T","M","$","M","M","E","R","B",null,"M","?","M","?","?","R","M","?","T","R","M","T","E"],"character_chosen":"DEFECT","items_purchased":["Glacier","Orrery"],"campfire_rested":1,"item_purchase_floors":[3,11],"current_hp_per_floor":[43,43,43,43,43,43,32,32,32,32,32,32,31,31,31,31,61,58,58,54,48,35,35,8,8,8,18,2,2,0,0],"gold":306,"neow_bonus":"ONE_RARE_RELIC","is_daily":false,"chose_seed":false,"campfire_upgraded":4,"win_rate":0.0,"timestamp":1612835194,"path_taken":["M","?","$","?","M","R","?","R","T","M","$","M","M","E","R","BOSS","M","?","M","?","?","R","M","?","T","R","M","?","E"],"items_purchased_type":["Card","Relic"],"build_version":"2020-12-22","purchased_purges":0,"victory":false,"max_hp_per_floor":[71,71,71,71,71,71,71,71,71,71,71,71,71,71,71,71,71,71,71,71,71,35,35,35,35,35,35,35,35,35,35],"card_choices":[{"not_picked":["Hello World","Leap"],"picked":"Coolheaded","floor":1.0},{"not_picked":["Stack","Redo"],"picked":"Rebound","floor":4.0},{"not_picked":["Storm","Steam"],"picked":"Conserve Battery","floor":5.0},{"not_picked":["Redo+1","Chill+1"],"picked":"Reinforced Body+1","floor":10.0},{"not_picked":["Cold Snap","Go for the Eyes"],"picked":"BootSequence+1","floor":11.0},{"not_picked":["BootSequence+1","Amplify+1"],"picked":"Hologram+1","floor":11.0},{"not_picked":["Coolheaded+1","Lockon"],"picked":"Defragment","floor":11.0},{"not_picked":["Streamline","Gash"],"picked":"Steam+1","floor":11.0},{"not_picked":["Steam+1","Rebound"],"picked":"Core Surge","floor":11.0},{"not_picked":["Compile Driver","Barrage"],"picked":"Doom and Gloom","floor":12.0},{"not_picked":["Hologram+1","Turbo+1"],"picked":"Defragment","floor":13.0},{"not_picked":["Compile Driver","Hello World"],"picked":"Gash","floor":14.0},{"not_picked":["Buffer","Thunder Strike"],"picked":"Multi-Cast+1","floor":16.0},{"not_picked":["Heatsinks","Loop"],"picked":"Stack+1","floor":18.0},{"not_picked":["Lockon","Ball Lightning"],"picked":"Compile Driver","floor":20.0},{"not_picked":["Streamline","Rip and Tear+1"],"picked":"Heatsinks","floor":24.0},{"not_picked":["Go for the Eyes","Stack+1"],"picked":"Defragment","floor":28}],"player_experience":846845,"relics_obtained":[{"floor":9.0,"key":"Toxic Egg 2"},{"floor":14.0,"key":"Bottled Lightning"},{"floor":26.0,"key":"InkBottle"},{"floor":29,"key":"War Paint"}],"event_choices":[{"cards_removed":["Defend_B"],"damage_healed":0.0,"max_hp_gain":0.0,"max_hp_loss":0.0,"gold_gain":0.0,"event_name":"Bonfire Elementals","player_choice":"Offered Basic","floor":2.0,"gold_loss":0.0,"damage_taken":0.0},{"damage_healed":0.0,"max_hp_gain":0.0,"max_hp_loss":0.0,"gold_gain":75.0,"event_name":"World of Goop","player_choice":"Gather Gold","floor":7.0,"gold_loss":0.0,"damage_taken":11.0},{"damage_healed":0.0,"max_hp_gain":0.0,"max_hp_loss":0.0,"gold_gain":0.0,"event_name":"The Library","player_choice":"Read","floor":19.0,"gold_loss":0.0,"damage_taken":0.0,"cards_obtained":["Turbo"]},{"damage_healed":0.0,"max_hp_gain":0.0,"max_hp_loss":0.0,"gold_gain":0.0,"event_name":"Nest","player_choice":"Joined the Cult","floor":21.0,"gold_loss":0.0,"damage_taken":6.0,"cards_obtained":["RitualDagger"]},{"damage_healed":0.0,"max_hp_gain":0.0,"max_hp_loss":36.0,"gold_gain":0.0,"event_name":"Ghosts","player_choice":"Became a Ghost","floor":22.0,"gold_loss":0.0,"damage_taken":0.0,"cards_obtained":["Ghostly","Ghostly","Ghostly"]},{"damage_healed":0.0,"max_hp_gain":0.0,"max_hp_loss":0.0,"gold_gain":0.0,"event_name":"Cursed Tome","player_choice":"Ignored","floor":25.0,"gold_loss":0.0,"damage_taken":0.0}],"is_beta":false,"boss_relics":[{"not_picked":["Tiny House","Busted Crown"],"picked":"SacredBark"}],"items_purged_floors":[],"is_endless":false,"potions_floor_spawned":[1,14,16,24],"killed_by":"Book of Stabbing","ascension_level":19}}