{"host":"v8fyz8q94mb7vc4s","time":1612855526,"event":{"mods":["ATMod(阿瑾Mod)","Act Like it!","Arknights","BaseMod","BetterRewards","CapriCore","Custom Start","Gensokyo","Jedi Mod","Marisa（F雨　魔理沙）","Marked Mod","Minty Spire (QoL Compilation)","MostiFishMod","Pale of the Ancients","Quick Restart","Replay The Spire","RumiaBox-露米娅的神秘盒子","Shop Mod","Spicy Shops","StSLib","Td1madao Mod","The Immortal","The Servant 0.9.4","UnlockEverythingMod","Waifu the Spire","WarShipGirlsR/战舰少女R mod","Yakumo Yukari mod","noobMod","【遗物卡牌】REMEMod","残留之物"],"gold_per_floor":[109,120,311,486,502,531,259,287,287,300,375,21,21,50,50,149,149,164,175,50,83,83,111,111,111,137,164,181,213,227,237,237,338,338,358,12,12,25,41,41,76,92,92,103,103,121,147,160,160,160,160,160,110,136,136],"floor_reached":56,"language":"ZHS","playtime":1986,"items_purged":["ats:Strike C","Doubt","ats:True Silver Slash+1","ats:Armor Crushing Shot","Dazed","ats:True Silver Slash+1"],"score":1671,"play_id":"3fd36d90-c00e-4b82-a723-3cd0ce7bf71a","local_time":"20210209152526","is_ascension_mode":true,"campfire_choices":[{"floor":13.0,"key":"RECALL"},{"data":"ats:True Silver Slash","floor":15.0,"key":"SMITH"},{"data":"ats:Volcano","floor":25,"key":"SMITH"},{"data":"ats:Burning Ground","floor":32,"key":"SMITH"},{"data":"ats:Volcano","floor":40,"key":"SMITH"},{"data":"ats:Ignite","floor":45,"key":"SMITH"},{"data":"ats:Ignite","floor":49,"key":"SMITH"},{"data":"ats:Ignite","floor":52,"key":"SMITH"}],"circlet_count":0,"master_deck":["ats:Strike G","ats:Strike S","ats:Strike V","ats:Defend","ats:Defend","ats:Defend","ats:Defend","ats:Emotion Absorption","ats:Very Hot Blade","ats:Ignite+1","ats:Charging Defense+1","ats:Ignite+1","ats:Sunburst","ats:Thermite Blade","ats:Volcano+1","ats:Ignite+1","ats:Burning Ground+1","ats:Sunburst+1","ats:Ignite+1","ats:Volcano+1","ats:Burning Ground+1"],"relics":["ats:Sanity","ice","DaveBox","AT_ATBox","REME_ComplimentaryCards","NeowsBlessing","FeatherPendant","SynthV:TestCard","ats:Originium","Vajra","AT_EbonyIvory","jedi:bottledfury","Guide Book","Bronze Scales","jedi:hotpepper","Red Mask","Bottled Tornado","Enchiridion","Smiling Mask","Toy Ornithopter","ats:Spiritual Recovery","ats:Military Tradition","AT_ArchangelStaff","ats:Emergency Defibrillator","Juzu Bracelet","Strawberry"],"acts_visited":["Exordium","TheCity","TheBeyond","TheEnding"],"potions_floor_usage":[29,55,55,55],"damage_taken":[{"damage":0.0,"enemies":"Small Slimes","floor":1.0,"turns":1.0},{"damage":0.0,"enemies":"2 Louse","floor":2.0,"turns":1.0},{"damage":0.0,"enemies":"Jaw Worm","floor":5.0,"turns":1.0},{"damage":0.0,"enemies":"Lagavulin","floor":6.0,"turns":3.0},{"damage":6.0,"enemies":"Replay:BlueRogue","floor":8.0,"turns":3.0},{"damage":0.0,"enemies":"Large Slime","floor":10.0,"turns":2.0},{"damage":0.0,"enemies":"Gremlin Nob","floor":14.0,"turns":2.0},{"damage":0,"enemies":"Fading Forest","floor":16,"turns":11},{"damage":0,"enemies":"Spheric Guardian","floor":18,"turns":2},{"damage":0,"enemies":"Shell Parasite","floor":19,"turns":2},{"damage":0,"enemies":"Masked Bandits","floor":21,"turns":2},{"damage":0,"enemies":"Book of Stabbing","floor":23,"turns":2},{"damage":9,"enemies":"Replay:Snechameleon","floor":27,"turns":2},{"damage":0,"enemies":"Centurion and Healer","floor":28,"turns":3},{"damage":0,"enemies":"Slavers","floor":29,"turns":1},{"damage":5,"enemies":"Snake Plant","floor":30,"turns":2},{"damage":0,"enemies":"Sentry and Sphere","floor":31,"turns":2},{"damage":14,"enemies":"Automaton","floor":33,"turns":4},{"damage":0,"enemies":"Orb Walker","floor":35,"turns":1},{"damage":0,"enemies":"3 Darklings","floor":38,"turns":1},{"damage":0,"enemies":"4 Shapes","floor":39,"turns":2},{"damage":0,"enemies":"Reptomancer","floor":41,"turns":2},{"damage":0,"enemies":"Transient","floor":42,"turns":5},{"damage":0,"enemies":"Maw","floor":44,"turns":3},{"damage":10,"enemies":"Jaw Worm Horde","floor":46,"turns":2},{"damage":0,"enemies":"R_Hoarder","floor":47,"turns":2},{"damage":0,"enemies":"Transient","floor":48,"turns":5},{"damage":31,"enemies":"Awakened One","floor":50,"turns":5},{"damage":0,"enemies":"Shield and Spear","floor":54,"turns":2},{"damage":52,"enemies":"The Heart","floor":55,"turns":6}],"seed_played":"-2775479658594356761","potions_obtained":[{"floor":5.0,"key":"GamblersBrew"},{"floor":10.0,"key":"Weak Potion"},{"floor":16,"key":"ats:Burn Small Potion"},{"floor":21,"key":"Block Potion"},{"floor":27,"key":"ats:Flame Arts Potion"},{"floor":33,"key":"Energy Potion"}],"is_trial":false,"path_per_floor":["M","M","?","?","M","E","$","E","T","M","?","$","R","E","R","B",null,"M","M","$","?","?","E","?","R","T","E","M","E","M","M","R","B",null,"M","$","?","M","M","R","E","M","T","M","R","M","E","M","R","B",null,"R","$","E","B",null],"character_chosen":"DOCTOR_CLASS","items_purchased":["ats:Sunburst","AT_EbonyIvory","ats:Thermite Blade","Guide Book","ats:Military Tradition"],"campfire_rested":0,"item_purchase_floors":[7,7,12,12,36],"current_hp_per_floor":[72,72,72,72,72,72,72,66,66,66,55,55,55,55,55,72,54,54,54,54,54,54,54,38,38,38,29,29,34,29,29,29,15,54,54,54,54,54,54,54,54,54,54,54,54,44,44,44,44,40,54,54,54,58,82],"gold":136,"neow_bonus":"THREE_ENEMY_KILL","is_daily":false,"chose_seed":false,"campfire_upgraded":7,"win_rate":0.0,"timestamp":1612855526,"path_taken":["M","M","?","?","M","E","$","E","T","M","?","$","R","E","R","BOSS","M","M","$","?","?","E","?","R","T","E","M","E","M","M","R","BOSS","M","$","?","M","M","R","E","M","T","?","R","M","E","M","R","BOSS","R","$","E","BOSS"],"items_purchased_type":["Card","Relic","Card","Relic","Relic"],"build_version":"2020-12-22","purchased_purges":6,"victory":true,"max_hp_per_floor":[72,72,72,72,72,72,72,72,72,72,72,72,72,72,72,72,54,54,54,54,54,54,54,54,54,54,54,54,54,54,54,54,54,54,54,54,54,54,54,54,54,54,54,54,54,54,54,54,54,54,54,54,54,58,90],"card_choices":[{"not_picked":["ats:Literary Storm","ats:Hammer On"],"picked":"ats:Very Hot Blade","floor":1.0},{"not_picked":["ats:Support Order","ats:Assault Order","ats:Closed Bolt Burst Fire","ats:Curse Doll"],"picked":"ats:Ignite","floor":2.0},{"not_picked":["ats:Durian","ats:Shell Defense","ats:Absolute Focus","ats:Assault Order"],"picked":"ats:Charging Defense","floor":3.0},{"not_picked":["ats:Rapid Magazine","ats:Closed Bolt Burst Fire","ats:Very Hot Blade","ats:Blood Oath"],"picked":"ats:Ignite","floor":5.0},{"not_picked":["ats:Thorns","ats:Blood Oath","ats:Guard Mode","ats:Support Order"],"picked":"ats:True Silver Slash","floor":6.0},{"not_picked":["ats:Directed Diagnosis","ats:Shell Defense","ats:Serious Mode","ats:Powerful Strike","ats:Very Hot Blade"],"picked":"SKIP","floor":8.0},{"not_picked":["ats:Literary Storm","ats:Cat Scratch","ats:Assault Order","ats:Beaten Up","ats:Curse Doll"],"picked":"SKIP","floor":10.0},{"not_picked":["ats:Charging Defense","ats:Guard Mode","ats:Curse Doll","ats:Ignite"],"picked":"ats:True Silver Slash","floor":14.0},{"not_picked":["ats:Rat Pack","ats:Soul Rend","ats:Durian","ats:Disruption Kick"],"picked":"ats:Volcano","floor":16},{"not_picked":["ats:Powerful Strike","ats:Defend Order","ats:Leaping Hammer+1","ats:Hammer On"],"picked":"ats:Ignite+1","floor":18},{"not_picked":["ats:Flexible Camouflage+1","ats:Guardian Obelisk+1","ats:Healing Strengthening","ats:Curse Doll+1"],"picked":"ats:Burning Ground","floor":19},{"not_picked":["ats:Serious Mode","ats:Very Hot Blade","ats:Absolute Focus+1","ats:Blood Oath+1"],"picked":"ats:Sunburst+1","floor":21},{"not_picked":["ats:Shell Defense","ats:Sword Rain","ats:Support Order","ats:Chain Hook+1","ats:Thorns+1"],"picked":"SKIP","floor":23},{"not_picked":["ats:Explosion Area Strengthen+1","ats:Encircling Forest","ats:Cat Scratch","ats:Magnetic Hammer"],"picked":"ats:Ignite","floor":27},{"not_picked":["ats:Automatic Cover","ats:Apocalypse","ats:Flexible Camouflage+1","ats:Closed Bolt Burst Fire+1","ats:Healing Drone"],"picked":"SKIP","floor":28},{"not_picked":["ats:Defend Order","ats:Nebulous Foxfire","ats:Revitalization+1","ats:Consecutive Shot Auto","ats:Shell Defense+1"],"picked":"SKIP","floor":29},{"not_picked":["ats:Apocalypse","ats:Ignite","ats:Closed Bolt Burst Fire+1","ats:Sashimi Platter"],"picked":"ats:Volcano","floor":30},{"not_picked":["ats:Absolute Focus","ats:Consecutive Shot Auto","ats:Red Shift","ats:Assault Order","ats:Shell Defense"],"picked":"SKIP","floor":31},{"not_picked":["ats:Hook Shot+1","ats:Song Of Battle","ats:Curse Doll+1","ats:Flexible Camouflage+1","ats:Ignite"],"picked":"SKIP","floor":35},{"not_picked":["ats:Poison Spread","ats:Burning Ground+1","ats:Consecutive Shot Auto+1","ats:Part Time Job+1","ats:Flexible Camouflage+1"],"picked":"SKIP","floor":38},{"not_picked":["ats:Poison Spread","ats:Very Hot Blade","ats:Defend Order","ats:Demon Strength","ats:Revitalization+1"],"picked":"SKIP","floor":39},{"not_picked":["ats:Support Order","ats:Ignite+1","ats:Rapid Magazine+1","ats:Echo Reverb","ats:Demon Strength+1"],"picked":"SKIP","floor":41},{"not_picked":["ats:Poison Spread+1","ats:Charging Defense","ats:Cat Scratch+1","ats:Consecutive Shot Auto+1","ats:Assault Order+1"],"picked":"SKIP","floor":42},{"not_picked":["ats:Shell Defense+1","ats:Shadow Raid","ats:Flexible Camouflage+1","ats:Blood Oath+1","ats:Guard Mode"],"picked":"SKIP","floor":44},{"not_picked":["ats:Absolute Focus+1","ats:Blood Oath","ats:Cat Scratch","ats:Apocalypse","ats:Literary Storm+1"],"picked":"SKIP","floor":46},{"not_picked":["ats:Ignite+1","ats:Echo Reverb","ats:Revitalization","ats:Poison Spread+1","ats:Soul Absorption"],"picked":"SKIP","floor":47},{"not_picked":["ats:Consecutive Shot Auto","ats:Explosion Area Strengthen+1","ats:Spore Proliferation+1","ats:Blood Oath","ats:Assault Order"],"picked":"SKIP","floor":48},{"not_picked":["ats:Charging Defense+1","ats:Cat Scratch+1","ats:Neurotoxin","ats:True Silver Slash"],"picked":"ats:Burning Ground+1","floor":54}],"player_experience":369808,"relics_obtained":[{"floor":1.0,"key":"SynthV:TestCard"},{"floor":6.0,"key":"ats:Originium"},{"floor":6.0,"key":"Vajra"},{"floor":8.0,"key":"ats:Originium"},{"floor":8.0,"key":"jedi:bottledfury"},{"floor":14.0,"key":"ats:Originium"},{"floor":14.0,"key":"Bronze Scales"},{"floor":21,"key":"Red Mask"},{"floor":23,"key":"ats:Originium"},{"floor":23,"key":"Bottled Tornado"},{"floor":24,"key":"Enchiridion"},{"floor":26,"key":"Smiling Mask"},{"floor":27,"key":"Toy Ornithopter"},{"floor":29,"key":"ats:Spiritual Recovery"},{"floor":41,"key":"AT_ArchangelStaff"},{"floor":43,"key":"ats:Emergency Defibrillator"},{"floor":47,"key":"Juzu Bracelet"},{"floor":54,"key":"Strawberry"}],"event_choices":[{"damage_healed":0.0,"max_hp_gain":0.0,"max_hp_loss":0.0,"gold_gain":175.0,"event_name":"Liars Game","player_choice":"AGREE","floor":4.0,"gold_loss":0.0,"damage_taken":0.0,"cards_obtained":["Doubt"]},{"damage_healed":0.0,"max_hp_gain":0.0,"max_hp_loss":0.0,"gold_gain":75.0,"event_name":"World of Goop","player_choice":"Gather Gold","floor":11.0,"gold_loss":0.0,"damage_taken":11.0},{"damage_healed":0,"gold_gain":0,"player_choice":"Fought Bandits","damage_taken":0,"max_hp_gain":0,"max_hp_loss":0,"event_name":"Masked Bandits","floor":21,"gold_loss":0},{"damage_healed":0,"gold_gain":0,"player_choice":"Obtained Book","damage_taken":16,"max_hp_gain":0,"max_hp_loss":0,"event_name":"Cursed Tome","floor":24,"gold_loss":0},{"damage_healed":0,"gold_gain":0,"player_choice":"Got Potions","damage_taken":0,"max_hp_gain":0,"max_hp_loss":0,"event_name":"Lab","floor":37,"gold_loss":0}],"is_beta":false,"boss_relics":[{"not_picked":["PatriotShield","BloodWine"],"picked":"jedi:hotpepper"},{"not_picked":["Pandora\u0027s Box","Painkiller Herb","Cursed Key"]}],"items_purged_floors":[7,12,20,36,36,53],"is_endless":false,"potions_floor_spawned":[5,8,10,16,21,27,28,30,33,35,38,39,42,48,54],"ascension_level":1}}