{"host":"sum4dy402bbv9y4o","time":1612905156,"event":{"mods":["Aspiration","BaseMod","Conspire","Highlight Path","Minty Spire (QoL Compilation)","StSLib"],"gold_per_floor":[114,114,31,31,51,51,71,103,103,103,103,133,7,41,41,117,117,132,39,39,58,4,4,29,29,54,54,71,71,99,117,117,117,117],"floor_reached":33,"language":"ENG","playtime":750,"items_purged":["Injury"],"score":823,"play_id":"72611f53-6849-4306-a1ae-c5eb434d8487","local_time":"20210210001236","is_ascension_mode":true,"campfire_choices":[{"data":"Eruption","floor":6,"key":"SMITH"},{"data":"Wallop","floor":15,"key":"SMITH"},{"data":"Rage","floor":23,"key":"SMITH"},{"data":"Rage","floor":27,"key":"SMITH"},{"data":"Berserk","floor":29,"key":"SMITH"},{"floor":32,"key":"REST"}],"circlet_count":0,"master_deck":["AscendersBane","conspire:GhostlyStrike","conspire:GhostlyStrike","conspire:GhostlyStrike","conspire:GhostlyDefend","conspire:GhostlyDefend","conspire:GhostlyDefend","conspire:GhostlyDefend","Eruption+1","Vigilance","BattleHymn","Wallop+1","Conclude+1","FlurryOfBlows+1","FlurryOfBlows+1","CarveReality+1","BowlingBash+1","TalkToTheHand+1","DeusExMachina","Rage+1","Rage+1","Twin Strike+1","TalkToTheHand+1","Berserk+1","FearNoEvil+1","TalkToTheHand+1","SandsOfTime+1"],"relics":["PureWater","NeowsBlessing","Molten Egg 2","Blood Vial","Centennial Puzzle","Pen Nib","Juzu Bracelet","aspiration:IroncladSkillbook","Happy Flower","aspiration:RitualStick","Nunchaku","Boot"],"acts_visited":["Exordium","TheCity"],"potions_floor_usage":[8,12,14,24,24,30,31],"damage_taken":[{"damage":0,"enemies":"2 Louse","floor":1,"turns":1},{"damage":0,"enemies":"Small Slimes","floor":5,"turns":2},{"damage":0,"enemies":"Cultist","floor":7,"turns":1},{"damage":22,"enemies":"Gremlin Nob","floor":8,"turns":4},{"damage":2,"enemies":"3 Sentries","floor":12,"turns":2},{"damage":0,"enemies":"Lagavulin","floor":14,"turns":2},{"damage":0,"enemies":"Slime Boss","floor":16,"turns":4},{"damage":3,"enemies":"Chosen","floor":18,"turns":3},{"damage":0,"enemies":"3 Byrds","floor":21,"turns":3},{"damage":6,"enemies":"Slavers","floor":24,"turns":4},{"damage":10,"enemies":"Snake Plant","floor":28,"turns":4},{"damage":5,"enemies":"Gremlin Leader","floor":30,"turns":5},{"damage":6,"enemies":"Snecko","floor":31,"turns":3},{"damage":70,"enemies":"conspire:MysteriousRune","floor":33,"turns":4}],"seed_played":"5791718776478255130","potions_obtained":[{"floor":1,"key":"DuplicationPotion"},{"floor":8,"key":"CultistPotion"},{"floor":12,"key":"FearPotion"},{"floor":18,"key":"PowerPotion"},{"floor":28,"key":"Block Potion"},{"floor":30,"key":"Swift Potion"}],"is_trial":false,"path_per_floor":["M","?","$","?","M","R","M","E","T","?","?","E","$","E","R","B",null,"M","$","?","M","$","R","E","?","T","R","M","R","E","M","R","B"],"character_chosen":"WATCHER","items_purchased":["Wallop","BowlingBash+1","Rage","Twin Strike+1","Weak Potion"],"campfire_rested":1,"item_purchase_floors":[3,13,19,19,22],"current_hp_per_floor":[61,54,54,54,54,54,54,32,32,32,28,28,28,30,30,32,59,62,62,62,68,68,68,66,49,49,49,45,45,46,46,66,0,0],"gold":117,"neow_bonus":"THREE_ENEMY_KILL","is_daily":false,"chose_seed":false,"campfire_upgraded":5,"win_rate":0.0,"timestamp":1612905156,"path_taken":["M","?","$","?","M","R","M","E","T","?","?","E","$","E","R","BOSS","M","$","?","M","?","R","E","?","T","R","M","R","E","M","R","BOSS"],"items_purchased_type":["Card","Card","Card","Card","Potion"],"build_version":"2020-12-22","purchased_purges":1,"victory":false,"max_hp_per_floor":[68,68,68,68,68,68,68,68,68,68,68,68,68,68,68,68,68,68,68,68,68,68,68,68,68,68,68,68,68,68,68,68,68,68],"card_choices":[{"not_picked":["Fasting2","Prostrate"],"picked":"BattleHymn","floor":1},{"not_picked":["EmptyBody","FlyingSleeves+1"],"picked":"Conclude+1","floor":5},{"not_picked":["BowlingBash+1","Study"],"picked":"FlurryOfBlows+1","floor":7},{"not_picked":["Sanctity","PathToVictory"],"picked":"FlurryOfBlows+1","floor":8},{"not_picked":["WaveOfTheHand","FollowUp+1"],"picked":"CarveReality+1","floor":12},{"not_picked":["WheelKick+1","ForeignInfluence"],"picked":"TalkToTheHand+1","floor":14},{"not_picked":["Establishment","Alpha"],"picked":"DeusExMachina","floor":16},{"not_picked":["Second Wind","Thunderclap+1","Flex"],"picked":"Rage","floor":18},{"not_picked":["Weave+1","Nirvana","Heavy Blade+1","WindmillStrike+1"],"picked":"SKIP","floor":21},{"not_picked":["Evaluate","Fasting2","JustLucky+1"],"picked":"Berserk","floor":24},{"not_picked":["JustLucky+1","Crescendo","Halt"],"picked":"FearNoEvil+1","floor":28},{"not_picked":["conspire:ExplosiveBarrier","Conclude+1","Thunderclap+1"],"picked":"TalkToTheHand+1","floor":30},{"not_picked":["ForeignInfluence","Shrug It Off+1","Clash+1"],"picked":"SandsOfTime+1","floor":31}],"player_experience":3081397,"relics_obtained":[{"floor":8,"key":"Blood Vial"},{"floor":9,"key":"Centennial Puzzle"},{"floor":12,"key":"Pen Nib"},{"floor":14,"key":"Juzu Bracelet"},{"floor":24,"key":"Happy Flower"},{"floor":26,"key":"Nunchaku"},{"floor":30,"key":"Boot"}],"event_choices":[{"cards_removed":["Strike_P"],"damage_healed":0,"gold_gain":0,"player_choice":"Card Removal","damage_taken":7,"max_hp_gain":0,"max_hp_loss":0,"event_name":"Golden Wing","floor":2,"gold_loss":0},{"damage_healed":0,"gold_gain":0,"player_choice":"Agree","damage_taken":0,"max_hp_gain":0,"max_hp_loss":0,"event_name":"conspire:LoneGhost","floor":10,"gold_loss":0},{"damage_healed":0,"gold_gain":0,"player_choice":"Leave","damage_taken":0,"max_hp_gain":0,"max_hp_loss":0,"event_name":"conspire:Investor","floor":11,"gold_loss":0},{"damage_healed":0,"gold_gain":0,"player_choice":"Copied","damage_taken":0,"max_hp_gain":0,"max_hp_loss":0,"event_name":"Duplicator","floor":20,"gold_loss":0,"cards_obtained":["TalkToTheHand"]}],"is_beta":false,"boss_relics":[{"not_picked":["conspire:SeveredTorchhead","aspiration:RunicSpoon"],"picked":"aspiration:IroncladSkillbook"}],"items_purged_floors":[13],"is_endless":false,"potions_floor_spawned":[1,8,12,18,28,30],"killed_by":"conspire:MysteriousRune","ascension_level":20}}