{"host":"b7dyfc527bmrkvbm","time":1612874062,"event":{"mods":["2.2 Compatiblity","Act Like it!","BaseMod","BetterRewards","Conspire","Downfall","Hubris","Infinite Spire","Mimic Mod","Minty Spire (QoL Compilation)","Replay The Spire","Shop Mod","StSLib","The Jungle"],"gold_per_floor":[99,111,211,263,363,263,263,308,331,358,158,188,15,52,82,203,203,203,237,269,308,346,346,346,379,410,410,410,410],"floor_reached":27,"language":"ENG","playtime":4906,"items_purged":[],"score":269,"play_id":"1c44c593-2c6f-4f65-bb31-9296a4e6d9c7","local_time":"20210209073422","is_ascension_mode":false,"campfire_choices":[{"floor":1,"key":"RECALL"},{"floor":6,"key":"REST"},{"data":"hexamod:ForkedFlame","floor":11,"key":"SMITH"},{"data":"hexamod:GiftsFromTheDead","floor":18,"key":"SMITH"},{"data":"hexamod:SpectralAdrenaline","floor":23,"key":"SMITH"}],"circlet_count":0,"master_deck":["hexamod:Strike","hexamod:Strike+1","hexamod:Strike","hexamod:Strike","hexamod:Defend","hexamod:Defend","hexamod:Defend","hexamod:Defend","hexamod:Sear","hexamod:Float+1","hexamod:Rewind","hexamod:SpectralAdrenaline+1","hexamod:Sear","hexamod:BacktrackSmack","hexamod:GhostflameBarrier","hexamod:ForkedFlame+1","Enlightenment","hubris:Greed","hexamod:FastForward","hubris:Greed","hexamod:RetreatToShadows+1","hexamod:GiftsFromTheDead+1","hubris:Greed","hexamod:Hexaguard","hubris:Greed","hexamod:Hexaguard","hexamod:DynamicBlow","hexamod:FifthSeal","hexamod:SixthSeal","hexamod:SpectersWail+1","hexamod:FourthSeal","hexamod:GhostShield","hexamod:ThirdSeal","hexamod:Haunt","hexamod:FlamesFromBeyond","hexamod:FirstSeal","hexamod:GhostShield","hexamod:ForkedFlame","hexamod:NightmareGuise"],"relics":["Painkiller Herb","conspire:DeflatedDodgeball","downfall:GremlinSack","downfall:HeartBlessingRed","Replay:Bottled Flurry","downfall:HeartBlessingGreen","downfall:HeartBlessingBlue","MerchantsRug","hubris:Backtick","Bird Faced Urn","Gremlin Food"],"acts_visited":["Exordium","TheCity"],"potions_floor_usage":[5,16,25,26,27,27],"damage_taken":[{"damage":0,"enemies":"2 Louse","floor":2,"turns":2},{"damage":24,"enemies":"2 Louse","floor":5,"turns":5},{"damage":12,"enemies":"3 Sentries","floor":8,"turns":6},{"damage":1,"enemies":"Jaw Worm","floor":9,"turns":2},{"damage":1,"enemies":"Cultist","floor":10,"turns":3},{"damage":8,"enemies":"3 Louse","floor":12,"turns":3},{"damage":6,"enemies":"downfall:FleeingMerchant","floor":13,"turns":4},{"damage":11,"enemies":"Exordium Wildlife","floor":14,"turns":4},{"damage":1,"enemies":"Exordium Thugs","floor":15,"turns":2},{"damage":21,"enemies":"IC_STATUS_ARCHETYPE","floor":16,"turns":6},{"damage":7,"enemies":"Spheric Guardian","floor":19,"turns":3},{"damage":13,"enemies":"Centurion and Healer","floor":20,"turns":8},{"damage":9,"enemies":"Snake Plant","floor":21,"turns":3},{"damage":15,"enemies":"3 Cultists","floor":22,"turns":6},{"damage":30,"enemies":"Shelled Parasite and Fungi","floor":25,"turns":6},{"damage":30,"enemies":"Centurion and Healer","floor":26,"turns":5},{"damage":13,"enemies":"Nightmare","floor":27,"turns":2}],"seed_played":"8677836530623978685","potions_obtained":[{"floor":4,"key":"hexamod:InfernoChargePotion"},{"floor":8,"key":"Block Potion"},{"floor":9,"key":"Strength Potion"},{"floor":12,"key":"Strength Potion"},{"floor":15,"key":"Regen Potion"},{"floor":21,"key":"Ancient Potion"},{"floor":21,"key":"Elixir"},{"floor":22,"key":"SteroidPotion"},{"floor":25,"key":"Block Potion"},{"floor":26,"key":"Energy Potion"}],"is_trial":false,"path_per_floor":["T","?","?","?","?","T","T","E","?","?","T","?","T","?","?","B",null,"T","?","?","?","?","T","T","?","?","NM"],"character_chosen":"THE_SPIRIT","items_purchased":["MerchantsRug","hexamod:Hexaguard"],"campfire_rested":1,"item_purchase_floors":[13,13],"current_hp_per_floor":[70,70,70,42,18,39,39,27,26,25,35,27,21,10,9,3,80,80,73,64,57,48,48,48,26,9,0,0,0],"gold":410,"neow_bonus":"BOSS_RELIC","is_daily":false,"chose_seed":false,"campfire_upgraded":3,"win_rate":0.0,"timestamp":1612874062,"path_taken":["T","?","?","?","?","T","T","E","?","?","T","?","T","?","?","BOSS","T","?","?","?","?","T","T","?","?","NM"],"items_purchased_type":["Relic","Card"],"build_version":"2020-12-22","purchased_purges":0,"victory":false,"max_hp_per_floor":[70,70,70,70,70,70,70,70,70,70,80,80,80,80,80,80,80,80,80,80,80,80,80,80,80,80,80,80,80],"card_choices":[{"not_picked":["hexamod:AdvancingGuard","hexamod:BacktrackSmack"],"picked":"hexamod:Rewind","floor":2},{"not_picked":["hexamod:BurningTouch","hexamod:SpectersWail"],"picked":"hexamod:SpectralAdrenaline","floor":4},{"not_picked":["hexamod:Incineration","hexamod:DynamicBlow"],"picked":"hexamod:FastForward","floor":5},{"not_picked":["hexamod:PhantomFireball","hexamod:Firestarter","hexamod:InspiringFlames"],"picked":"SKIP","floor":8},{"not_picked":["hexamod:HauntingEcho","hexamod:SwordOfDarkness"],"picked":"hexamod:RetreatToShadows","floor":9},{"not_picked":["hexamod:HeatCrush","hexamod:GhostOfSpireFuture"],"picked":"hexamod:GiftsFromTheDead","floor":10},{"not_picked":["hexamod:NecessarySacrifice","hexamod:ShieldOfDarkness"],"picked":"hexamod:Hexaguard","floor":12},{"not_picked":["hexamod:HeatCrush","hexamod:EmpoweredFlame","hexamod:SwordOfDarkness"],"picked":"SKIP","floor":13},{"not_picked":["hexamod:SpectralAdrenaline","hexamod:Hexaguard"],"picked":"hexamod:DynamicBlow","floor":14},{"not_picked":["hexamod:SoulSteal","hexamod:DynamicBlow","hexamod:HeatMetal"],"picked":"SKIP","floor":15},{"not_picked":["hexamod:GhostflameInferno","hexamod:TimeOfNeed"],"picked":"hexamod:FifthSeal","floor":16},{"not_picked":["hexamod:FirstSeal","hexamod:FourthSeal"],"picked":"hexamod:SixthSeal","floor":19},{"not_picked":["hexamod:GhostLash","hexamod:NightmareGuise"],"picked":"hexamod:SpectersWail+1","floor":19},{"not_picked":["hexamod:SecondSeal","hexamod:FirstSeal"],"picked":"hexamod:FourthSeal","floor":20},{"not_picked":["hexamod:HauntingEcho+1","hexamod:HeatCrush","hexamod:HeatMetal+1"],"picked":"SKIP","floor":20},{"not_picked":["hexamod:NightmareStrike+1","hexamod:BacktrackSmack+1"],"picked":"hexamod:GhostShield","floor":21},{"not_picked":["hexamod:SixthSeal","hexamod:SecondSeal"],"picked":"hexamod:ThirdSeal","floor":22},{"not_picked":["hexamod:ShieldOfDarkness","hexamod:InspiringFlames+1"],"picked":"hexamod:Haunt","floor":22},{"not_picked":["hexamod:Incineration","hexamod:StepThrough+1"],"picked":"hexamod:FlamesFromBeyond","floor":25},{"not_picked":["hexamod:FourthSeal","hexamod:SixthSeal"],"picked":"hexamod:FirstSeal","floor":25},{"not_picked":["hexamod:EmpoweredFlame","hexamod:ThirdSeal"],"picked":"hexamod:GhostShield","floor":25},{"not_picked":["hexamod:SpectralAdrenaline+1","hexamod:FourthSeal"],"picked":"hexamod:ForkedFlame","floor":26},{"not_picked":["hexamod:SkipABeat+1","hexamod:HauntingEcho+1"],"picked":"hexamod:NightmareGuise","floor":26}],"player_experience":362620,"relics_obtained":[{"floor":4,"key":"conspire:DeflatedDodgeball"},{"floor":5,"key":"downfall:GremlinSack"},{"floor":8,"key":"Replay:Bottled Flurry"},{"floor":24,"key":"Gremlin Food"}],"event_choices":[],"is_beta":false,"boss_relics":[{"not_picked":["Busted Crown","Snecko Eye"],"picked":"hubris:Backtick"}],"items_purged_floors":[],"is_endless":false,"potions_floor_spawned":[8,9,12,15,21,26],"killed_by":"Nightmare","ascension_level":0}}