{"host":"a1eatafr7pisesky","time":1612862407,"event":{"mods":["AchievementEnabler","BaseMod","Colored Map","Keyboard Shortcuts","Minty Spire (QoL Compilation)","Say the Spire","StSLib","SuperFastMode","everything is the same but u backflip on backflip"],"gold_per_floor":[116,66,66,66,3,3,34,53,53,53,64,96,96,130,130,206,206,225,30,45,60,110,110,13,48,48,74,54,54,68,68,118,118,118,118],"floor_reached":34,"language":"KOR","playtime":627,"items_purged":["Strike_G"],"score":663,"play_id":"abc8366c-cd74-42f6-bc1f-709226cc15d9","local_time":"20210209182007","is_ascension_mode":true,"campfire_choices":[{"data":"Neutralize","floor":6.0,"key":"SMITH"},{"floor":10.0,"key":"REST"},{"data":"Dagger Spray","floor":13.0,"key":"SMITH"},{"floor":15.0,"key":"REST"},{"data":"Cloak And Dagger","floor":23.0,"key":"SMITH"},{"data":"Night Terror","floor":29.0,"key":"SMITH"},{"data":"Blade Dance","floor":33.0,"key":"SMITH"}],"circlet_count":0,"master_deck":["AscendersBane","Strike_G+1","Strike_G","Strike_G","Defend_G","Defend_G","Defend_G","Defend_G","Defend_G","Survivor","Neutralize+1","Poisoned Stab+1","Noxious Fumes","Dagger Spray+1","Blade Dance+1","PiercingWail","Poisoned Stab+1","After Image","Blade Dance","Blur","Cloak And Dagger+1","Blade Dance","Backflip+1","Night Terror+1"],"relics":["Ring of the Snake","NeowsBlessing","Letter Opener","Pen Nib","Gambling Chip","Bottled Lightning","Molten Egg 2","WristBlade","PreservedInsect","Juzu Bracelet","Frozen Egg 2","Bird Faced Urn"],"acts_visited":["Exordium","TheCity"],"potions_floor_usage":[34],"damage_taken":[{"damage":0.0,"enemies":"Small Slimes","floor":1.0,"turns":1.0},{"damage":0.0,"enemies":"Lagavulin","floor":7.0,"turns":1.0},{"damage":0.0,"enemies":"2 Louse","floor":8.0,"turns":1.0},{"damage":4.0,"enemies":"Jaw Worm","floor":11.0,"turns":4.0},{"damage":0.0,"enemies":"Gremlin Nob","floor":12.0,"turns":4.0},{"damage":19.0,"enemies":"3 Sentries","floor":14.0,"turns":5.0},{"damage":4.0,"enemies":"Slime Boss","floor":16.0,"turns":6.0},{"damage":0.0,"enemies":"Chosen","floor":18.0,"turns":4.0},{"damage":4.0,"enemies":"Shell Parasite","floor":20.0,"turns":5.0},{"damage":7.0,"enemies":"Snecko","floor":21.0,"turns":5.0},{"damage":7.0,"enemies":"Slavers","floor":25.0,"turns":3.0},{"damage":0.0,"enemies":"Gremlin Leader","floor":27.0,"turns":2.0},{"damage":7.0,"enemies":"Cultist and Chosen","floor":30.0,"turns":6.0},{"damage":67,"enemies":"Champ","floor":34,"turns":10}],"seed_played":"-6216729696466978706","potions_obtained":[{"floor":7.0,"key":"EntropicBrew"},{"floor":14.0,"key":"BlessingOfTheForge"},{"floor":16.0,"key":"EssenceOfSteel"},{"floor":20.0,"key":"Swift Potion"}],"is_trial":false,"path_per_floor":["M","$","?","?","?","R","E","M","T","R","M","E","R","E","R","B",null,"M","$","M","M","?","R","$","E","T","E","?","R","M","M","?","R","B"],"character_chosen":"THE_SILENT","items_purchased":["Poisoned Stab","PreservedInsect","Blur","Blade Dance"],"campfire_rested":2,"item_purchase_floors":[2,19,19,24],"current_hp_per_floor":[59,59,52,32,32,32,32,32,32,51,47,47,47,28,47,43,60,60,60,56,49,49,49,49,42,42,42,42,42,43,43,43,43,0,0],"gold":118,"neow_bonus":"THREE_ENEMY_KILL","is_daily":false,"chose_seed":false,"campfire_upgraded":5,"win_rate":0.0,"timestamp":1612862407,"path_taken":["M","$","?","?","?","R","E","?","T","R","M","E","R","E","R","BOSS","M","$","M","M","?","R","$","E","T","E","?","R","M","M","?","R","BOSS"],"items_purchased_type":["Card","Relic","Card","Card"],"build_version":"2020-12-22","purchased_purges":1,"victory":false,"max_hp_per_floor":[66,66,66,66,66,66,66,66,66,66,66,66,66,66,66,66,66,66,66,66,66,66,66,66,66,66,66,66,66,66,66,66,66,66,66],"card_choices":[{"not_picked":["Outmaneuver","Deflect","Slice"],"picked":"SKIP","floor":1.0},{"not_picked":["Prepared","Masterful Stab"],"picked":"Noxious Fumes","floor":7.0},{"not_picked":["Calculated Gamble","Backflip"],"picked":"Dagger Spray","floor":8.0},{"not_picked":["Concentrate","Accuracy"],"picked":"Blade Dance","floor":11.0},{"not_picked":["Masterful Stab","Dodge and Roll"],"picked":"PiercingWail","floor":12.0},{"not_picked":["Unload+1","All Out Attack+1"],"picked":"Poisoned Stab+1","floor":14.0},{"not_picked":["Wraith Form v2","Venomology"],"picked":"After Image","floor":16.0},{"not_picked":["Backflip","Poisoned Stab+1"],"picked":"Blade Dance","floor":18.0},{"not_picked":["Masterful Stab+1","All Out Attack+1","Underhanded Strike+1"],"picked":"SKIP","floor":20.0},{"not_picked":["Slice+1","Noxious Fumes"],"picked":"Cloak And Dagger","floor":21.0},{"not_picked":["Well Laid Plans","Dagger Throw+1"],"picked":"Backflip+1","floor":25.0},{"not_picked":["Backflip","Cloak And Dagger"],"picked":"Night Terror","floor":27.0},{"not_picked":["Underhanded Strike+1","Dagger Throw+1","Deadly Poison"],"picked":"SKIP","floor":30.0}],"player_experience":433111,"relics_obtained":[{"floor":7.0,"key":"Pen Nib"},{"floor":9.0,"key":"Gambling Chip"},{"floor":12.0,"key":"Bottled Lightning"},{"floor":14.0,"key":"Molten Egg 2"},{"floor":25.0,"key":"Juzu Bracelet"},{"floor":26.0,"key":"Frozen Egg 2"},{"floor":27.0,"key":"Bird Faced Urn"}],"event_choices":[{"cards_removed":["Strike_G"],"damage_healed":0.0,"max_hp_gain":0.0,"max_hp_loss":0.0,"gold_gain":0.0,"event_name":"Golden Wing","player_choice":"Card Removal","floor":3.0,"gold_loss":0.0,"damage_taken":7.0},{"damage_healed":0.0,"max_hp_gain":0.0,"max_hp_loss":0.0,"gold_gain":0.0,"event_name":"Shining Light","player_choice":"Entered Light","floor":4.0,"gold_loss":0.0,"damage_taken":20.0,"cards_upgraded":["Strike_G","Poisoned Stab"]},{"damage_healed":0.0,"max_hp_gain":0.0,"max_hp_loss":0.0,"gold_gain":0.0,"event_name":"WeMeetAgain","player_choice":"Paid Gold","floor":5.0,"gold_loss":63.0,"damage_taken":0.0,"relics_obtained":["Letter Opener"]},{"damage_healed":0.0,"max_hp_gain":0.0,"max_hp_loss":0.0,"gold_gain":50.0,"event_name":"Nest","player_choice":"Stole From Cult","floor":22.0,"gold_loss":0.0,"damage_taken":0.0},{"damage_healed":0.0,"max_hp_gain":0.0,"max_hp_loss":0.0,"gold_gain":0.0,"event_name":"The Woman in Blue","player_choice":"Bought 1 Potion","floor":28.0,"gold_loss":0.0,"damage_taken":0.0},{"damage_healed":0.0,"max_hp_gain":0.0,"max_hp_loss":0.0,"gold_gain":50.0,"event_name":"Golden Shrine","player_choice":"Pray","floor":32.0,"gold_loss":0.0,"damage_taken":0.0}],"is_beta":false,"boss_relics":[{"not_picked":["SlaversCollar","Fusion Hammer"],"picked":"WristBlade"}],"items_purged_floors":[24],"is_endless":false,"potions_floor_spawned":[7,14,16,20,25],"killed_by":"Champ","ascension_level":15}}