{"host":"0o4jkshs65tojivq","time":1612843990,"event":{"mods":["AchievementEnabler","BaseMod","Minty Spire (QoL Compilation)","Quick Restart","Relic Stats","Slay the Relics Exporter","StSLib"],"gold_per_floor":[118,118,135,60,77,103,122,139,164,34,53,53,53,11,11,86,86,101,121,171,171,171],"floor_reached":21,"language":"ENG","playtime":1557,"items_purged":["Strike_B"],"score":378,"play_id":"792a1b88-04eb-459c-84a2-ff40fa8b9fa2","local_time":"20210208201310","is_ascension_mode":true,"campfire_choices":[{"data":"Blizzard","floor":13,"key":"SMITH"},{"floor":15,"key":"REST"}],"circlet_count":0,"master_deck":["AscendersBane","Strike_B","Strike_B","Strike_B","Defend_B","Defend_B","Defend_B","Defend_B","Zap","Dualcast","Barrage+1","Coolheaded","Lockon","Ball Lightning","Capacitor","Coolheaded","Blizzard+1","Skim","Coolheaded","CurseOfTheBell","Coolheaded","Leap+1"],"relics":["Cracked Core","NeowsBlessing","Strawberry","Orichalcum","The Courier","Calling Bell","Juzu Bracelet","Gremlin Horn","TungstenRod"],"acts_visited":["Exordium","TheCity"],"potions_floor_usage":[11,18],"damage_taken":[{"damage":0,"enemies":"2 Louse","floor":1,"turns":1},{"damage":0,"enemies":"Cultist","floor":3,"turns":1},{"damage":0,"enemies":"Jaw Worm","floor":5,"turns":1},{"damage":32,"enemies":"Gremlin Nob","floor":6,"turns":4},{"damage":10,"enemies":"3 Louse","floor":7,"turns":4},{"damage":0,"enemies":"Large Slime","floor":8,"turns":4},{"damage":0,"enemies":"2 Fungi Beasts","floor":11,"turns":4},{"damage":48,"enemies":"Hexaghost","floor":16,"turns":11},{"damage":38,"enemies":"Shell Parasite","floor":18,"turns":8},{"damage":19,"enemies":"Chosen","floor":19,"turns":7},{"damage":6,"enemies":"Shelled Parasite and Fungi","floor":21,"turns":1}],"seed_played":"-8914776770608571154","potions_obtained":[{"floor":3,"key":"Swift Potion"},{"floor":7,"key":"SneckoOil"},{"floor":19,"key":"EssenceOfDarkness"}],"is_trial":false,"path_per_floor":["M","?","M","$","M","E","M","M","T","$","M","T","R","$","R","B",null,"M","M","?","M"],"character_chosen":"DEFECT","items_purchased":["Blizzard","Skim","Coolheaded"],"campfire_rested":1,"item_purchase_floors":[10,10,14],"current_hp_per_floor":[64,64,64,64,64,39,29,29,29,29,29,29,29,29,52,4,60,22,3,3,0,0],"gold":171,"neow_bonus":"THREE_ENEMY_KILL","is_daily":false,"chose_seed":false,"campfire_upgraded":1,"win_rate":0.0,"timestamp":1612843990,"path_taken":["M","?","M","$","?","E","M","M","T","?","M","?","R","$","R","BOSS","M","M","?","M"],"items_purchased_type":["Card","Card","Card"],"build_version":"2020-12-22","purchased_purges":1,"victory":false,"max_hp_per_floor":[71,71,71,71,71,78,78,78,78,78,78,78,78,78,78,78,78,78,78,78,78,78],"relic_stats":{"Gremlin Horn":[0,0],"counters":[11,46],"Juzu Bracelet":0,"Orichalcum":[90],"obtain_stats":[{"Calling Bell":17,"NeowsBlessing":0,"Gremlin Horn":17,"Strawberry":6,"The Courier":12,"Juzu Bracelet":17,"Orichalcum":9,"Cracked Core":0,"TungstenRod":17},{"Calling Bell":8,"NeowsBlessing":0,"Gremlin Horn":8,"Strawberry":4,"The Courier":7,"Juzu Bracelet":8,"Orichalcum":6,"Cracked Core":0,"TungstenRod":8},{"Calling Bell":30,"NeowsBlessing":0,"Gremlin Horn":30,"Strawberry":7,"The Courier":19,"Juzu Bracelet":30,"Orichalcum":15,"Cracked Core":0,"TungstenRod":30}],"TungstenRod":9},"card_choices":[{"not_picked":["Fusion","Aggregate"],"picked":"Barrage","floor":1},{"not_picked":["Leap","Rebound"],"picked":"Coolheaded","floor":3},{"not_picked":["Heatsinks","Turbo"],"picked":"Lockon","floor":5},{"not_picked":["Hologram","Auto Shields"],"picked":"Ball Lightning","floor":6},{"not_picked":["Conserve Battery","Tempest"],"picked":"Capacitor","floor":7},{"not_picked":["Go for the Eyes","Loop"],"picked":"Coolheaded","floor":8},{"not_picked":["Lockon","Conserve Battery","Redo"],"picked":"SKIP","floor":11},{"not_picked":["BootSequence","Stack"],"picked":"Coolheaded","floor":18},{"not_picked":["Static Discharge+1","Darkness"],"picked":"Leap+1","floor":19}],"player_experience":1087839,"relics_obtained":[{"floor":6,"key":"Strawberry"},{"floor":9,"key":"Orichalcum"},{"floor":12,"key":"The Courier"},{"floor":17,"key":"Juzu Bracelet"},{"floor":17,"key":"Gremlin Horn"},{"floor":17,"key":"TungstenRod"}],"event_choices":[{"damage_healed":0,"gold_gain":0,"player_choice":"Upgraded","damage_taken":0,"max_hp_gain":0,"max_hp_loss":0,"event_name":"Upgrade Shrine","floor":2,"gold_loss":0,"cards_upgraded":["Barrage"]},{"damage_healed":0,"gold_gain":50,"player_choice":"Stole From Cult","damage_taken":0,"max_hp_gain":0,"max_hp_loss":0,"event_name":"Nest","floor":20,"gold_loss":0}],"is_beta":false,"boss_relics":[{"not_picked":["Empty Cage","Sozu"],"picked":"Calling Bell"}],"items_purged_floors":[4],"is_endless":false,"potions_floor_spawned":[3,7,19],"killed_by":"Shelled Parasite and Fungi","ascension_level":19}}