{"host":"lddajdu6cqgaqcx3","time":1612890866,"event":{"mods":["Act Like it!","BaseMod","Bossed Relics","Colored Map","Downfall","Gensokyo","Marisa£®ÏF”Í°°ƒß¿Ì…≥£©","Minty Spire (QoL Compilation)","Reimu£®≤©¿ˆ¡È√Œ£©","Remilia£®¿Ÿ√◊¿Ú—«£©","Replay The Spire","StSLib"],"gold_per_floor":[99,109,121,133,33,67,67,77,103,13,23,23,34,62,78,178,178,178,194,154,164,175,185,238,263,277,306,44,76,104,104,116,214,214,214,234,37,47,57,74,74,102,117,130,84,84,98,123,138,138],"floor_reached":51,"language":"ZHS","playtime":2282,"items_purged":["Defend_RM","Defend_RM","Defend_RM"],"score":1236,"play_id":"5d158184-d646-4d7e-82b7-3673d7a42c6f","local_time":"20210210011426","is_ascension_mode":true,"campfire_choices":[{"data":"ScarletCoffin","floor":18,"key":"SMITH"},{"data":"QueenOfMidnight","floor":35,"key":"SMITH"},{"data":"ZunPunch:ReiMu","floor":46,"key":"SMITH"}],"circlet_count":0,"master_deck":["Strike_RM","Strike_RM","Strike_RM","Strike_RM","RedMoon","ScarletShoot","CeilingFear+1","DiffusionOfMisfortune+1","MillenniumVampire","NightLord","ScarletCoffin+1","DiffusionOfMisfortune","Stigmanizer","RedRainbow","DiffusionOfMisfortune+1","RedRainbow","TransientEternity+1","UnstableMagic","ScarletNetherworld","BloodRain+1","DiffusionOfMisfortune+1","ZunPunch:ReiMu+1","UnstableMagic+1","BombardNight","BlasphemousPunishment+1","StarOfDavid+1","VampireKiss","UnstableMagic","LeisurelyOfLord+1","ScarletDevil+1","MillenniumVampire+1","Lust_TH","BloodAndWine+1","QueenOfMidnight+1","CurseOfTheBell","BombardNight+1","BombardNight+1","FitfulNightmare","EndlessAdversity+1","EndlessAdversity+1","BloodyMagicSquare","UnstableMagic+1","ScarletDevil+1"],"relics":["ScarletHat","Eternal Feather","CrazyTorch:ReiMu","Replay:WaspNest","Bronze Scales","Vajra","Ginger","Snecko Eye","PreservedInsect","Anchor","Ice Cream","Replay:Mystery Machine","Guide Book","Gremlin Food","Red Mask","Calling Bell","Centennial Puzzle","Replay:Accelerometer","TungstenRod","Replay:Rubber Ducky","Strawberry","Quantum Egg","Golden Egg","Question Card","Replay:Ringing Soul"],"acts_visited":["Gensokyo:Gensokyo","TheCity","TheBeyond"],"potions_floor_usage":[10,10,16,16,30,33,33,47,49,50,50,50],"damage_taken":[{"damage":7,"enemies":"Gensokyo:Gryphon","floor":2,"turns":3},{"damage":2,"enemies":"Gensokyo:Python","floor":3,"turns":3},{"damage":6,"enemies":"Gensokyo:2_Kodama","floor":4,"turns":5},{"damage":2,"enemies":"Gensokyo:Cirno","floor":6,"turns":5},{"damage":0,"enemies":"Gensokyo:Kitsune","floor":8,"turns":2},{"damage":1,"enemies":"Gensokyo:Mamizou","floor":9,"turns":11},{"damage":0,"enemies":"downfall:FleeingMerchant","floor":10,"turns":4},{"damage":3,"enemies":"Gensokyo:Python_and_Kodama","floor":11,"turns":4},{"damage":0,"enemies":"Gensokyo:Gryphon_and_Rabbit","floor":13,"turns":4},{"damage":10,"enemies":"Gensokyo:Aya","floor":14,"turns":4},{"damage":14,"enemies":"Gensokyo:3_Kodama","floor":15,"turns":3},{"damage":28,"enemies":"WA_ARCHETYPE_RETAIN","floor":16,"turns":8},{"damage":0,"enemies":"3 Byrds","floor":19,"turns":3},{"damage":0,"enemies":"Spheric Guardian","floor":21,"turns":2},{"damage":18,"enemies":"Centurion and Healer","floor":22,"turns":3},{"damage":0,"enemies":"3 Cultists","floor":23,"turns":4},{"damage":0,"enemies":"Gremlin Leader","floor":25,"turns":5},{"damage":10,"enemies":"Snake Plant","floor":26,"turns":2},{"damage":20,"enemies":"Slavers","floor":27,"turns":3},{"damage":10,"enemies":"downfall:FleeingMerchant","floor":28,"turns":4},{"damage":0,"enemies":"Gremlin Leader","floor":29,"turns":3},{"damage":10,"enemies":"Masked Bandits","floor":30,"turns":2},{"damage":0,"enemies":"Chosen and Byrds","floor":32,"turns":4},{"damage":0,"enemies":"DF_ARCHETYPE_CLAW","floor":33,"turns":2},{"damage":14,"enemies":"3 Shapes","floor":36,"turns":2},{"damage":26,"enemies":"downfall:FleeingMerchant","floor":37,"turns":1},{"damage":0,"enemies":"3 Darklings","floor":38,"turns":3},{"damage":12,"enemies":"Writhing Mass","floor":39,"turns":3},{"damage":12,"enemies":"Transient","floor":40,"turns":5},{"damage":9,"enemies":"Giant Head","floor":42,"turns":7},{"damage":0,"enemies":"3 Darklings","floor":43,"turns":2},{"damage":13,"enemies":"Spire Growth","floor":44,"turns":4},{"damage":48,"enemies":"4 Shapes","floor":47,"turns":3},{"damage":24,"enemies":"Nemesis","floor":48,"turns":3},{"damage":22,"enemies":"3 Darklings","floor":49,"turns":2},{"damage":21,"enemies":"IC_BLOCK_ARCHETYPE","floor":50,"turns":4}],"seed_played":"3888182103984145529","potions_obtained":[{"floor":2,"key":"DuplicationPotion"},{"floor":3,"key":"AttackPotion"},{"floor":6,"key":"Elixir"},{"floor":11,"key":"Guardian:BlockOnCardUsePotion"},{"floor":13,"key":"Venom Potion"},{"floor":22,"key":"Weak Potion"},{"floor":22,"key":"GamblersBrew"},{"floor":29,"key":"DestinyDice"},{"floor":30,"key":"Fire Potion"},{"floor":32,"key":"Milkshake"},{"floor":33,"key":"Block Potion"},{"floor":36,"key":"PowerPotion"},{"floor":42,"key":"champ:CounterPotion"},{"floor":47,"key":"Fruit Juice"},{"floor":49,"key":"ColorlessPotion"}],"is_trial":false,"path_per_floor":["R_BF","M","M","M","?","E","T","M","E","$","M","?","M","?","M","B",null,"R","M","?","M","M","M","T","E","M","E","$","E","?","?","M","B",null,"R","M","$","M","M","M","T","E","M","M","$","R","M","E","M","B",null],"character_chosen":"REMILIA","items_purchased":["Guide Book","Strawberry","Quantum Egg","EndlessAdversity"],"campfire_rested":0,"item_purchase_floors":[28,37,37,45],"current_hp_per_floor":[82,75,73,70,70,69,69,70,69,70,67,51,54,46,34,11,82,82,82,82,82,66,66,66,66,59,42,32,32,22,22,24,30,82,82,68,75,76,73,85,85,89,89,88,88,89,41,44,50,63],"gold":138,"neow_bonus":"TEN_PERCENT_HP_BONUS","is_daily":false,"chose_seed":false,"campfire_upgraded":3,"win_rate":0.0,"timestamp":1612890866,"path_taken":["R_BF","M","M","M","?","E","T","M","E","?","M","?","?","?","M","BOSS","R","M","?","M","M","M","T","E","M","E","$","E","?","?","M","BOSS","R","M","$","M","M","M","T","E","M","M","$","R","M","E","M","BOSS"],"items_purchased_type":["Relic","Relic","Relic","Card"],"build_version":"2020-12-22","purchased_purges":3,"victory":true,"max_hp_per_floor":[82,82,82,82,82,82,82,82,82,82,82,82,82,82,82,82,82,82,82,82,82,82,82,82,82,82,82,82,82,82,82,82,82,82,82,82,89,89,89,89,89,89,89,89,89,89,89,92,100,100],"card_choices":[{"not_picked":["EternalNight","EndlessAdversity"],"picked":"DiffusionOfMisfortune","floor":2},{"not_picked":["VampirishNight","MiserableFate"],"picked":"MillenniumVampire","floor":3},{"not_picked":["UltimateOffering","RedNightlessCastle"],"picked":"NightLord","floor":4},{"not_picked":["VampireKiss","UnderTheZenith"],"picked":"ScarletCoffin","floor":6},{"not_picked":["EmergencyRegeneration","ScarletDevil"],"picked":"DiffusionOfMisfortune","floor":8},{"not_picked":["EquivalentExchange","EndlessAdversity"],"picked":"Stigmanizer","floor":9},{"not_picked":["NightLord","BloodHunter"],"picked":"RedRainbow","floor":10},{"not_picked":["RedRainbow","BloodHunter"],"picked":"DiffusionOfMisfortune","floor":11},{"not_picked":["UnderTheZenith","DiffusionOfMisfortune"],"picked":"RedRainbow","floor":11},{"not_picked":["ScarletGensokyo","Stigmanizer"],"picked":"TransientEternity","floor":13},{"not_picked":["BloodyCatastrophe","VampireFantasy"],"picked":"UnstableMagic","floor":14},{"not_picked":["TwelveNightmare","RedRainbow"],"picked":"ScarletNetherworld","floor":15},{"not_picked":["BloodyCatastrophe","CurseOfVladTepes"],"picked":"BloodRain","floor":16},{"not_picked":["DevilSight","MastersStateliness"],"picked":"DiffusionOfMisfortune","floor":19},{"not_picked":["GlobalNightmare","ScarletGensokyo"],"picked":"UnstableMagic","floor":21},{"not_picked":["UnderTheZenith","ScarletGensokyo"],"picked":"BombardNight","floor":22},{"not_picked":["StarOfDavid","BloodRain"],"picked":"BlasphemousPunishment+1","floor":23},{"not_picked":["LeisurelyOfLord","BloodyCatastrophe"],"picked":"StarOfDavid+1","floor":25},{"not_picked":["CharismaGuard","VampireSweep"],"picked":"VampireKiss","floor":26},{"not_picked":["LeisurelyOfLord","BloodAndWine"],"picked":"UnstableMagic","floor":27},{"not_picked":["BlasphemousPunishment+1","ForbiddenFruit"],"picked":"LeisurelyOfLord+1","floor":28},{"not_picked":["Maim","CurseOfVladTepes"],"picked":"ScarletDevil+1","floor":29},{"not_picked":["ScarletDevil","VampireKiss"],"picked":"MillenniumVampire+1","floor":30},{"not_picked":["NightDance","FavorOfDestiny"],"picked":"BloodAndWine+1","floor":32},{"not_picked":["EquivalentExchange","BloodyCatastrophe"],"picked":"QueenOfMidnight","floor":33},{"not_picked":["NightDance","EndlessAdversity"],"picked":"BombardNight+1","floor":36},{"not_picked":["RedMagic","RedRainbow","FavorOfDestiny"],"picked":"SKIP","floor":37},{"not_picked":["DevilSight","VampireClaw"],"picked":"BombardNight+1","floor":38},{"not_picked":["VampireKiss","RedNightlessCastle+1","EmergencyRegeneration"],"picked":"SKIP","floor":39},{"not_picked":["BloodyTrap","RedRainbow"],"picked":"FitfulNightmare","floor":40},{"not_picked":["EmergencyRegeneration","RedNightlessCastle","MastersStateliness+1"],"picked":"SKIP","floor":42},{"not_picked":["ScarletDevil","MiserableFate+1","RedRainbow"],"picked":"EndlessAdversity+1","floor":43},{"not_picked":["BloodyTrap+1","HunterOfTheNight","BombardNight","Septette+1"],"picked":"SKIP","floor":44},{"not_picked":["ChainGang","VampireKiss+1","RedRainbow"],"picked":"BloodyMagicSquare","floor":47},{"not_picked":["CeilingFear","UltimateOffering+1","DiffusionOfMisfortune+1"],"picked":"UnstableMagic+1","floor":48},{"not_picked":["BombardNight","AfternoonTea+1","CharismaGuard+1"],"picked":"ScarletDevil+1","floor":49}],"player_experience":20909,"relics_obtained":[{"floor":6,"key":"CrazyTorch:ReiMu"},{"floor":7,"key":"Replay:WaspNest"},{"floor":9,"key":"Bronze Scales"},{"floor":14,"key":"Ginger"},{"floor":19,"key":"PreservedInsect"},{"floor":24,"key":"Anchor"},{"floor":25,"key":"Ice Cream"},{"floor":27,"key":"Replay:Mystery Machine"},{"floor":29,"key":"Gremlin Food"},{"floor":30,"key":"Red Mask"},{"floor":34,"key":"Centennial Puzzle"},{"floor":34,"key":"Replay:Accelerometer"},{"floor":34,"key":"TungstenRod"},{"floor":36,"key":"Replay:Rubber Ducky"},{"floor":41,"key":"Golden Egg"},{"floor":42,"key":"Question Card"},{"floor":48,"key":"Replay:Ringing Soul"}],"event_choices":[{"damage_healed":0,"gold_gain":0,"player_choice":"Ωª≥ˆ…Òæ∆","damage_taken":0,"max_hp_gain":0,"max_hp_loss":0,"event_name":"ZunEvent","floor":20,"relics_lost":["ZunR:ReiMu"],"gold_loss":0,"cards_obtained":["ZunPunch:ReiMu"]},{"damage_healed":0,"gold_gain":0,"player_choice":"Fought Bandits","damage_taken":0,"max_hp_gain":0,"max_hp_loss":0,"event_name":"Masked Bandits","floor":30,"gold_loss":0}],"is_beta":false,"boss_relics":[{"not_picked":["Runic Pyramid","Cursed Key"],"picked":"Snecko Eye"},{"not_picked":["Philosopher\u0027s Stone","SlaversCollar"],"picked":"Calling Bell"}],"items_purged_floors":[10,28,37],"is_endless":false,"potions_floor_spawned":[2,3,6,11,13,22,23,29,32,33,36,40,42,43,44,49],"ascension_level":2}}