{"host":"gvmmh8a4dbuurnvz","time":1612881828,"event":{"mods":["AchievementEnabler","Aspiration","BaseMod","Better Vampires","BetterRewards","Colored Powertips","Highlight Path","Minty Spire (QoL Compilation)","MostiFishMod","Spicy Shops","StSLib","¡¾ÒÅÎï¿¨ÅÆ¡¿REMEMod"],"gold_per_floor":[118,118,135,135,210,238,238,238,238,261,279,314,314,335,335,461,461,480,83,83,83,83,83,126,126,126,225,248,291,291,291,291,422,422,441,461,170,170,170,203,203,203,229,53,386,405,415,415,415,415,415,415,33,59,59],"floor_reached":56,"language":"ZHS","playtime":1701,"items_purged":["Writhe","Strike_B","Defend_B","Defend_B","Defend_B","Defend_B"],"score":2240,"play_id":"5386d397-7fc9-4af7-901a-99c36a9caf13","local_time":"20210209224348","is_ascension_mode":true,"campfire_choices":[{"floor":7.0,"key":"RECALL"},{"data":"MostiFishMod:LinkProtocol","floor":15.0,"key":"SMITH"},{"data":"MostiFishMod:Nova","floor":23.0,"key":"SMITH"},{"data":"MostiFishMod:Distribution","floor":25.0,"key":"SMITH"},{"data":"MostiFishMod:GatherIntelligence","floor":32.0,"key":"SMITH"},{"data":"Storm","floor":42.0,"key":"SMITH"},{"data":"Zap","floor":49,"key":"SMITH"},{"data":"Dualcast","floor":52,"key":"SMITH"}],"circlet_count":0,"master_deck":["Zap+1","Dualcast+1","Storm+1","MostiFishMod:LinkProtocol+1","MostiFishMod:Distribution+1","Cold Snap","MostiFishMod:Nova+1","MostiFishMod:SeaWaves+1","MostiFishMod:GatherIntelligence+1","Capacitor+1","MostiFishMod:PerfectForm+1","MostiFishMod:DawningShadow+1"],"relics":["Cracked Core","DaveBox","REME_ComplimentaryCards","BirthdayGift-Icosahedron","OrangePellets","Emotion Chip","Juzu Bracelet","BirthdayGift-Tetrahedron","Runic Capacitor","SynthV:TestCard","aspiration:StickyExplosives_weak","Omamori","GuanYuAspect","Mummified Hand","BrkXgEgg","MutagenicStrength","Regal Pillow","SentryEyes","aspiration:HatOfInfinitePower","Empty Cage","Membership Card","Unceasing Top","MawBank","Bag of Preparation"],"acts_visited":["Exordium","TheCity","TheBeyond","TheEnding"],"potions_floor_usage":[53],"damage_taken":[{"damage":2.0,"enemies":"Jaw Worm","floor":1.0,"turns":2.0},{"damage":0.0,"enemies":"Small Slimes","floor":3.0,"turns":1.0},{"damage":2.0,"enemies":"Lagavulin","floor":6.0,"turns":2.0},{"damage":0.0,"enemies":"2 Louse","floor":10.0,"turns":1.0},{"damage":0.0,"enemies":"Exordium Wildlife","floor":11.0,"turns":1.0},{"damage":1.0,"enemies":"3 Sentries","floor":12.0,"turns":2.0},{"damage":1.0,"enemies":"Blue Slaver","floor":14.0,"turns":2.0},{"damage":2.0,"enemies":"Hexaghost","floor":16.0,"turns":2.0},{"damage":11.0,"enemies":"2 Thieves","floor":18.0,"turns":1.0},{"damage":0.0,"enemies":"Slavers","floor":24.0,"turns":1.0},{"damage":0.0,"enemies":"Chosen","floor":28.0,"turns":1.0},{"damage":14.0,"enemies":"Book of Stabbing","floor":29.0,"turns":2.0},{"damage":1.0,"enemies":"Automaton","floor":33.0,"turns":2.0},{"damage":0.0,"enemies":"3 Darklings","floor":35.0,"turns":1.0},{"damage":0.0,"enemies":"3 Shapes","floor":36.0,"turns":1.0},{"damage":0.0,"enemies":"Reptomancer","floor":40.0,"turns":1.0},{"damage":0,"enemies":"Spire Growth","floor":46,"turns":1},{"damage":0,"enemies":"3 Darklings","floor":47,"turns":1},{"damage":0,"enemies":"Donu and Deca","floor":50,"turns":1},{"damage":0,"enemies":"Shield and Spear","floor":54,"turns":1},{"damage":8,"enemies":"The Heart","floor":55,"turns":3}],"seed_played":"7033472619582802913","potions_obtained":[{"floor":10.0,"key":"Regen Potion"},{"floor":11.0,"key":"AttackPotion"},{"floor":14.0,"key":"FearPotion"},{"floor":16.0,"key":"DuplicationPotion"},{"floor":18.0,"key":"REME_GoldPotion"},{"floor":28.0,"key":"Dexterity Potion"},{"floor":29.0,"key":"PotionOfCapacity"},{"floor":35.0,"key":"Energy Potion"},{"floor":46,"key":"Energy Potion"}],"is_trial":false,"path_per_floor":["M","?","M","?","?","E","R","?","T","M","M","E","?","M","R","B",null,"M","$","?","?","?","R","E","R","T","?","M","E","?","?","R","B",null,"M","M","$","?","?","E","?","R","T","$","?","M","M","?","R","B",null,"R","$","E","B",null],"character_chosen":"DEFECT","items_purchased":["OrangePellets","Storm","Emotion Chip","Juzu Bracelet","BirthdayGift-Tetrahedron","Runic Capacitor","MostiFishMod:LinkProtocol","Mummified Hand","BrkXgEgg","Membership Card","Bag of Preparation","MostiFishMod:PerfectForm+1","REME_GoldPotion","Energy Potion"],"campfire_rested":0,"item_purchase_floors":[0,0,0,0,0,0,0,19,19,37,53,53,53,53],"current_hp_per_floor":[74,79,80,73,62,61,61,41,41,42,43,48,48,48,48,47,40,32,32,32,32,32,32,40,40,40,40,40,28,28,28,28,40,40,40,40,40,38,38,38,38,38,38,38,38,38,38,38,38,38,38,38,38,38,38],"gold":59,"neow_bonus":"","is_daily":false,"chose_seed":false,"campfire_upgraded":7,"win_rate":0.0,"timestamp":1612881828,"path_taken":["M","?","M","?","?","E","R","?","T","M","M","E","?","M","R","BOSS","M","$","?","?","?","R","E","R","T","?","M","E","?","?","R","BOSS","M","M","$","?","?","E","?","R","T","$","?","M","M","?","R","BOSS","R","$","E","BOSS"],"items_purchased_type":["Relic","Card","Relic","Relic","Relic","Relic","Card","Relic","Relic","Relic","Relic","Card","Potion","Potion"],"build_version":"2020-12-22","purchased_purges":6,"victory":true,"max_hp_per_floor":[75,80,80,80,80,80,80,80,80,80,80,80,80,80,80,80,40,40,40,40,40,40,40,40,40,40,40,40,40,40,40,40,40,40,40,40,40,38,38,38,38,38,38,38,38,38,38,38,38,38,38,38,38,38,38],"card_choices":[{"not_picked":["REME_SelfUpgrade","Coolheaded","Scrape"],"picked":"SKIP","floor":1.0},{"not_picked":["Rebound","MostiFishMod:ReprogramOld","MostiFishMod:PushDownKick","Undo","Cold Snap"],"picked":"SKIP","floor":3.0},{"not_picked":["Fusion","Turbo","MostiFishMod:PushDownKick","MostiFishMod:LinkProtocol","MostiFishMod:Distribution"],"picked":"SKIP","floor":6.0},{"not_picked":["Fusion","Turbo","MostiFishMod:PushDownKick","MostiFishMod:LinkProtocol"],"picked":"MostiFishMod:Distribution","floor":6.0},{"not_picked":["Beam Cell","Doom and Gloom","Go for the Eyes","Storm"],"picked":"Cold Snap","floor":10.0},{"not_picked":["Conserve Battery","MostiFishMod:PushDownKick","Streamline","Gash","Redo"],"picked":"SKIP","floor":11.0},{"not_picked":["Streamline","MostiFishMod:PushDownKick","REME_Compress","Go for the Eyes","Steam"],"picked":"SKIP","floor":12.0},{"not_picked":["Compile Driver","Sweeping Beam","Conserve Battery","Steam","Gash"],"picked":"SKIP","floor":14.0},{"not_picked":["Rainbow","MostiFishMod:Prepare","MostiFishMod:TalkingToTheRain","Meteor Strike","MostiFishMod:Culaccino"],"picked":"MostiFishMod:Nova","floor":16.0},{"not_picked":["MostiFishMod:IceShield","Redo+1","Leap","Stack","Genetic Algorithm+1"],"picked":"SKIP","floor":18.0},{"not_picked":["Steam","Echo Form+1","Conserve Battery","Gash","aspiration:Polymerization"],"picked":"SKIP","floor":24.0},{"not_picked":["Turbo","Aggregate+1","Chaos+1","Double Energy+1"],"picked":"MostiFishMod:GatherIntelligence","floor":28.0},{"not_picked":["Redo","Self Repair","BootSequence","Leap","Go for the Eyes+1"],"picked":"SKIP","floor":29.0},{"not_picked":["Ball Lightning","Blizzard+1","Coolheaded","Chaos+1","MostiFishMod:IceShield"],"picked":"SKIP","floor":35.0},{"not_picked":["Leap+1","Cold Snap+1","Go for the Eyes+1","Melter+1","Beam Cell+1"],"picked":"SKIP","floor":36.0},{"not_picked":["MostiFishMod:Hijack+1","Doom and Gloom","REME_Compress+1","Rip and Tear+1","Scrape+1"],"picked":"SKIP","floor":40.0},{"not_picked":["Sweeping Beam","Chill","Redo+1","Beam Cell"],"picked":"Capacitor","floor":46},{"not_picked":["Beam Cell+1","Double Energy","Leap","Lockon+1","Chill+1"],"picked":"SKIP","floor":47},{"not_picked":["Leap","Redo","Ball Lightning+1","REME_Whirling"],"picked":"MostiFishMod:DawningShadow+1","floor":54}],"player_experience":321589,"relics_obtained":[{"floor":1.0,"key":"SynthV:TestCard"},{"floor":6.0,"key":"aspiration:StickyExplosives_weak"},{"floor":12.0,"key":"Omamori"},{"floor":24.0,"key":"Regal Pillow"},{"floor":26.0,"key":"SentryEyes"},{"floor":29.0,"key":"aspiration:HatOfInfinitePower"},{"floor":40.0,"key":"Unceasing Top"},{"floor":43.0,"key":"MawBank"}],"event_choices":[{"damage_healed":0.0,"max_hp_gain":5.0,"max_hp_loss":0.0,"gold_gain":0.0,"event_name":"Big Fish","player_choice":"Donut","floor":2.0,"gold_loss":0.0,"damage_taken":0.0},{"damage_healed":0.0,"max_hp_gain":0.0,"max_hp_loss":0.0,"gold_gain":75.0,"event_name":"World of Goop","player_choice":"Gather Gold","floor":5.0,"gold_loss":0.0,"damage_taken":11.0},{"damage_healed":0.0,"max_hp_gain":0.0,"max_hp_loss":0.0,"gold_gain":0.0,"event_name":"Golden Idol","player_choice":"Take Damage","floor":8.0,"gold_loss":0.0,"damage_taken":20.0,"relics_obtained":["Golden Idol"]},{"cards_removed":["Strike_B"],"damage_healed":0.0,"max_hp_gain":0.0,"max_hp_loss":0.0,"gold_gain":0.0,"event_name":"Living Wall","player_choice":"Forget","floor":13.0,"gold_loss":0.0,"damage_taken":0.0},{"cards_removed":["Strike_B"],"damage_healed":0.0,"max_hp_gain":0.0,"max_hp_loss":0.0,"gold_gain":0.0,"event_name":"Back to Basics","player_choice":"Elegance","floor":20.0,"gold_loss":0.0,"damage_taken":0.0},{"damage_healed":0.0,"max_hp_gain":0.0,"max_hp_loss":0.0,"gold_gain":0.0,"event_name":"Drug Dealer","player_choice":"Inject Mutagens","floor":21.0,"gold_loss":0.0,"damage_taken":0.0,"relics_obtained":["MutagenicStrength"]},{"damage_healed":0.0,"max_hp_gain":0.0,"max_hp_loss":0.0,"gold_gain":0.0,"event_name":"Match and Keep!","player_choice":"1 cards matched","floor":22.0,"gold_loss":0.0,"damage_taken":0.0,"cards_obtained":["MostiFishMod:SeaWaves"]},{"damage_healed":0.0,"max_hp_gain":0.0,"max_hp_loss":0.0,"gold_gain":99.0,"event_name":"Nest","player_choice":"Stole From Cult","floor":27.0,"gold_loss":0.0,"damage_taken":0.0},{"damage_healed":0.0,"max_hp_gain":0.0,"max_hp_loss":0.0,"gold_gain":0.0,"event_name":"Vampires","player_choice":"Ignored","floor":30.0,"gold_loss":0.0,"damage_taken":0.0},{"damage_healed":0.0,"max_hp_gain":0.0,"max_hp_loss":0.0,"gold_gain":0.0,"event_name":"Match and Keep!","player_choice":"0 cards matched","floor":31.0,"gold_loss":0.0,"damage_taken":0.0,"cards_obtained":[]},{"damage_healed":0.0,"max_hp_gain":0.0,"max_hp_loss":2.0,"gold_gain":0.0,"event_name":"Winding Halls","player_choice":"Max HP","floor":38.0,"gold_loss":0.0,"damage_taken":0.0},{"damage_healed":0.0,"max_hp_gain":0.0,"max_hp_loss":0.0,"gold_gain":0.0,"event_name":"SensoryStone","player_choice":"Memory 1","floor":39.0,"gold_loss":0.0,"damage_taken":0.0},{"damage_healed":0.0,"max_hp_gain":0.0,"max_hp_loss":0.0,"gold_gain":0.0,"event_name":"Tomb of Lord Red Mask","player_choice":"Ignored","floor":41.0,"gold_loss":0.0,"damage_taken":0.0},{"damage_healed":0,"gold_gain":333,"player_choice":"Gave Idol","damage_taken":0,"max_hp_gain":0,"max_hp_loss":0,"event_name":"The Moai Head","floor":45,"relics_lost":["Golden Idol"],"gold_loss":0},{"damage_healed":0,"gold_gain":0,"player_choice":"Forge","damage_taken":0,"max_hp_gain":0,"max_hp_loss":0,"event_name":"Accursed Blacksmith","floor":48,"gold_loss":0,"cards_upgraded":["Capacitor"]}],"is_beta":false,"boss_relics":[{"not_picked":["SacredBark","REME_DemonsWealth"],"picked":"GuanYuAspect"},{"not_picked":["PatriotShield","ChiXiaoBlade"],"picked":"Empty Cage"}],"items_purged_floors":[0,0,37,37,44,44],"is_endless":false,"potions_floor_spawned":[10,11,14,16,18,28,29,35,46,54],"ascension_level":4}}