{"host":"sz4vhr3g5wh6zlgr","time":1612889386,"event":{"mods":["2.2 Compatiblity","AchievementEnabler","AlwaysNeverKeys","Ascension Reborn","Bartender","BaseMod","Better Note","BetterRewards","Clawfect","Colored Map","Colored Powertips","Dota2Spire","Faster Ascension Climbing","Highlight Path","Minty Spire (QoL Compilation)","Permanent Neow","Rare Cards Sparkle","Replay The Spire","Shop Mod","StSLib","SuperFastMode","Transform Curses","Uncapped","Unceasing Turn Reminder","[IsaacMod]????"],"gold_per_floor":[115,115,6,17,50,108,108,170,235,253,253,310,344,406,406,531,531,565,565,543,577,666,666,433,456,456,505,588,617,658,689,764,788,1039,1039,1039,1070,1070,199,229,229,272,302,302,336,336,296,432,432,461,486,378,403,464,498,498,543,543,570,649,677,700,1131,1131,1131,1131,1131,565,644,680],"floor_reached":56,"language":"ENG","playtime":5033,"items_purged":["Regret"],"score":1855,"play_id":"10793426-c731-4208-af6c-e68d0bfd3cc2","local_time":"20210209131946","is_ascension_mode":true,"campfire_choices":[{"data":"Loop","floor":11,"key":"SMITH"},{"data":"Clawfect:ClawCell","floor":15,"key":"SMITH"},{"data":"ReplayTheSpireMod:Brewmster","floor":23,"key":"SMITH"},{"data":"Redo","floor":23,"key":"SMITH"},{"data":"Capacitor","floor":29,"key":"SMITH"},{"floor":49,"key":"DIG"},{"floor":52,"key":"DIG"}],"circlet_count":0,"master_deck":["Gash+1","Gash+1","Gash+1","Defend_B+1","Defend_B+1","Defend_B+1","Defend_B+1","Clawfect:ClawForTheEyes+1","Leap+1","Coolheaded+1","Clawfect:ClawCell+1","Loop+1","Coolheaded+1","Clawfect:ClawForTheEyes","Clawfect:ClawingBeam+1","Steam+1","FTL+1","Clawfect:Clawrage","Core Surge","Clawfect:ClawSnap","Capacitor+1","Clawfect:ClawLightning","Clawfect:ClawAndGloom","ReplayTheSpireMod:Brewmster+1","Pulse","Capacitor+1","Leap","BasicCrystalCard+1","Redo+1","Stack+1","Crystallizer+1","BasicCrystalCard+1","Clawfect:Clawrage","Clawfect:ClawSnap+1","Clawfect:ClawCell+1","Clawfect:Clawrage+1","Clawfect:Clawrage","Glacier+1","Crystallizer+1","Clawfect:ClawLightning","Core Surge","Clawfect:ClawSnap+1","Clawfect:ClawSnap+1","Clawfect:ClawLightning+1","Clawfect:ClawSnap+1","Hologram+1","Hologram+1","Redo+1","Coolheaded+1","ReplayTheSpireMod:Calculation Training","Chaos+1","Clawfect:ClawSnap+1","Clawfect:ClawLightning","Amplify","Trip","Clawfect:ClawAndTear+1"],"relics":["HushsDoor","BookOfRevelations","Philosopher\u0027s Stone","CeramicFish","Bag of Preparation","Smiling Mask","ReplayTheSpireMod:Ring of Exchange","Ring of Hypnosis","Dream Catcher","Pen Nib","Dota2Spire:UrnOfShadows","Toy Ornithopter","Dead Branch","Replay:Drink Me","GuppysPaw","GuppysCollar","BargainBundle","Dota2Spire:PowerTreads","Orichalcum","YumHeart","Replay:WaspNest","DeadEye","Ancient Tea Set","BelialBook","Snack Pack","ReplayFunnel","Thread and Needle","Letter Opener","Dota2Spire:OrchidMalevolence","Painkiller Herb","Protect_Vest","Dota2Spire:MonkeyKingBar","HowToJump","Replay:Bottled Snecko","MealTicket","PunchingBag","ChewingGum","GuppysHairball","Bronze Scales","Dota2Spire:HandOfMidas","ReplayTheSpireMod:Lightbulb","Happy Flower","Shovel","Blood Vial","Leech","Meat on the Bone","Garlic","BookofShadows","Old Coin","Anchor","DoctorsRemote","Dota2Spire:AghanimScepter","Dota2Spire:EtherealBlade","DeadEye","Turnip"],"acts_visited":["Exordium","TheCity","TheBeyond","TheEnding"],"potions_floor_usage":[18,18,28,55,55,55],"damage_taken":[{"damage":0,"enemies":"Small Slimes","floor":1,"turns":3},{"damage":3,"enemies":"Jaw Worm","floor":5,"turns":3},{"damage":11,"enemies":"Gremlin Nob","floor":6,"turns":5},{"damage":2,"enemies":"Lagavulin","floor":8,"turns":4},{"damage":1,"enemies":"2 Louse","floor":10,"turns":3},{"damage":2,"enemies":"Gremlin Nob","floor":12,"turns":3},{"damage":2,"enemies":"Blue Slaver","floor":13,"turns":3},{"damage":1,"enemies":"3 Sentries","floor":14,"turns":3},{"damage":2,"enemies":"Slime Boss","floor":16,"turns":4},{"damage":0,"enemies":"Spheric Guardian","floor":18,"turns":2},{"damage":0,"enemies":"2 Thieves","floor":21,"turns":2},{"damage":0,"enemies":"Snake Plant","floor":25,"turns":2},{"damage":0,"enemies":"Replay:Snechameleon","floor":27,"turns":1},{"damage":0,"enemies":"Hiden Room Battle","floor":28,"turns":3},{"damage":0,"enemies":"Centurion and Healer","floor":29,"turns":2},{"damage":0,"enemies":"Book of Stabbing","floor":30,"turns":2},{"damage":0,"enemies":"Shelled Parasite and Fungi","floor":31,"turns":3},{"damage":0,"enemies":"3 Byrds","floor":18,"turns":2},{"damage":0,"enemies":"2 Thieves","floor":22,"turns":1},{"damage":0,"enemies":"Replay:Snechameleon","floor":25,"turns":2},{"damage":0,"enemies":"Slavers","floor":27,"turns":1},{"damage":0,"enemies":"Snake Plant","floor":28,"turns":1},{"damage":0,"enemies":"Centurion and Healer","floor":30,"turns":2},{"damage":0,"enemies":"Champ","floor":33,"turns":1},{"damage":0,"enemies":"Orb Walker","floor":35,"turns":1},{"damage":0,"enemies":"3 Shapes","floor":36,"turns":1},{"damage":0,"enemies":"Maw","floor":38,"turns":1},{"damage":0,"enemies":"Spire Growth","floor":39,"turns":1},{"damage":0,"enemies":"R_Hoarder","floor":40,"turns":2},{"damage":0,"enemies":"Giant Head","floor":42,"turns":1},{"damage":0,"enemies":"4 Shapes","floor":44,"turns":1},{"damage":0,"enemies":"Reptomancer","floor":45,"turns":1},{"damage":0,"enemies":"Jaw Worm Horde","floor":46,"turns":1},{"damage":0,"enemies":"Sphere and 2 Shapes","floor":47,"turns":1},{"damage":0,"enemies":"Mind Bloom Boss Battle","floor":48,"turns":1},{"damage":0,"enemies":"Replay:Hell Engine","floor":50,"turns":1},{"damage":0,"enemies":"Shield and Spear","floor":54,"turns":2},{"damage":0,"enemies":"LittleHush","floor":55,"turns":6}],"seed_played":"-7230218855162501871","potions_obtained":[{"floor":1,"key":"Milkshake"},{"floor":5,"key":"AttackPotion"},{"floor":10,"key":"FocusPotion"},{"floor":13,"key":"PowerPotion"},{"floor":22,"key":"AttackPotion"},{"floor":25,"key":"PowerPotion"},{"floor":30,"key":"FocusPotion"}],"is_trial":false,"path_per_floor":["M","?","$","?","M","E","?","E","T","M","R","E","M","E","R","B",null,"M","?","$","M","T","R","$","M","T","E","?","M","E","M","R_BF","M","?","?","?","M","R","$","E","T","E","?","T","?","?","R_BF","B",null,"?","?","T","?","?","E","?","E","T","?","E","?","?","?","T","B",null,"T","T","E","B",null],"character_chosen":"DEFECT","items_purchased":["CeramicFish","GuppysPaw","GuppysCollar","BargainBundle","Dota2Spire:PowerTreads","Orichalcum","Capacitor","Clawfect:ClawLightning","Clawfect:ClawAndGloom","ReplayTheSpireMod:Brewmster","Pulse","Diplopia","Painkiller Herb","Clawfect:Clawrage","Protect_Vest","GuppysHairball","Bronze Scales","Dota2Spire:AghanimScepter","Dota2Spire:EtherealBlade","Clawfect:ClawSnap+1","Clawfect:ClawLightning","Amplify","Trip"],"campfire_rested":0,"item_purchase_floors":[3,17,17,20,20,20,20,20,20,20,20,24,24,24,24,34,37,53,53,53,53,53,53],"current_hp_per_floor":[79,79,79,79,76,65,65,63,63,70,70,68,66,73,73,77,40,40,40,40,40,40,40,40,40,40,40,40,40,40,40,40,40,40,40,40,40,40,40,40,40,40,40,40,40,40,40,44,34,34,34,34,34,34,34,32,32,32,32,32,32,32,32,32,36,36,36,36,36,40],"gold":680,"neow_bonus":"BOSS_RELIC","is_daily":false,"chose_seed":false,"campfire_upgraded":5,"win_rate":0.0,"timestamp":1612889386,"path_taken":["M","?","$","?","M","E","?","E","T","M","R","E","M","E","R","BOSS","M","?","$","?","?","R","$","M","T","E","?","M","E","M","R_BF","M","?","?","?","M","R","$","E","T","E","?","T","?","?","R_BF","BOSS","?","?","T","?","?","E","?","E","T","?","E","?","?","?","T","BOSS","T","T","E","BOSS"],"items_purchased_type":["Relic","Relic","Relic","Relic","Relic","Relic","Card","Card","Card","Card","Card","Relic","Relic","Card","Relic","Relic","Relic","Relic","Relic","Card","Card","Card","Card"],"build_version":"2020-12-22","purchased_purges":1,"victory":true,"max_hp_per_floor":[79,79,79,79,79,79,79,79,79,79,79,79,79,79,79,83,40,40,40,40,40,40,40,40,40,40,40,40,40,40,40,40,40,40,40,40,40,40,40,40,40,40,40,40,40,40,40,44,34,34,34,34,34,34,34,32,32,32,32,32,32,32,32,32,36,36,36,36,36,40],"card_choices":[{"not_picked":[],"picked":"Bomb","floor":0},{"not_picked":["Fan","Meteor Strike"],"picked":"Clawfect:ClawForTheEyes","floor":1},{"not_picked":["Turbo","ReplayTheSpireMod:Repulse+1"],"picked":"Leap","floor":5},{"not_picked":["Clawfect:ScrapingClaw","Multi-Cast"],"picked":"Coolheaded+1","floor":6},{"not_picked":["ReplayTheSpireMod:Repulse","Sunder"],"picked":"Clawfect:ClawCell","floor":6},{"not_picked":["Reprogram","Sunder"],"picked":"Loop","floor":8},{"not_picked":["BasicCrystalCard","Undo+1"],"picked":"Coolheaded+1","floor":8},{"not_picked":["Fusion+1","Fan","Turbo"],"picked":"SKIP","floor":10},{"not_picked":["Panic Button","Hello World+1"],"picked":"Clawfect:ClawForTheEyes","floor":12},{"not_picked":["Undo+1","ReplayTheSpireMod:Omega Cannon"],"picked":"Clawfect:ClawingBeam+1","floor":12},{"not_picked":["Bomb","Sunder"],"picked":"Steam+1","floor":13},{"not_picked":["Redo","Rebound+1"],"picked":"FTL","floor":14},{"not_picked":["Steam","FTL"],"picked":"Clawfect:Clawrage","floor":14},{"not_picked":["ReplayTheSpireMod:Omega Cannon","Mirror Shield"],"picked":"Core Surge","floor":16},{"not_picked":["Crystallizer+1","Clawfect:ScrapingClaw"],"picked":"Clawfect:ClawSnap","floor":18},{"not_picked":["Chaos","Blizzard"],"picked":"Capacitor+1","floor":21},{"not_picked":["Steam+1","Clawfect:ClawpileDriver"],"picked":"Leap","floor":25},{"not_picked":["Clawfect:ClawpileDriver+1","Thunder Strike"],"picked":"BasicCrystalCard+1","floor":27},{"not_picked":["Rebound+1","ReplayTheSpireMod:Reroute Power"],"picked":"Redo","floor":28},{"not_picked":["ElectricPowerLearning","Skim"],"picked":"Stack+1","floor":29},{"not_picked":["Steam+1","Aggregate+1"],"picked":"Crystallizer+1","floor":30},{"not_picked":["Clawfect:ClawLightning+1","Storm+1"],"picked":"BasicCrystalCard+1","floor":31},{"not_picked":["Rebound+1","Clawfect:ClawForTheEyes"],"picked":"Clawfect:Clawrage","floor":32},{"not_picked":["FTL","Skim"],"picked":"Clawfect:ClawSnap","floor":18},{"not_picked":["Clawfect:ClawAndGloom+1","FTL"],"picked":"Clawfect:ClawCell+1","floor":19},{"not_picked":["Double Energy+1","Static Discharge"],"picked":"Clawfect:Clawrage+1","floor":22},{"not_picked":["Clawfect:Clawline","Skim+1","Fusion"],"picked":"SKIP","floor":25},{"not_picked":["Electrodynamics","Clawfect:Clawter"],"picked":"Glacier+1","floor":27},{"not_picked":["Turbo+1","Clawfect:Clawline+1"],"picked":"Crystallizer+1","floor":28},{"not_picked":["Redo","Static Discharge"],"picked":"Clawfect:ClawLightning","floor":30},{"not_picked":["Rainbow","Amplify"],"picked":"Core Surge","floor":33},{"not_picked":["Leap+1","Darkness+1"],"picked":"Clawfect:ClawSnap+1","floor":35},{"not_picked":["Gash+1","Steam+1"],"picked":"Clawfect:ClawSnap+1","floor":36},{"not_picked":["Clawfect:Clawter","Mirror Shield"],"picked":"Clawfect:ClawLightning+1","floor":38},{"not_picked":["Coolheaded+1","Aggregate+1"],"picked":"Clawfect:ClawSnap+1","floor":39},{"not_picked":["Clawfect:ClawpileDriver","Fusion+1","ReplaySort+1"],"picked":"SKIP","floor":40},{"not_picked":["Clawfect:ClawingBeam","Reprogram+1"],"picked":"Hologram+1","floor":42},{"not_picked":["ReplayTheSpireMod:Reroute Power+1","Panic Button+1"],"picked":"Hologram+1","floor":44},{"not_picked":["Leap+1","ReplayRNGCard"],"picked":"Redo+1","floor":45},{"not_picked":["Rebound+1","Steam+1"],"picked":"Coolheaded+1","floor":46},{"not_picked":["Redo+1","Darkness+1"],"picked":"ReplayTheSpireMod:Calculation Training","floor":47},{"not_picked":["Genetic Algorithm+1","Hello World+1"],"picked":"Chaos+1","floor":48},{"not_picked":["Hologram","Seek"],"picked":"Clawfect:ClawAndTear+1","floor":54}],"player_experience":1371811,"relics_obtained":[{"floor":6,"key":"Smiling Mask"},{"floor":7,"key":"ReplayTheSpireMod:Ring of Exchange"},{"floor":7,"key":"Ring of Hypnosis"},{"floor":8,"key":"Dream Catcher"},{"floor":9,"key":"Pen Nib"},{"floor":9,"key":"Dota2Spire:UrnOfShadows"},{"floor":12,"key":"Toy Ornithopter"},{"floor":14,"key":"Dead Branch"},{"floor":16,"key":"ForgetMeNow"},{"floor":22,"key":"YumHeart"},{"floor":22,"key":"Replay:WaspNest"},{"floor":26,"key":"DeadEye"},{"floor":26,"key":"Ancient Tea Set"},{"floor":27,"key":"BelialBook"},{"floor":28,"key":"Snack Pack"},{"floor":28,"key":"ReplayFunnel"},{"floor":30,"key":"Thread and Needle"},{"floor":32,"key":"Letter Opener"},{"floor":22,"key":"Dota2Spire:OrchidMalevolence"},{"floor":25,"key":"Dota2Spire:MonkeyKingBar"},{"floor":26,"key":"HowToJump"},{"floor":26,"key":"Replay:Bottled Snecko"},{"floor":27,"key":"MealTicket"},{"floor":33,"key":"PunchingBag"},{"floor":38,"key":"Dota2Spire:HandOfMidas"},{"floor":39,"key":"ReplayTheSpireMod:Lightbulb"},{"floor":40,"key":"Happy Flower"},{"floor":42,"key":"Shovel"},{"floor":43,"key":"Blood Vial"},{"floor":43,"key":"Leech"},{"floor":44,"key":"Meat on the Bone"},{"floor":45,"key":"Garlic"},{"floor":46,"key":"BookofShadows"},{"floor":48,"key":"Old Coin"},{"floor":49,"key":"Anchor"},{"floor":52,"key":"DoctorsRemote"},{"floor":54,"key":"Turnip"}],"event_choices":[{"damage_healed":0,"gold_gain":0,"player_choice":"Box","damage_taken":0,"relics_obtained":["Bag of Preparation"],"max_hp_gain":0,"max_hp_loss":0,"event_name":"Big Fish","floor":4,"gold_loss":0,"cards_obtained":["Regret"]},{"damage_healed":0,"gold_gain":0,"player_choice":"Upgraded","damage_taken":0,"max_hp_gain":0,"max_hp_loss":0,"event_name":"Upgrade Shrine","floor":19,"gold_loss":0,"cards_upgraded":["Leap"]},{"damage_healed":0,"gold_gain":0,"player_choice":"Fight","damage_taken":0,"max_hp_gain":0,"max_hp_loss":0,"event_name":"HidenRoomEvent","floor":28,"gold_loss":0},{"damage_healed":0,"gold_gain":0,"player_choice":"Simplicity","damage_taken":0,"max_hp_gain":0,"max_hp_loss":0,"event_name":"Back to Basics","floor":20,"gold_loss":0,"cards_upgraded":[]},{"damage_healed":0,"gold_gain":0,"player_choice":"Ignored","damage_taken":0,"max_hp_gain":0,"max_hp_loss":0,"event_name":"Ghosts","floor":21,"gold_loss":0},{"damage_healed":0,"gold_gain":0,"player_choice":"Got Potions","damage_taken":0,"max_hp_gain":0,"max_hp_loss":0,"event_name":"Lab","floor":31,"gold_loss":0},{"damage_healed":0,"gold_gain":0,"player_choice":"Upgraded Two","damage_taken":0,"max_hp_gain":0,"max_hp_loss":0,"event_name":"Designer","floor":32,"gold_loss":40,"cards_upgraded":["Clawfect:ClawSnap","FTL"]},{"damage_healed":0,"gold_gain":0,"player_choice":"Max HP","damage_taken":0,"max_hp_gain":0,"max_hp_loss":2,"event_name":"Winding Halls","floor":41,"gold_loss":0},{"damage_healed":0,"gold_gain":0,"player_choice":"Fight","damage_taken":0,"max_hp_gain":0,"max_hp_loss":0,"event_name":"MindBloom","floor":48,"gold_loss":0}],"is_beta":false,"boss_relics":[{"not_picked":["DollysMirror","Snecko Eye"],"picked":"Replay:Drink Me"},{"not_picked":[]},{"not_picked":["Medical Kit","Calling Bell"],"picked":"ChewingGum"},{"not_picked":[]}],"items_purged_floors":[20],"is_endless":false,"potions_floor_spawned":[5,6,10,16,18,25,31,25,30,33,36,39,42,46,54],"ascension_level":0}}