{"host":"u7lm8z2rvb4dg2oo","time":1612855233,"event":{"mods":["AchievementEnabler","BaseMod","Bestiary","Block Reminder","Colored Map","Colored Powertips","Curses Come First","DeckTracker","Googly Eyes","Highlight Path","Minty Spire (QoL Compilation)","Quick Restart","StSLib"],"gold_per_floor":[215,235,12,12,26,26,38,68,68,79,79,91,91,16,16,116,116,86,86,86],"floor_reached":19,"language":"ENG","playtime":1144,"items_purged":["Strike_G"],"score":270,"play_id":"68f3a651-5f26-44ae-9924-5f891471ad78","local_time":"20210209022033","is_ascension_mode":true,"campfire_choices":[{"data":"Malaise","floor":6.0,"key":"SMITH"},{"data":"Blade Dance","floor":15.0,"key":"SMITH"}],"circlet_count":0,"master_deck":["AscendersBane","Defend_G","Defend_G","Defend_G","Defend_G","Defend_G","Survivor","Neutralize","PiercingWail","Quick Slash","Malaise+1","Die Die Die","Backstab","Leg Sweep","Blade Dance+1","After Image","Blade Dance","Slice"],"relics":["Ring of the Snake","Toy Ornithopter","Darkstone Periapt","Prayer Wheel","Empty Cage"],"acts_visited":["Exordium","TheCity"],"potions_floor_usage":[],"damage_taken":[{"damage":2.0,"enemies":"Cultist","floor":1.0,"turns":5.0},{"damage":2.0,"enemies":"2 Louse","floor":2.0,"turns":3.0},{"damage":4.0,"enemies":"Jaw Worm","floor":5.0,"turns":4.0},{"damage":0.0,"enemies":"3 Louse","floor":7.0,"turns":1.0},{"damage":22.0,"enemies":"3 Sentries","floor":8.0,"turns":8.0},{"damage":0.0,"enemies":"Gremlin Gang","floor":10.0,"turns":5.0},{"damage":1.0,"enemies":"Blue Slaver","floor":12.0,"turns":4.0},{"damage":33.0,"enemies":"The Guardian","floor":16.0,"turns":22.0},{"damage":0.0,"enemies":"2 Thieves","floor":18.0,"turns":5.0},{"damage":72,"enemies":"Chosen","floor":19,"turns":12}],"seed_played":"2965345221529831419","potions_obtained":[{"floor":2.0,"key":"SkillPotion"},{"floor":7.0,"key":"Poison Potion"},{"floor":8.0,"key":"Fruit Juice"},{"floor":16.0,"key":"GhostInAJar"}],"is_trial":false,"path_per_floor":["M","M","$","?","M","R","M","E","T","M","?","M","?","$","R","B",null,"M","M"],"character_chosen":"THE_SILENT","items_purchased":["Malaise","Die Die Die"],"campfire_rested":0,"item_purchase_floors":[3,3],"current_hp_per_floor":[61,59,59,59,55,55,55,43,43,48,41,40,40,40,40,7,58,63,0,0],"gold":86,"neow_bonus":"HUNDRED_GOLD","is_daily":false,"chose_seed":false,"campfire_upgraded":2,"win_rate":0.0,"timestamp":1612855233,"path_taken":["M","?","$","?","M","R","M","E","T","M","?","M","?","$","R","BOSS","M","?"],"items_purchased_type":["Card","Card"],"build_version":"2020-12-22","purchased_purges":1,"victory":false,"max_hp_per_floor":[70,70,70,70,70,70,70,75,75,75,75,75,75,75,75,75,75,75,75,75],"card_choices":[{"not_picked":["Flying Knee","Acrobatics"],"picked":"PiercingWail","floor":1.0},{"not_picked":["Masterful Stab","Dodge and Roll"],"picked":"Quick Slash","floor":2.0},{"not_picked":["Quick Slash","Tools of the Trade","Bane"],"picked":"SKIP","floor":5.0},{"not_picked":["Crippling Poison","Flying Knee"],"picked":"Backstab","floor":7.0},{"not_picked":["Flying Knee","Glass Knife"],"picked":"Leg Sweep","floor":8.0},{"not_picked":["Poisoned Stab","Acrobatics"],"picked":"Blade Dance","floor":10.0},{"not_picked":["Reflex","Sucker Punch","Quick Slash"],"picked":"SKIP","floor":12.0},{"not_picked":["Bullet Time","Storm of Steel"],"picked":"After Image","floor":16.0},{"not_picked":["Underhanded Strike+1","Calculated Gamble"],"picked":"Blade Dance","floor":18},{"not_picked":["Crippling Poison+1","Outmaneuver"],"picked":"Slice","floor":18}],"player_experience":1074132,"relics_obtained":[{"floor":8.0,"key":"Toy Ornithopter"},{"floor":9.0,"key":"Darkstone Periapt"}],"event_choices":[{"damage_healed":0.0,"max_hp_gain":0.0,"max_hp_loss":0.0,"gold_gain":0.0,"cards_transformed":["Strike_G"],"event_name":"Living Wall","player_choice":"Change","floor":4.0,"gold_loss":0.0,"damage_taken":0.0,"cards_obtained":["Flying Knee"]},{"cards_removed":["Strike_G"],"damage_healed":0.0,"max_hp_gain":0.0,"max_hp_loss":0.0,"gold_gain":0.0,"event_name":"Golden Wing","player_choice":"Card Removal","floor":11.0,"gold_loss":0.0,"damage_taken":7.0},{"cards_removed":["Flying Knee"],"damage_healed":0.0,"max_hp_gain":0.0,"max_hp_loss":0.0,"gold_gain":0.0,"event_name":"WeMeetAgain","player_choice":"Gave Card","floor":13.0,"gold_loss":0.0,"damage_taken":0.0,"relics_obtained":["Prayer Wheel"]}],"is_beta":false,"boss_relics":[{"not_picked":["Fusion Hammer","Ectoplasm"],"picked":"Empty Cage"}],"items_purged_floors":[14],"is_endless":false,"potions_floor_spawned":[2,7,8,16],"killed_by":"Chosen","ascension_level":12}}