{"host":"sc0o2qwpf9j16a4i","time":1612874659,"event":{"mods":["AchievementEnabler","BaseMod","BetterRewards","Block Reminder","Colored Map","Colored Powertips","Custom Start","Highlight Path","Minty Spire (QoL Compilation)","Relic Stats"],"gold_per_floor":[118,41,41,53,28,57,57,57,57,57,90,102,112,124,124,229,229,244,244,244,244,12,12,40,60,83,83,96,123,61,74,74,179,179,194,194,194,85,85,85,118,118,172,189,215,215,215,48,48,48],"floor_reached":51,"language":"ENG","playtime":1523,"items_purged":[],"score":1022,"play_id":"fdede744-0779-4a70-b3a3-312a9b4fbebe","local_time":"20210209144419","daily_mods":["Shiny","Time Dilation","Binary"],"is_ascension_mode":false,"campfire_choices":[{"data":"Offering","floor":10,"key":"SMITH"},{"data":"Uppercut","floor":15,"key":"SMITH"},{"data":"True Grit","floor":23,"key":"SMITH"},{"floor":32,"key":"REST"},{"data":"Barricade","floor":40,"key":"SMITH"},{"data":"True Grit","floor":46,"key":"SMITH"},{"data":"Feel No Pain","floor":49,"key":"SMITH"}],"circlet_count":0,"master_deck":["Double Tap","Demon Form","Bludgeon","Feed","Limit Break","Corruption","Barricade+1","Fiend Fire","Berserk","Impervious","Juggernaut","Brutality","Reaper","Exhume","Offering+1","Immolate","Pummel","Sentinel","True Grit+1","Thunderclap","Uppercut+1","Reaper","True Grit+1","Dual Wield","Evolve","Pommel Strike","Shrug It Off+1","Pommel Strike","Armaments+1","Inflame","Burning Pact","Heavy Blade+1","CurseOfTheBell","Dark Embrace+1","Armaments+1","Whirlwind+1","Uppercut+1","True Grit+1","Sentinel","Pommel Strike+1","Apotheosis","Sword Boomerang+1","Heavy Blade+1","Feel No Pain+1"],"relics":["Burning Blood","Pantograph","White Beast Statue","Bottled Lightning","Toy Ornithopter","Philosopher\u0027s Stone","Membership Card","Ancient Tea Set","Nloth\u0027s Gift","Prayer Wheel","Calling Bell","War Paint","StrikeDummy","Lizard Tail","Orrery","Molten Egg 2","Red Skull","Oddly Smooth Stone","Mercury Hourglass"],"acts_visited":["Exordium","TheCity","TheBeyond"],"potions_floor_usage":[11,16,16,18,24,29,33,33,35,44,44,50,50,50],"damage_taken":[{"damage":9,"enemies":"2 Louse","floor":1,"turns":6},{"damage":22,"enemies":"Small Slimes","floor":4,"turns":6},{"damage":14,"enemies":"Lagavulin","floor":6,"turns":5},{"damage":13,"enemies":"3 Sentries","floor":11,"turns":2},{"damage":6,"enemies":"Cultist","floor":12,"turns":5},{"damage":13,"enemies":"Large Slime","floor":13,"turns":5},{"damage":6,"enemies":"Lots of Slimes","floor":14,"turns":2},{"damage":13,"enemies":"Slime Boss","floor":16,"turns":3},{"damage":6,"enemies":"Chosen","floor":18,"turns":1},{"damage":33,"enemies":"Slavers","floor":24,"turns":3},{"damage":23,"enemies":"2 Thieves","floor":25,"turns":2},{"damage":6,"enemies":"Snake Plant","floor":28,"turns":2},{"damage":69,"enemies":"Book of Stabbing","floor":29,"turns":6},{"damage":40,"enemies":"Cultist and Chosen","floor":31,"turns":5},{"damage":48,"enemies":"Champ","floor":33,"turns":8},{"damage":6,"enemies":"3 Darklings","floor":35,"turns":2},{"damage":6,"enemies":"Reptomancer","floor":41,"turns":1},{"damage":14,"enemies":"Orb Walker","floor":44,"turns":2},{"damage":12,"enemies":"Nemesis","floor":45,"turns":5},{"damage":28,"enemies":"Time Eater","floor":50,"turns":7}],"seed_played":"5184113661688573734","potions_obtained":[{"floor":1,"key":"LiquidMemories"},{"floor":4,"key":"ElixirPotion"},{"floor":11,"key":"BlessingOfTheForge"},{"floor":12,"key":"Strength Potion"},{"floor":13,"key":"SkillPotion"},{"floor":16,"key":"Dexterity Potion"},{"floor":18,"key":"SkillPotion"},{"floor":24,"key":"SpeedPotion"},{"floor":25,"key":"Block Potion"},{"floor":29,"key":"SteroidPotion"},{"floor":31,"key":"AttackPotion"},{"floor":33,"key":"LiquidMemories"},{"floor":35,"key":"Fire Potion"},{"floor":41,"key":"Dexterity Potion"},{"floor":44,"key":"PowerPotion"},{"floor":45,"key":"PowerPotion"}],"is_trial":true,"path_per_floor":["M","$","?","M","$","E","?","?","T","R","E","M","M","M","R","B",null,"M","?","?","?","$","R","E","M","T","?","M","E","$","M","R","B",null,"M","?","?","$","?","R","E","?","T","M","E","R","?","$","R","B",null],"character_chosen":"IRONCLAD","items_purchased":["Sentinel","True Grit","Membership Card","Dual Wield","Evolve","Pommel Strike","Armaments","Inflame","Orrery","Sentinel","Feel No Pain","Mercury Hourglass"],"campfire_rested":1,"item_purchase_floors":[2,5,22,22,22,22,30,30,38,38,48,48],"current_hp_per_floor":[86,86,68,72,72,67,67,67,67,67,60,70,70,76,76,102,104,104,104,104,104,104,104,99,89,89,89,92,54,54,20,54,50,117,117,117,111,111,111,111,111,101,101,107,110,110,110,110,110,99],"gold":48,"neow_bonus":"","is_daily":false,"chose_seed":false,"campfire_upgraded":6,"win_rate":0.0,"timestamp":1612874659,"path_taken":["M","$","?","M","$","E","?","?","T","R","E","M","?","M","R","BOSS","M","?","?","?","?","R","E","M","T","?","M","E","$","?","R","BOSS","M","?","?","$","?","R","E","?","T","M","E","R","?","$","R","BOSS"],"items_purchased_type":["Card","Card","Relic","Card","Card","Card","Card","Card","Relic","Card","Card","Relic"],"build_version":"2020-12-22","purchased_purges":0,"victory":true,"max_hp_per_floor":[86,86,86,92,92,95,95,95,95,95,95,95,98,104,104,104,104,104,104,104,104,104,104,111,111,111,111,114,114,114,114,114,117,117,117,117,111,111,111,111,111,111,111,115,115,115,115,115,115,115],"relic_stats":{"Lizard Tail":0,"counters":[20,78],"Pantograph":55,"Prayer Wheel":3,"Nloth\u0027s Gift":2,"War Paint":["Armaments","Shrug It Off"],"obtain_stats":[{"Oddly Smooth Stone":45,"War Paint":34,"Ancient Tea Set":26,"Burning Blood":0,"White Beast Statue":6,"Mercury Hourglass":48,"Calling Bell":34,"Lizard Tail":34,"Pantograph":3,"Strawberry":24,"Orrery":38,"Philosopher\u0027s Stone":17,"Prayer Wheel":29,"Molten Egg 2":41,"Nloth\u0027s Gift":27,"Bottled Lightning":9,"Membership Card":22,"StrikeDummy":34,"Toy Ornithopter":11,"Red Skull":43},{"Oddly Smooth Stone":19,"War Paint":15,"Ancient Tea Set":11,"Burning Blood":0,"White Beast Statue":3,"Mercury Hourglass":19,"Calling Bell":15,"Lizard Tail":15,"Pantograph":1,"Strawberry":10,"Orrery":16,"Philosopher\u0027s Stone":8,"Prayer Wheel":13,"Molten Egg 2":17,"Nloth\u0027s Gift":11,"Bottled Lightning":3,"Membership Card":9,"StrikeDummy":15,"Toy Ornithopter":4,"Red Skull":17},{"Oddly Smooth Stone":71,"War Paint":61,"Ancient Tea Set":40,"Burning Blood":0,"White Beast Statue":17,"Mercury Hourglass":71,"Calling Bell":61,"Lizard Tail":61,"Pantograph":6,"Strawberry":38,"Orrery":63,"Philosopher\u0027s Stone":34,"Prayer Wheel":48,"Molten Egg 2":64,"Nloth\u0027s Gift":40,"Bottled Lightning":17,"Membership Card":35,"StrikeDummy":61,"Toy Ornithopter":19,"Red Skull":64}],"Burning Blood":107,"Toy Ornithopter":54,"Mercury Hourglass":[18]},"card_choices":[{"not_picked":["Hemokinesis"],"picked":"Pummel","floor":1},{"not_picked":["Anger","Wild Strike"],"picked":"SKIP","floor":4},{"not_picked":["Headbutt"],"picked":"Thunderclap","floor":6},{"not_picked":["Twin Strike","Dropkick"],"picked":"SKIP","floor":11},{"not_picked":["Thunderclap","Reckless Charge"],"picked":"SKIP","floor":12},{"not_picked":["Warcry"],"picked":"Uppercut","floor":13},{"not_picked":["Clothesline","Thunderclap"],"picked":"SKIP","floor":14},{"not_picked":["Juggernaut"],"picked":"Reaper","floor":16},{"not_picked":["Flex"],"picked":"True Grit","floor":18},{"not_picked":["Fire Breathing"],"picked":"Shrug It Off","floor":24},{"not_picked":["Cleave","Fire Breathing"],"picked":"SKIP","floor":25},{"not_picked":["Warcry"],"picked":"Pommel Strike","floor":28},{"not_picked":["Whirlwind","Barricade"],"picked":"SKIP","floor":29},{"not_picked":["Sword Boomerang"],"picked":"Burning Pact","floor":31},{"not_picked":["Whirlwind"],"picked":"Heavy Blade+1","floor":31},{"not_picked":["Anger+1"],"picked":"Dark Embrace+1","floor":35},{"not_picked":["Anger"],"picked":"Armaments+1","floor":35},{"not_picked":["Hemokinesis"],"picked":"Whirlwind+1","floor":38},{"not_picked":["Heavy Blade"],"picked":"Uppercut+1","floor":38},{"not_picked":["Heavy Blade"],"picked":"True Grit","floor":38},{"not_picked":["Demon Form"],"picked":"Pommel Strike+1","floor":41},{"not_picked":["Mind Blast+1"],"picked":"Apotheosis","floor":42},{"not_picked":["Flex"],"picked":"Sword Boomerang+1","floor":44},{"not_picked":["Pummel+1","Reckless Charge+1"],"picked":"SKIP","floor":44},{"not_picked":["Immolate+1"],"picked":"Heavy Blade+1","floor":45}],"player_experience":1293294,"relics_obtained":[{"floor":6,"key":"White Beast Statue"},{"floor":9,"key":"Bottled Lightning"},{"floor":11,"key":"Toy Ornithopter"},{"floor":24,"key":"Strawberry"},{"floor":26,"key":"Ancient Tea Set"},{"floor":29,"key":"Prayer Wheel"},{"floor":34,"key":"War Paint"},{"floor":34,"key":"StrikeDummy"},{"floor":34,"key":"Lizard Tail"},{"floor":41,"key":"Molten Egg 2"},{"floor":43,"key":"Red Skull"},{"floor":45,"key":"Oddly Smooth Stone"}],"event_choices":[{"damage_healed":0,"gold_gain":0,"player_choice":"Success","damage_taken":18,"relics_obtained":["Pantograph"],"max_hp_gain":0,"max_hp_loss":0,"event_name":"Scrap Ooze","floor":3,"gold_loss":0},{"damage_healed":0,"gold_gain":0,"player_choice":"Leave","damage_taken":0,"max_hp_gain":0,"max_hp_loss":0,"event_name":"The Cleric","floor":7,"gold_loss":0},{"damage_healed":0,"gold_gain":0,"player_choice":"Upgraded","damage_taken":0,"max_hp_gain":0,"max_hp_loss":0,"event_name":"Upgrade Shrine","floor":8,"gold_loss":0,"cards_upgraded":["True Grit"]},{"damage_healed":0,"gold_gain":0,"player_choice":"Ignored","damage_taken":0,"max_hp_gain":0,"max_hp_loss":0,"event_name":"Beggar","floor":19,"gold_loss":0},{"damage_healed":0,"gold_gain":0,"player_choice":"Obtain J.A.X.","damage_taken":0,"max_hp_gain":0,"max_hp_loss":0,"event_name":"Drug Dealer","floor":20,"gold_loss":0,"cards_obtained":["J.A.X."]},{"damage_healed":0,"gold_gain":0,"player_choice":"Ignored","damage_taken":0,"max_hp_gain":0,"max_hp_loss":0,"event_name":"Vampires","floor":21,"gold_loss":0},{"damage_healed":0,"gold_gain":0,"player_choice":"Traded Relic","damage_taken":0,"relics_obtained":["Nloth\u0027s Gift"],"max_hp_gain":0,"max_hp_loss":0,"event_name":"N\u0027loth","floor":27,"relics_lost":["Strawberry"],"gold_loss":0},{"damage_healed":0,"gold_gain":0,"player_choice":"Ignored","damage_taken":0,"max_hp_gain":0,"max_hp_loss":0,"event_name":"Tomb of Lord Red Mask","floor":36,"gold_loss":0},{"damage_healed":0,"gold_gain":0,"player_choice":"Max HP","damage_taken":0,"max_hp_gain":0,"max_hp_loss":6,"event_name":"Winding Halls","floor":37,"gold_loss":0},{"cards_removed":["J.A.X."],"damage_healed":0,"gold_gain":0,"player_choice":"Removed Skill","damage_taken":0,"max_hp_gain":0,"max_hp_loss":0,"event_name":"Falling","floor":39,"gold_loss":0},{"damage_healed":0,"gold_gain":0,"player_choice":"Memory 3","damage_taken":10,"max_hp_gain":0,"max_hp_loss":0,"event_name":"SensoryStone","floor":42,"gold_loss":0},{"damage_healed":0,"gold_gain":0,"player_choice":"Ignored","damage_taken":0,"max_hp_gain":0,"max_hp_loss":0,"event_name":"NoteForYourself","floor":47,"gold_loss":0}],"is_beta":false,"boss_relics":[{"not_picked":["Sozu","Mark of Pain"],"picked":"Philosopher\u0027s Stone"},{"not_picked":["Astrolabe","Busted Crown"],"picked":"Calling Bell"}],"items_purged_floors":[],"is_endless":false,"potions_floor_spawned":[1,4,11,12,13,14,16,18,24,25,28,29,31,33,35,41,44,45],"ascension_level":0}}