{"host":"x5w9zppki4gdwvc7","time":1612899929,"event":{"mods":["AchievementEnabler","BaseMod","Colored Powertips","DeckTracker","Minty Spire (QoL Compilation)","SuperFastMode"],"gold_per_floor":[111,111,123,123,133,133,168,168,168,198,210,210,244,264,264,363,363,373,383,308,308,319,349,349,377,377,397,408,408,17,17,17,115,115,130,180,199,218,218,247,247,273,322,333,12,12,38,51,51,51],"floor_reached":51,"language":"ENG","playtime":2868,"items_purged":["Strike_G","Defend_G"],"score":1131,"play_id":"ea4f32d2-a08c-4d9f-b5f8-fbe95d5cdf12","local_time":"20210209204529","is_ascension_mode":true,"campfire_choices":[{"data":"Bullet Time","floor":6.0,"key":"SMITH"},{"data":"Leg Sweep","floor":8.0,"key":"SMITH"},{"data":"Footwork","floor":15.0,"key":"SMITH"},{"floor":24.0,"key":"REST"},{"data":"Accuracy","floor":29.0,"key":"SMITH"},{"floor":32.0,"key":"REST"},{"data":"Envenom","floor":46,"key":"SMITH"},{"data":"Accuracy","floor":49,"key":"SMITH"}],"circlet_count":0,"master_deck":["Defend_G","Defend_G","Defend_G","Survivor","Neutralize+1","Dagger Spray+1","Leg Sweep+1","Bullet Time+1","Backstab+1","Footwork+1","Cloak And Dagger","Blade Dance","Dodge and Roll","Corpse Explosion","PiercingWail","Accuracy+1","Bouncing Flask","PiercingWail+1","Dodge and Roll","Bouncing Flask+1","Accuracy+1","Well Laid Plans","Flash of Steel+1","Bite+1","Bite+1","Bite+1","Bite+1","Bite+1","Envenom+1","Blade Dance+1","Cloak And Dagger","Acrobatics+1","Well Laid Plans+1","Madness","Madness","Endless Agony+1","Footwork","Cloak And Dagger+1","Blade Dance+1"],"relics":["Ring of the Serpent","PreservedInsect","Molten Egg 2","Ginger","Lizard Tail","Snake Skull","Ancient Tea Set","Thread and Needle","Pocketwatch","Letter Opener","Black Star","FossilizedHelix","Happy Flower","Mango","Omamori","Akabeko","Strawberry","Whetstone","Bird Faced Urn"],"acts_visited":["Exordium","TheCity","TheBeyond"],"potions_floor_usage":[48,50],"damage_taken":[{"damage":1.0,"enemies":"2 Louse","floor":1.0,"turns":3.0},{"damage":0.0,"enemies":"Jaw Worm","floor":3.0,"turns":3.0},{"damage":0.0,"enemies":"Cultist","floor":5.0,"turns":4.0},{"damage":7.0,"enemies":"3 Sentries","floor":7.0,"turns":6.0},{"damage":7.0,"enemies":"Gremlin Nob","floor":10.0,"turns":4.0},{"damage":1.0,"enemies":"Looter","floor":11.0,"turns":3.0},{"damage":8.0,"enemies":"3 Sentries","floor":13.0,"turns":4.0},{"damage":0.0,"enemies":"Red Slaver","floor":14.0,"turns":3.0},{"damage":18.0,"enemies":"The Guardian","floor":16.0,"turns":18.0},{"damage":0.0,"enemies":"3 Byrds","floor":18.0,"turns":3.0},{"damage":21.0,"enemies":"Chosen","floor":19.0,"turns":6.0},{"damage":0.0,"enemies":"Centurion and Healer","floor":22.0,"turns":5.0},{"damage":20.0,"enemies":"Gremlin Leader","floor":23.0,"turns":5.0},{"damage":0.0,"enemies":"Slavers","floor":25.0,"turns":2.0},{"damage":9.0,"enemies":"Snake Plant","floor":27.0,"turns":5.0},{"damage":0.0,"enemies":"3 Cultists","floor":28.0,"turns":2.0},{"damage":17.0,"enemies":"Automaton","floor":33.0,"turns":8.0},{"damage":0.0,"enemies":"3 Shapes","floor":35.0,"turns":3.0},{"damage":9.0,"enemies":"Mind Bloom Boss Battle","floor":36.0,"turns":6.0},{"damage":19.0,"enemies":"3 Darklings","floor":37.0,"turns":6.0},{"damage":8.0,"enemies":"Writhing Mass","floor":38.0,"turns":6.0},{"damage":44.0,"enemies":"Giant Head","floor":40.0,"turns":8.0},{"damage":0.0,"enemies":"Nemesis","floor":42.0,"turns":3.0},{"damage":16,"enemies":"Transient","floor":44,"turns":5},{"damage":0,"enemies":"Reptomancer","floor":47,"turns":6},{"damage":0,"enemies":"Jaw Worm Horde","floor":48,"turns":3},{"damage":46,"enemies":"Donu and Deca","floor":50,"turns":6}],"seed_played":"5281967584197146409","potions_obtained":[{"floor":5.0,"key":"SkillPotion"},{"floor":11.0,"key":"Poison Potion"},{"floor":14.0,"key":"Energy Potion"},{"floor":16.0,"key":"Dexterity Potion"},{"floor":22.0,"key":"AttackPotion"},{"floor":23.0,"key":"Fire Potion"},{"floor":25.0,"key":"Regen Potion"},{"floor":33.0,"key":"SteroidPotion"},{"floor":36.0,"key":"Swift Potion"},{"floor":48,"key":"Strength Potion"}],"is_trial":false,"path_per_floor":["M","?","M","?","M","R","E","R","T","E","M","?","E","M","R","B",null,"M","M","?","?","M","E","R","E","T","M","M","R","$","?","R","B",null,"M","?","M","M","?","E","?","E","T","M","$","R","E","M","R","B",null],"character_chosen":"THE_SILENT","items_purchased":["Well Laid Plans","Flash of Steel+1","GhostInAJar","Strength Potion","Footwork","Strawberry"],"campfire_rested":2,"item_purchase_floors":[30,30,30,30,45,45],"current_hp_per_floor":[69,69,69,62,62,62,55,55,55,48,47,47,39,39,39,21,58,58,37,37,37,37,17,38,38,38,38,38,38,38,38,49,49,49,49,49,33,28,28,44,36,42,42,38,45,45,54,70,70,36],"gold":51,"neow_bonus":"RANDOM_COMMON_RELIC","is_daily":false,"chose_seed":false,"campfire_upgraded":6,"win_rate":0.0,"timestamp":1612899929,"path_taken":["M","?","M","?","M","R","E","R","T","E","?","?","E","M","R","BOSS","M","M","?","?","?","E","R","E","T","M","M","R","$","?","R","BOSS","M","?","M","M","?","E","?","E","T","M","$","R","E","M","R","BOSS"],"items_purchased_type":["Card","Card","Potion","Potion","Card","Relic"],"build_version":"2020-12-22","purchased_purges":2,"victory":true,"max_hp_per_floor":[70,70,70,70,70,70,70,70,70,70,70,70,70,70,70,70,70,70,70,70,70,70,70,70,70,70,70,70,70,70,49,49,49,49,49,49,49,49,49,63,63,63,63,63,70,70,70,70,70,70],"card_choices":[{"not_picked":["Backflip","Sucker Punch"],"picked":"Dagger Spray","floor":1.0},{"not_picked":["Prepared","Dodge and Roll"],"picked":"Leg Sweep","floor":3.0},{"not_picked":["Choke","Leg Sweep"],"picked":"Bullet Time","floor":5.0},{"not_picked":["Concentrate","Backflip"],"picked":"Backstab+1","floor":7.0},{"not_picked":["Leg Sweep","PiercingWail"],"picked":"Footwork","floor":10.0},{"not_picked":["Concentrate","Tactician"],"picked":"Cloak And Dagger","floor":11.0},{"not_picked":["Dodge and Roll","Terror"],"picked":"Blade Dance","floor":13.0},{"not_picked":["Underhanded Strike+1","Sucker Punch+1"],"picked":"Dodge and Roll","floor":14.0},{"not_picked":["Venomology","Malaise"],"picked":"Corpse Explosion","floor":16.0},{"not_picked":["Dagger Throw+1","Underhanded Strike+1"],"picked":"PiercingWail","floor":18.0},{"not_picked":["Flechettes+1","Acrobatics"],"picked":"Accuracy","floor":19.0},{"not_picked":["Bane+1","Skewer+1"],"picked":"Bouncing Flask","floor":22.0},{"not_picked":["Cloak And Dagger","Caltrops"],"picked":"PiercingWail+1","floor":23.0},{"not_picked":["Flying Knee+1","Infinite Blades+1"],"picked":"Dodge and Roll","floor":25.0},{"not_picked":["Glass Knife+1","Dagger Throw+1"],"picked":"Bouncing Flask+1","floor":27.0},{"not_picked":["Sucker Punch+1","Distraction"],"picked":"Accuracy","floor":28.0},{"not_picked":["Unload+1","A Thousand Cuts"],"picked":"Envenom","floor":33.0},{"not_picked":["Prepared+1","Infinite Blades"],"picked":"Blade Dance+1","floor":35.0},{"not_picked":["Quick Slash+1","Sucker Punch+1"],"picked":"Cloak And Dagger","floor":36.0},{"not_picked":["Deadly Poison+1","Dagger Spray+1"],"picked":"Acrobatics+1","floor":37.0},{"not_picked":["Leg Sweep","Cloak And Dagger"],"picked":"Well Laid Plans+1","floor":38.0},{"not_picked":["Bane+1","Caltrops","Blade Dance"],"picked":"SKIP","floor":40.0},{"not_picked":["PiercingWail","Skewer+1","Corpse Explosion"],"picked":"SKIP","floor":42.0},{"not_picked":["Acrobatics+1","Underhanded Strike+1"],"picked":"Endless Agony+1","floor":44},{"not_picked":["Slice+1","Blur"],"picked":"Cloak And Dagger+1","floor":47},{"not_picked":["All Out Attack+1","Doppelganger"],"picked":"Blade Dance+1","floor":48}],"player_experience":567953,"relics_obtained":[{"floor":7.0,"key":"Molten Egg 2"},{"floor":9.0,"key":"Ginger"},{"floor":10.0,"key":"Lizard Tail"},{"floor":12.0,"key":"Snake Skull"},{"floor":13.0,"key":"Ancient Tea Set"},{"floor":23.0,"key":"Thread and Needle"},{"floor":25.0,"key":"Pocketwatch"},{"floor":26.0,"key":"Letter Opener"},{"floor":36.0,"key":"FossilizedHelix"},{"floor":40.0,"key":"Happy Flower"},{"floor":40.0,"key":"Mango"},{"floor":42.0,"key":"Omamori"},{"floor":42.0,"key":"Akabeko"},{"floor":47,"key":"Whetstone"},{"floor":47,"key":"Bird Faced Urn"}],"event_choices":[{"damage_healed":0.0,"max_hp_gain":0.0,"max_hp_loss":0.0,"gold_gain":0.0,"event_name":"Living Wall","player_choice":"Grow","floor":2.0,"gold_loss":0.0,"damage_taken":0.0,"cards_upgraded":["Dagger Spray"]},{"cards_removed":["Defend_G"],"damage_healed":0.0,"max_hp_gain":0.0,"max_hp_loss":0.0,"gold_gain":0.0,"event_name":"Golden Wing","player_choice":"Card Removal","floor":4.0,"gold_loss":0.0,"damage_taken":7.0},{"damage_healed":0.0,"max_hp_gain":0.0,"max_hp_loss":0.0,"gold_gain":0.0,"event_name":"Wheel of Change","player_choice":"Relic","floor":12.0,"gold_loss":0.0,"damage_taken":0.0},{"cards_removed":["Strike_G"],"damage_healed":0.0,"max_hp_gain":0.0,"max_hp_loss":0.0,"gold_gain":0.0,"event_name":"Beggar","player_choice":"Gave Gold","floor":20.0,"gold_loss":75.0,"damage_taken":0.0},{"cards_removed":["Strike_G"],"damage_healed":0.0,"max_hp_gain":0.0,"max_hp_loss":0.0,"gold_gain":0.0,"event_name":"Purifier","player_choice":"Purged","floor":21.0,"gold_loss":0.0,"damage_taken":0.0},{"damage_healed":0.0,"max_hp_gain":0.0,"max_hp_loss":21.0,"gold_gain":0.0,"event_name":"Vampires","player_choice":"Became a vampire","floor":31.0,"gold_loss":0.0,"damage_taken":0.0,"cards_obtained":["Bite","Bite","Bite","Bite","Bite"]},{"damage_healed":0.0,"max_hp_gain":0.0,"max_hp_loss":0.0,"gold_gain":0.0,"event_name":"MindBloom","player_choice":"Fight","floor":36.0,"gold_loss":0.0,"damage_taken":0.0},{"damage_healed":0.0,"max_hp_gain":0.0,"max_hp_loss":0.0,"gold_gain":0.0,"event_name":"Tomb of Lord Red Mask","player_choice":"Ignored","floor":39.0,"gold_loss":0.0,"damage_taken":0.0},{"damage_healed":0.0,"max_hp_gain":0.0,"max_hp_loss":0.0,"gold_gain":0.0,"event_name":"Winding Halls","player_choice":"Embrace Madness","floor":41.0,"gold_loss":0.0,"damage_taken":8.0,"cards_obtained":["Madness","Madness"]}],"is_beta":false,"boss_relics":[{"not_picked":["Philosopher\u0027s Stone","Sozu"],"picked":"Ring of the Serpent"},{"not_picked":["Runic Dome","Fusion Hammer"],"picked":"Black Star"}],"items_purged_floors":[30,45],"is_endless":false,"potions_floor_spawned":[5,11,14,16,22,23,25,33,36,38,40,48],"ascension_level":5}}