{"host":"e8rlfedn69rz2s07","time":1612895469,"event":{"mods":["AchievementEnabler","BaseMod","Minty Spire (QoL Compilation)","Permanent Neow","Relic Stats"],"gold_per_floor":[110,129,129,129,144,144,154,154,181,209,227,241,268,295,295,372,372,390,390,408,408,1,36,36,62,62,104,130,151,151,170,170,170,170],"floor_reached":33,"language":"ENG","playtime":1638,"items_purged":["Decay"],"score":634,"play_id":"769832f3-934c-4220-87b2-ebe50d1b9900","local_time":"20210209203108","is_ascension_mode":true,"campfire_choices":[{"floor":6,"key":"REST"},{"data":"Seek","floor":8,"key":"SMITH"},{"data":"Loop","floor":15,"key":"SMITH"},{"floor":24,"key":"REST"},{"data":"Amplify","floor":30,"key":"SMITH"},{"data":"Genetic Algorithm","floor":32,"key":"SMITH"}],"circlet_count":0,"master_deck":["AscendersBane","Strike_B","Strike_B","Strike_B","Strike_B","Defend_B+1","Defend_B+1","Defend_B","Defend_B","Zap","Dualcast","Seek+1","Rebound","Leap","Sweeping Beam","Capacitor","Ball Lightning","Self Repair","Loop+1","Amplify+1","Streamline+1","Cold Snap","Undo","Meteor Strike","Conserve Battery","Darkness","Storm","Genetic Algorithm+1"],"relics":["Cracked Core","Bronze Scales","Bag of Preparation","Orichalcum","PreservedInsect","Nuclear Battery","Enchiridion","Mummified Hand","Torii","Question Card","CeramicFish","Vajra"],"acts_visited":["Exordium","TheCity"],"potions_floor_usage":[10,14,16,16,23,23,29],"damage_taken":[{"damage":7,"enemies":"Small Slimes","floor":1,"turns":3},{"damage":0,"enemies":"2 Louse","floor":2,"turns":1},{"damage":0,"enemies":"Jaw Worm","floor":5,"turns":4},{"damage":10,"enemies":"Large Slime","floor":7,"turns":6},{"damage":29,"enemies":"Lagavulin","floor":10,"turns":8},{"damage":9,"enemies":"2 Fungi Beasts","floor":11,"turns":2},{"damage":0,"enemies":"Blue Slaver","floor":12,"turns":3},{"damage":2,"enemies":"Gremlin Nob","floor":14,"turns":3},{"damage":23,"enemies":"Slime Boss","floor":16,"turns":9},{"damage":18,"enemies":"Shell Parasite","floor":18,"turns":7},{"damage":29,"enemies":"2 Thieves","floor":20,"turns":4},{"damage":2,"enemies":"Book of Stabbing","floor":23,"turns":4},{"damage":8,"enemies":"Gremlin Leader","floor":25,"turns":6},{"damage":8,"enemies":"Book of Stabbing","floor":27,"turns":4},{"damage":1,"enemies":"Snecko","floor":28,"turns":4},{"damage":14,"enemies":"Shelled Parasite and Fungi","floor":29,"turns":4},{"damage":0,"enemies":"Centurion and Healer","floor":31,"turns":5},{"damage":73,"enemies":"Collector","floor":33,"turns":6}],"seed_played":"2266688560579342011","potions_obtained":[{"floor":2,"key":"Swift Potion"},{"floor":11,"key":"Energy Potion"},{"floor":12,"key":"Regen Potion"},{"floor":14,"key":"Regen Potion"},{"floor":20,"key":"BlessingOfTheForge"},{"floor":25,"key":"FearPotion"},{"floor":27,"key":"Swift Potion"}],"is_trial":false,"path_per_floor":["M","M","?","?","M","R","M","R","T","E","M","M","T","E","R","B",null,"M","?","M","?","$","E","R","E","T","E","M","M","R","M","R","B"],"character_chosen":"DEFECT","items_purchased":["Mummified Hand","Block Potion"],"campfire_rested":2,"item_purchase_floors":[22,22],"current_hp_per_floor":[57,57,36,36,36,57,47,47,47,18,9,9,9,16,16,15,57,53,32,10,10,10,22,43,42,42,48,61,61,61,71,71,0,0],"gold":170,"neow_bonus":"ONE_RANDOM_RARE_CARD","is_daily":false,"chose_seed":false,"campfire_upgraded":4,"win_rate":0.0,"timestamp":1612895468,"path_taken":["M","M","?","?","M","R","M","R","T","E","M","M","?","E","R","BOSS","M","?","M","?","$","E","R","E","T","E","M","M","R","M","R","BOSS"],"items_purchased_type":["Relic","Potion"],"build_version":"2020-12-22","purchased_purges":1,"victory":false,"max_hp_per_floor":[71,71,71,71,71,71,71,71,71,71,71,71,71,71,71,71,71,71,71,71,71,71,71,71,71,71,71,71,71,71,71,71,71,71],"relic_stats":{"Torii":10,"counters":[18,83],"Mummified Hand":[44],"Bronze Scales":[180],"CeramicFish":36,"PreservedInsect":134,"Bag of Preparation":[26],"Orichalcum":[96],"Question Card":4,"obtain_stats":[{"Torii":23,"Mummified Hand":22,"Bronze Scales":9,"CeramicFish":26,"Enchiridion":19,"Vajra":27,"PreservedInsect":14,"Bag of Preparation":10,"Orichalcum":13,"Cracked Core":0,"Question Card":25,"Nuclear Battery":17},{"Torii":12,"Mummified Hand":11,"Bronze Scales":4,"CeramicFish":13,"Enchiridion":10,"Vajra":14,"PreservedInsect":8,"Bag of Preparation":5,"Orichalcum":7,"Cracked Core":0,"Question Card":13,"Nuclear Battery":9},{"Torii":54,"Mummified Hand":50,"Bronze Scales":14,"CeramicFish":60,"Enchiridion":46,"Vajra":64,"PreservedInsect":30,"Bag of Preparation":22,"Orichalcum":27,"Cracked Core":0,"Question Card":60,"Nuclear Battery":39}]},"card_choices":[{"not_picked":["Hologram","Redo"],"picked":"Rebound","floor":1},{"not_picked":["Reinforced Body","Hello World"],"picked":"Leap","floor":2},{"not_picked":["Steam Power","Conserve Battery"],"picked":"Sweeping Beam","floor":5},{"not_picked":["Compile Driver","Heatsinks"],"picked":"Capacitor","floor":7},{"not_picked":["Scrape","Turbo"],"picked":"Ball Lightning","floor":10},{"not_picked":["Blizzard","BootSequence","Ball Lightning"],"picked":"SKIP","floor":11},{"not_picked":["Cold Snap","Hyperbeam"],"picked":"Self Repair","floor":12},{"not_picked":["Cold Snap","Turbo"],"picked":"Loop","floor":14},{"not_picked":["Machine Learning","Seek"],"picked":"Amplify","floor":16},{"not_picked":["Skim","Redo"],"picked":"Streamline+1","floor":18},{"not_picked":["Heatsinks","Rebound"],"picked":"Cold Snap","floor":20},{"not_picked":["Rebound","Cold Snap"],"picked":"Undo","floor":23},{"not_picked":["Steam","Aggregate"],"picked":"Meteor Strike","floor":25},{"not_picked":["Ball Lightning","Hologram+1","Reinforced Body"],"picked":"Conserve Battery","floor":27},{"not_picked":["Rip and Tear","Hologram","Ball Lightning"],"picked":"Darkness","floor":28},{"not_picked":["Chaos","Steam","Gash"],"picked":"Storm","floor":29},{"not_picked":["Stack","Sweeping Beam+1","Compile Driver"],"picked":"Genetic Algorithm","floor":31}],"player_experience":1053127,"relics_obtained":[{"floor":9,"key":"Bronze Scales"},{"floor":10,"key":"Bag of Preparation"},{"floor":13,"key":"Orichalcum"},{"floor":14,"key":"PreservedInsect"},{"floor":19,"key":"Enchiridion"},{"floor":23,"key":"Torii"},{"floor":25,"key":"Question Card"},{"floor":26,"key":"CeramicFish"},{"floor":27,"key":"Vajra"}],"event_choices":[{"damage_healed":0,"gold_gain":0,"player_choice":"Entered Light","damage_taken":21,"max_hp_gain":0,"max_hp_loss":0,"event_name":"Shining Light","floor":3,"gold_loss":0,"cards_upgraded":["Defend_B","Defend_B"]},{"damage_healed":0,"gold_gain":0,"player_choice":"Ignored","damage_taken":0,"max_hp_gain":0,"max_hp_loss":0,"event_name":"Liars Game","floor":4,"gold_loss":0},{"damage_healed":0,"gold_gain":0,"player_choice":"Obtained Book","damage_taken":21,"max_hp_gain":0,"max_hp_loss":0,"event_name":"Cursed Tome","floor":19,"gold_loss":0},{"damage_healed":0,"gold_gain":0,"player_choice":"Smashed Altar","damage_taken":0,"max_hp_gain":0,"max_hp_loss":0,"event_name":"Forgotten Altar","floor":21,"gold_loss":0,"cards_obtained":["Decay"]}],"is_beta":false,"boss_relics":[{"not_picked":["Empty Cage","Pandora\u0027s Box"],"picked":"Nuclear Battery"}],"items_purged_floors":[22],"is_endless":false,"potions_floor_spawned":[2,11,12,14,20,25,27],"killed_by":"Collector","ascension_level":20}}