{"host":"zq15pup7vna0uxo1","time":1612830340,"event":{"mods":["BaseMod","Bestiary","Colored Map","Downfall","Minty Spire (QoL Compilation)","Replay The Spire","StSLib","The Cursed","The Marked","The Servant 0.9.4"],"gold_per_floor":[113,131,131,131,150,150,325,335,389,389,403,429,429,449,449,554,604,617,628,628,54,73,100,100,129,129,129,129,144,144,157,157,262,262,272,272,272,125,143,171,171,182,182,182,202,54,73,120,120,120,120],"floor_reached":50,"language":"ENG","playtime":4013,"items_purged":["TheCursedMod:Defend_TheCursed","TheCursedMod:Defend_TheCursed"],"score":587,"play_id":"d3503520-64cd-4c6e-987d-f7e5d95ca637","local_time":"20210209012540","is_ascension_mode":false,"campfire_choices":[{"data":"TheCursedMod:DemonSword","floor":6,"key":"SMITH"},{"data":"TheCursedMod:TacticalStrike","floor":13,"key":"SMITH"},{"floor":15,"key":"DIG"},{"floor":24,"key":"REST"},{"floor":28,"key":"REST"},{"data":"TheCursedMod:CollectTribute","floor":32,"key":"SMITH"},{"floor":41,"key":"REST"},{"data":"TheCursedMod:HellsGateOpen","floor":44,"key":"SMITH"},{"floor":49,"key":"REST"}],"circlet_count":0,"master_deck":["TheCursedMod:Strike_TheCursed+1","TheCursedMod:Strike_TheCursed+1","TheCursedMod:Strike_TheCursed+1","TheCursedMod:Strike_TheCursed+1","TheCursedMod:Defend_TheCursed","TheCursedMod:Defend_TheCursed+1","TheCursedMod:CursedWand+1","TheCursedMod:CleanUpWorkshop","TheCursedMod:Dregs","TheCursedMod:SmokeScreen+1","TheCursedMod:TacticalStrike+1","TheCursedMod:DemonSword+1","Doubt","TheCursedMod:CursedMace","TheCursedMod:CircleOfFlame+1","TheCursedMod:Obscuration+1","TheCursedMod:HellsGateOpen+1","TheCursedMod:CircleOfAbyss+1","TheCursedMod:HellfireBreathing+1","TheCursedMod:SpitefulPlan","TheCursedMod:FleshFromBone","downfall:Bewildered","TheCursedMod:CollectTribute+1","Replay:Sssssssssshield+1","TheCursedMod:WearCloak","TheCursedMod:ReleasedStrength+1","TheCursedMod:CursedBlade+1","TheCursedMod:SpitefulPray+1"],"relics":["TheCursedMod:BlackMagic101","Replay:Bottled Eggs","Ancient Tea Set","MealTicket","Ornamental Fan","Bag of Preparation","Tiny House","Thread and Needle","Gremlin Food","Toy Ornithopter","Orichalcum","Juzu Bracelet","sneckomod:BabySnecko","War Paint","TheCursedMod:OminousMark","Pet Ghost","Centennial Puzzle","Lee\u0027s Waffle","FossilizedHelix"],"acts_visited":["Exordium","TheCity","TheBeyond"],"potions_floor_usage":[16,23,25,33,33,40,50],"damage_taken":[{"damage":3,"enemies":"Cultist","floor":1,"turns":5},{"damage":0,"enemies":"2 Louse","floor":2,"turns":5},{"damage":0,"enemies":"Jaw Worm","floor":5,"turns":3},{"damage":4,"enemies":"Exordium Wildlife","floor":8,"turns":4},{"damage":0,"enemies":"Large Slime","floor":11,"turns":2},{"damage":15,"enemies":"3 Sentries","floor":12,"turns":7},{"damage":0,"enemies":"Gremlin Gang","floor":14,"turns":5},{"damage":56,"enemies":"Fading Forest","floor":16,"turns":11},{"damage":15,"enemies":"Shell Parasite","floor":18,"turns":7},{"damage":11,"enemies":"3 Byrds","floor":19,"turns":5},{"damage":17,"enemies":"Snake Plant","floor":22,"turns":4},{"damage":45,"enemies":"Book of Stabbing","floor":23,"turns":8},{"damage":39,"enemies":"Slavers","floor":25,"turns":8},{"damage":3,"enemies":"Centurion and Healer","floor":29,"turns":5},{"damage":0,"enemies":"Shelled Parasite and Fungi","floor":31,"turns":5},{"damage":0,"enemies":"Champ","floor":33,"turns":8},{"damage":2,"enemies":"3 Shapes","floor":35,"turns":5},{"damage":16,"enemies":"3 Darklings","floor":39,"turns":5},{"damage":73,"enemies":"Nemesis","floor":40,"turns":5},{"damage":0,"enemies":"Transient","floor":42,"turns":5},{"damage":0,"enemies":"4 Shapes","floor":45,"turns":5},{"damage":4,"enemies":"3 Darklings","floor":47,"turns":4},{"damage":33,"enemies":"2 Orb Walkers","floor":48,"turns":6},{"damage":198,"enemies":"Replay:Hell Engine","floor":50,"turns":8}],"seed_played":"7949530028909046728","potions_obtained":[{"floor":5,"key":"FearPotion"},{"floor":11,"key":"hexamod:SoulburnPotion"},{"floor":12,"key":"FairyPotion"},{"floor":17,"key":"Dexterity Potion"},{"floor":29,"key":"Toxic Potion"},{"floor":31,"key":"LifebloodPotion"},{"floor":39,"key":"Strength Potion"},{"floor":40,"key":"TheCursedMod:DregsPotion"},{"floor":45,"key":"BlessingOfTheForge"},{"floor":48,"key":"Swift Potion"}],"is_trial":false,"path_per_floor":["M","M","T","?","M","R","?","M","T","?","M","E","R","M","R_BF","B",null,"M","M","?","$","M","E","R","E","T","?","R","M","?","M","R_BF","B",null,"M","?","?","$","M","E","R","M","T","R","M","$","M","?","R","B"],"character_chosen":"THE_CURSED","items_purchased":["TheCursedMod:SpitefulPlan","Thread and Needle","Gremlin Food","TheCursedMod:WearCloak","Lee\u0027s Waffle"],"campfire_rested":4,"item_purchase_floors":[21,21,21,38,46],"current_hp_per_floor":[79,79,79,79,79,79,79,75,75,72,72,57,57,57,57,1,87,72,61,61,76,59,14,40,6,6,6,32,29,29,29,29,39,87,85,85,85,87,71,31,57,57,57,57,57,94,90,57,85,0,0],"gold":120,"neow_bonus":"TEN_PERCENT_HP_BONUS","is_daily":false,"chose_seed":false,"campfire_upgraded":4,"win_rate":0.0,"timestamp":1612830340,"path_taken":["M","M","?","?","M","R","?","?","T","?","M","E","R","M","R_BF","BOSS","M","M","?","$","?","E","R","E","T","?","R","M","?","M","R_BF","BOSS","M","?","?","$","M","E","R","M","T","R","M","?","M","?","R","BOSS"],"items_purchased_type":["Card","Relic","Relic","Card","Relic"],"build_version":"2020-12-22","purchased_purges":2,"victory":false,"max_hp_per_floor":[82,82,82,82,82,82,82,82,82,82,82,82,82,82,82,82,87,87,87,87,87,87,87,87,87,87,87,87,87,87,87,87,87,87,87,87,87,87,87,87,87,87,87,87,87,94,94,94,94,94,94],"card_choices":[{"not_picked":["TheCursedMod:RavingStaff","TheCursedMod:CursedArmor"],"picked":"TheCursedMod:SmokeScreen","floor":1},{"not_picked":["TheCursedMod:ReleasedStrength","TheCursedMod:CircleOfFlame"],"picked":"TheCursedMod:TacticalStrike","floor":2},{"not_picked":["TheCursedMod:Wield","TheCursedMod:SaltUponWound"],"picked":"TheCursedMod:DemonSword","floor":5},{"not_picked":["TheCursedMod:SmokeScreen","TheCursedMod:RavingStaff"],"picked":"TheCursedMod:CursedMace","floor":8},{"not_picked":["TheCursedMod:CircleOfBlood","TheCursedMod:CursedShiv"],"picked":"TheCursedMod:CircleOfFlame","floor":11},{"not_picked":["TheCursedMod:TacticalStrike","TheCursedMod:ManaBullet"],"picked":"TheCursedMod:Obscuration","floor":12},{"not_picked":["TheCursedMod:SmokeScreen","TheCursedMod:CircleOfAmplification"],"picked":"TheCursedMod:HellsGateOpen","floor":14},{"not_picked":["TheCursedMod:ForbiddenAlchemy","TheCursedMod:ShockAndAwe"],"picked":"TheCursedMod:CircleOfAbyss","floor":16},{"not_picked":["TheCursedMod:FuryStrike","TheCursedMod:CursedAmulet","TheCursedMod:CircleOfCorruption"],"picked":"SKIP","floor":18},{"not_picked":["TheCursedMod:CursedStaff+1","TheCursedMod:TacticalStrike"],"picked":"TheCursedMod:HellfireBreathing","floor":19},{"not_picked":["TheCursedMod:VitalStrike","TheCursedMod:CircleOfFlame+1"],"picked":"TheCursedMod:FleshFromBone","floor":22},{"not_picked":["TheCursedMod:SoulCrush","TheCursedMod:FleshFromBone+1","TheCursedMod:CursedStaff"],"picked":"SKIP","floor":23},{"not_picked":["TheCursedMod:Stigma+1","TheCursedMod:PrepareRite+1","TheCursedMod:FleshFromBone"],"picked":"SKIP","floor":25},{"not_picked":["TheCursedMod:HellfireBreathing+1","TheCursedMod:VitalStrike"],"picked":"TheCursedMod:CollectTribute","floor":29},{"not_picked":["TheCursedMod:CursedSpellbook","TheCursedMod:CircleOfFlame+1","TheCursedMod:Wield+1"],"picked":"SKIP","floor":31},{"not_picked":["TheCursedMod:CursedArmor","TheCursedMod:FuryStrike","TheCursedMod:SurpriseAttack"],"picked":"SKIP","floor":35},{"not_picked":["Dark Shackles","Enlightenment"],"picked":"Replay:Sssssssssshield","floor":37},{"not_picked":["TheCursedMod:CircleOfCorruption","TheCursedMod:Wield","TheCursedMod:CursedSpellbook"],"picked":"SKIP","floor":39},{"not_picked":["TheCursedMod:PrepareRite+1","TheCursedMod:RapidMovement+1","TheCursedMod:SpitefulStrike+1"],"picked":"SKIP","floor":40},{"not_picked":["TheCursedMod:WearCloak","TheCursedMod:CursedAmulet"],"picked":"TheCursedMod:ReleasedStrength+1","floor":42},{"not_picked":["TheCursedMod:WearCloak+1","TheCursedMod:StunningStrike"],"picked":"TheCursedMod:CursedBlade+1","floor":45},{"not_picked":["TheCursedMod:LuckyCharm","TheCursedMod:FleshFromBone+1","TheCursedMod:CircleOfFlame"],"picked":"SKIP","floor":47},{"not_picked":["TheCursedMod:CursedBlade+1","TheCursedMod:ManaBullet"],"picked":"TheCursedMod:SpitefulPray+1","floor":48}],"player_experience":1177734,"relics_obtained":[{"floor":3,"key":"Replay:Bottled Eggs"},{"floor":9,"key":"Ancient Tea Set"},{"floor":12,"key":"Ornamental Fan"},{"floor":15,"key":"Bag of Preparation"},{"floor":23,"key":"Toy Ornithopter"},{"floor":25,"key":"Orichalcum"},{"floor":26,"key":"Juzu Bracelet"},{"floor":40,"key":"Pet Ghost"},{"floor":43,"key":"Centennial Puzzle"},{"floor":48,"key":"FossilizedHelix"}],"event_choices":[{"damage_healed":0,"gold_gain":175,"player_choice":"AGREE","damage_taken":0,"max_hp_gain":0,"max_hp_loss":0,"event_name":"Liars Game","floor":7,"gold_loss":0,"cards_obtained":["Doubt"]},{"damage_healed":0,"gold_gain":0,"player_choice":"Success","damage_taken":3,"relics_obtained":["MealTicket"],"max_hp_gain":0,"max_hp_loss":0,"event_name":"Scrap Ooze","floor":10,"gold_loss":0},{"damage_healed":0,"gold_gain":0,"player_choice":"Ignored","damage_taken":0,"max_hp_gain":0,"max_hp_loss":0,"event_name":"NoteForYourself","floor":20,"gold_loss":0},{"damage_healed":0,"gold_gain":0,"player_choice":"Ignored","damage_taken":0,"max_hp_gain":0,"max_hp_loss":0,"event_name":"Tomb of Lord Red Mask","floor":36,"gold_loss":0},{"damage_healed":0,"gold_gain":0,"player_choice":"Memory 1","damage_taken":0,"max_hp_gain":0,"max_hp_loss":0,"event_name":"SensoryStone","floor":37,"gold_loss":0},{"damage_healed":0,"gold_gain":0,"player_choice":"Fight","damage_taken":0,"max_hp_gain":0,"max_hp_loss":0,"event_name":"Mysterious Sphere","floor":48,"gold_loss":0}],"is_beta":false,"boss_relics":[{"not_picked":["ReplayTheSpireMod:DimensionalGlitch","Snecko Eye"],"picked":"Tiny House"},{"not_picked":["Replay:Wanted Poster","Replay:Grab Bag"],"picked":"TheCursedMod:OminousMark"}],"items_purged_floors":[21,38],"is_endless":false,"potions_floor_spawned":[5,11,12,18,22,29,31,39,40,45,48],"killed_by":"Replay:Hell Engine","ascension_level":0}}