{"host":"77zln4ypx3njw523","time":1612834537,"event":{"mods":["AchievementEnabler","BaseMod","Better Altar","Better Match","Better Note","Better Sensory Stone","Better Skull","Better Third Choice","Colored Powertips","Highlight Path","Minty Spire (QoL Compilation)","StSLib"],"gold_per_floor":[113,131,131,147,158,187,187,217,267,29,49,65,82,112,112,210,210,227,195,195,209,226,255,267,310,322,334,381,410,435,156,156,251,251,268,193,211,221,0,0,13,44,44,64,90,109,136,152,152,152,152,152,7,38,38],"floor_reached":56,"language":"ENG","playtime":4365,"items_purged":["Strike_B"],"score":1403,"play_id":"ece40e11-2be5-4756-be49-f43f9381f6ef","local_time":"20210208223537","is_ascension_mode":true,"campfire_choices":[{"floor":7,"key":"REST"},{"data":"Dualcast","floor":15,"key":"SMITH"},{"data":"Sunder","floor":24,"key":"SMITH"},{"data":"Coolheaded","floor":27,"key":"SMITH"},{"floor":32,"key":"RECALL"},{"data":"Beam Cell","floor":40,"key":"SMITH"},{"data":"Beam Cell","floor":49,"key":"SMITH"},{"data":"Melter","floor":52,"key":"SMITH"}],"circlet_count":0,"master_deck":["Strike_B","Strike_B","Strike_B","Defend_B","Defend_B","Defend_B","Defend_B","Dualcast+1","Coolheaded+1","Cold Snap","Sweeping Beam","Melter+1","Sunder+1","Coolheaded+1","Glacier+1","Self Repair+1","Core Surge","Biased Cognition+1","Steam Power+1","Coolheaded+1","Gash","Beam Cell+1","Hologram+1","Gash","Cold Snap","Chill+1","Fission+1","Beam Cell+1","Cold Snap+1","Gash","Scrape+1","Beam Cell+1"],"relics":["Sozu","Bottled Flame","Frozen Egg 2","Art of War","Toxic Egg 2","Oddly Smooth Stone","SlaversCollar","MawBank","Mercury Hourglass","Mango","Eternal Feather","Unceasing Top","Inserter","Red Mask","DataDisk","Gremlin Horn","Shuriken","Runic Capacitor","Torii"],"acts_visited":["Exordium","TheCity","TheBeyond","TheEnding"],"potions_floor_usage":[],"damage_taken":[{"damage":3,"enemies":"2 Louse","floor":1,"turns":3},{"damage":3,"enemies":"Cultist","floor":2,"turns":4},{"damage":1,"enemies":"Jaw Worm","floor":4,"turns":4},{"damage":7,"enemies":"3 Louse","floor":5,"turns":3},{"damage":22,"enemies":"Lagavulin","floor":6,"turns":11},{"damage":11,"enemies":"3 Sentries","floor":8,"turns":9},{"damage":6,"enemies":"Looter","floor":11,"turns":2},{"damage":2,"enemies":"2 Fungi Beasts","floor":12,"turns":2},{"damage":2,"enemies":"3 Louse","floor":13,"turns":3},{"damage":19,"enemies":"Lagavulin","floor":14,"turns":7},{"damage":14,"enemies":"Slime Boss","floor":16,"turns":11},{"damage":7,"enemies":"3 Byrds","floor":18,"turns":7},{"damage":6,"enemies":"2 Thieves","floor":19,"turns":5},{"damage":6,"enemies":"Snecko","floor":21,"turns":8},{"damage":15,"enemies":"Centurion and Healer","floor":22,"turns":11},{"damage":31,"enemies":"Gremlin Leader","floor":23,"turns":8},{"damage":30,"enemies":"Slavers","floor":25,"turns":6},{"damage":21,"enemies":"Gremlin Leader","floor":28,"turns":6},{"damage":0,"enemies":"Chosen and Byrds","floor":29,"turns":6},{"damage":19,"enemies":"Sentry and Sphere","floor":30,"turns":4},{"damage":10,"enemies":"Collector","floor":33,"turns":12},{"damage":35,"enemies":"3 Darklings","floor":35,"turns":5},{"damage":14,"enemies":"Orb Walker","floor":37,"turns":4},{"damage":2,"enemies":"Maw","floor":38,"turns":9},{"damage":27,"enemies":"Spire Growth","floor":41,"turns":5},{"damage":0,"enemies":"Nemesis","floor":42,"turns":9},{"damage":16,"enemies":"4 Shapes","floor":44,"turns":6},{"damage":26,"enemies":"Giant Head","floor":45,"turns":7},{"damage":18,"enemies":"Maw","floor":46,"turns":7},{"damage":16,"enemies":"Nemesis","floor":47,"turns":5},{"damage":7,"enemies":"Transient","floor":48,"turns":5},{"damage":51,"enemies":"Awakened One","floor":50,"turns":7},{"damage":7,"enemies":"Shield and Spear","floor":54,"turns":5},{"damage":59,"enemies":"The Heart","floor":55,"turns":10}],"seed_played":"-3260085752278359756","potions_obtained":[],"is_trial":false,"path_per_floor":["M","M","?","M","M","E","R","E","T","$","M","M","M","E","R","B",null,"M","M","?","M","M","E","R","E","T","R","E","M","M","$","R","B",null,"M","$","M","M","?","R","M","E","T","M","E","M","E","M","R","B",null,"R","$","E","B",null],"character_chosen":"DEFECT","items_purchased":["Toxic Egg 2","Unceasing Top","Runic Capacitor"],"campfire_rested":1,"item_purchase_floors":[10,31,53],"current_hp_per_floor":[72,69,69,68,61,39,61,50,50,50,44,42,40,31,31,27,75,75,75,75,75,70,49,49,29,43,43,32,42,33,33,48,48,89,64,64,60,68,68,83,66,76,76,70,54,46,40,43,61,20,89,89,89,89,40],"gold":38,"neow_bonus":"BOSS_RELIC","is_daily":false,"chose_seed":false,"campfire_upgraded":6,"win_rate":0.0,"timestamp":1612834537,"path_taken":["M","M","?","?","M","E","R","E","T","$","M","M","?","E","R","BOSS","M","M","?","?","M","E","R","E","T","R","E","M","M","$","R","BOSS","M","$","M","M","?","R","M","E","T","M","E","M","E","M","R","BOSS","R","$","E","BOSS"],"items_purchased_type":["Relic","Relic","Relic"],"build_version":"2020-12-22","purchased_purges":1,"victory":true,"max_hp_per_floor":[75,75,75,75,75,75,75,75,75,75,75,75,75,75,75,75,75,75,75,75,75,75,75,75,75,89,89,89,89,89,89,89,89,89,89,89,89,89,89,89,89,89,89,89,89,89,89,89,89,89,89,89,89,89,89],"card_choices":[{"not_picked":["Streamline","Hologram"],"picked":"Coolheaded","floor":1},{"not_picked":["Go for the Eyes","Ball Lightning"],"picked":"Cold Snap","floor":2},{"not_picked":["Steam","All For One"],"picked":"Sweeping Beam","floor":4},{"not_picked":["Steam","Auto Shields","Compile Driver"],"picked":"SKIP","floor":5},{"not_picked":["Consume","Hologram"],"picked":"Melter","floor":6},{"not_picked":["Conserve Battery","Go for the Eyes"],"picked":"Sunder","floor":8},{"not_picked":["Steam+1","Conserve Battery+1"],"picked":"Coolheaded+1","floor":11},{"not_picked":["Steam+1","Sweeping Beam"],"picked":"Glacier+1","floor":12},{"not_picked":["Turbo+1","White Noise+1"],"picked":"Self Repair+1","floor":13},{"not_picked":["Storm+1","Compile Driver"],"picked":"Core Surge","floor":14},{"not_picked":["Seek+1","Amplify+1"],"picked":"Biased Cognition+1","floor":16},{"not_picked":["Redo+1","Hologram+1"],"picked":"Steam Power+1","floor":18},{"not_picked":["Chaos+1","Hello World+1"],"picked":"Coolheaded+1","floor":19},{"not_picked":["Stack+1","Steam+1","Leap+1"],"picked":"SKIP","floor":21},{"not_picked":["Hologram+1","Biased Cognition+1"],"picked":"Gash","floor":22},{"not_picked":["Reprogram+1","Ball Lightning"],"picked":"Beam Cell+1","floor":23},{"not_picked":["Go for the Eyes","Conserve Battery+1"],"picked":"Hologram+1","floor":25},{"not_picked":["Multi-Cast+1","Beam Cell+1"],"picked":"Gash","floor":28},{"not_picked":["Redo+1","Tempest+1"],"picked":"Cold Snap","floor":29},{"not_picked":["Turbo+1","Cold Snap"],"picked":"Chill+1","floor":30},{"not_picked":["Reboot+1","Multi-Cast+1"],"picked":"Fission+1","floor":33},{"not_picked":["Ball Lightning+1","FTL+1"],"picked":"Beam Cell","floor":35},{"not_picked":["Ball Lightning+1","Streamline+1","Auto Shields+1"],"picked":"SKIP","floor":37},{"not_picked":["Rebound+1","Darkness+1"],"picked":"Cold Snap+1","floor":38},{"not_picked":["Ball Lightning+1","Compile Driver+1","Rebound"],"picked":"SKIP","floor":41},{"not_picked":["Rebound+1","Streamline+1","Static Discharge+1"],"picked":"SKIP","floor":42},{"not_picked":["Meteor Strike","Conserve Battery+1","Force Field+1"],"picked":"SKIP","floor":44},{"not_picked":["Tempest+1","Turbo+1"],"picked":"Gash","floor":45},{"not_picked":["Skim+1","Turbo+1"],"picked":"Scrape+1","floor":46},{"not_picked":["Recycle+1","Streamline"],"picked":"Beam Cell","floor":47},{"not_picked":["Go for the Eyes+1","Reprogram+1","Force Field+1"],"picked":"SKIP","floor":48},{"not_picked":["Streamline+1","Fusion+1","Static Discharge+1"],"picked":"SKIP","floor":54}],"player_experience":158561,"relics_obtained":[{"floor":6,"key":"Bottled Flame"},{"floor":8,"key":"Frozen Egg 2"},{"floor":9,"key":"Art of War"},{"floor":14,"key":"Oddly Smooth Stone"},{"floor":23,"key":"MawBank"},{"floor":25,"key":"Mercury Hourglass"},{"floor":26,"key":"Mango"},{"floor":28,"key":"Eternal Feather"},{"floor":42,"key":"DataDisk"},{"floor":45,"key":"Gremlin Horn"},{"floor":47,"key":"Shuriken"},{"floor":54,"key":"Torii"}],"event_choices":[{"cards_removed":["Zap"],"damage_healed":0,"gold_gain":0,"player_choice":"Offered Basic","damage_taken":0,"max_hp_gain":0,"max_hp_loss":0,"event_name":"Bonfire Elementals","floor":3,"gold_loss":0},{"damage_healed":0,"gold_gain":0,"player_choice":"Bought 0 Potions","damage_taken":0,"max_hp_gain":0,"max_hp_loss":0,"event_name":"The Woman in Blue","floor":20,"gold_loss":0},{"damage_healed":0,"gold_gain":0,"player_choice":"Paid","damage_taken":0,"relics_obtained":["Red Mask"],"max_hp_gain":0,"max_hp_loss":0,"event_name":"Tomb of Lord Red Mask","floor":39,"gold_loss":221}],"is_beta":false,"boss_relics":[{"not_picked":["Nuclear Battery","Runic Pyramid"],"picked":"SlaversCollar"},{"not_picked":["Black Star","SacredBark"],"picked":"Inserter"}],"items_purged_floors":[36],"is_endless":false,"potions_floor_spawned":[5,6,11,12,16,19,22,23,28,33,37,42,44,45,47],"ascension_level":2}}