{"host":"l15sdf2mmi0nobpi","time":1612852241,"event":{"mods":["ATMod(°¢èªMod)","BaseMod","Highlight Path","Minty Spire (QoL Compilation)","Quick Restart","StSLib","The Runesmith","¡¾¹¦ÄÜMod¡¿Neow½±Àø"],"gold_per_floor":[117,132,65,80,98,98,129,129,179,196,224,224,240,190,190,294,294,306,157,157,169,169,204,204,204,204,204,231,231,241,269,269,366,366,385,385,403,1402,1421,1453,1453,1061,1061,1091,810,822,854,867,867,867,867,867,85,114,114],"floor_reached":56,"language":"ZHS","playtime":3758,"items_purged":["Runesmith:Strike_RS","Normality","Normality","Runesmith:Defend_RS"],"score":1368,"play_id":"90bd5627-dc44-4f68-a9b7-48d04ea098ca","local_time":"20210209143041","is_ascension_mode":false,"campfire_choices":[{"data":"AT_WindFlip","floor":6.0,"key":"SMITH"},{"data":"Runesmith:BackupBattery","floor":8.0,"key":"SMITH"},{"data":"Runesmith:Grindstone","floor":12.0,"key":"SMITH"},{"data":"Runesmith:RunicBlueprint","floor":15.0,"key":"SMITH"},{"data":"Runesmith:Permafrost","floor":24.0,"key":"SMITH"},{"data":"Runesmith:MetallurgicalResearch","floor":27.0,"key":"SMITH"},{"data":"Runesmith:UnlimitedPower","floor":32.0,"key":"SMITH"},{"floor":49,"key":"RECALL"},{"data":"Runesmith:BackupBattery+1","floor":52,"key":"SMITH"}],"circlet_count":0,"master_deck":["Runesmith:Defend_RS","Runesmith:Defend_RS","Runesmith:Fortify","AT_WindFlip+1","Flash of Steel","Runesmith:CraftProtectio","Runesmith:EarthShield","Runesmith:Firestorm","Runesmith:BackupBattery+3","Runesmith:Retool","Runesmith:EnergizedChisel","Runesmith:Grindstone+1","Runesmith:RunicBlueprint+1","Runesmith:UnlimitedPower+1","Runesmith:Superposition","Runesmith:Permafrost+1","Runesmith:Repurpose","Runesmith:Prism+1","Runesmith:ChiselStab","Runesmith:MetallurgicalResearch+1","Runesmith:PerfectChisel+1","Runesmith:CraftMagma","Runesmith:OneForEveryone+1","Runesmith:Prism+1"],"relics":["Runesmith:BrokenRuby","AT_ATBox","InkBottle","AT_ChloranthyRing","Runic Pyramid","Nloth\u0027s Gift","Akabeko","Molten Egg 2","StoneCalendar","MealTicket","Empty Cage","Anchor","FossilizedHelix","AT_SilvercatRing","AT_ImmortalShieldbow","TheAbacus","Boot","TungstenRod","Turnip","Toy Ornithopter"],"acts_visited":["Exordium","TheCity","TheBeyond","TheEnding"],"potions_floor_usage":[55],"damage_taken":[{"damage":0.0,"enemies":"Cultist","floor":1.0,"turns":3.0},{"damage":0.0,"enemies":"2 Louse","floor":2.0,"turns":2.0},{"damage":0.0,"enemies":"Small Slimes","floor":4.0,"turns":4.0},{"damage":8.0,"enemies":"Gremlin Gang","floor":5.0,"turns":4.0},{"damage":11.0,"enemies":"Lagavulin","floor":7.0,"turns":9.0},{"damage":0.0,"enemies":"3 Louse","floor":10.0,"turns":1.0},{"damage":15.0,"enemies":"The Mushroom Lair","floor":11.0,"turns":3.0},{"damage":0.0,"enemies":"Exordium Wildlife","floor":13.0,"turns":5.0},{"damage":2.0,"enemies":"Hexaghost","floor":16.0,"turns":9.0},{"damage":15.0,"enemies":"2 Thieves","floor":18.0,"turns":4.0},{"damage":0.0,"enemies":"3 Byrds","floor":21.0,"turns":2.0},{"damage":18.0,"enemies":"Gremlin Leader","floor":23.0,"turns":9.0},{"damage":20.0,"enemies":"Slavers","floor":28.0,"turns":7.0},{"damage":2.0,"enemies":"3 Cultists","floor":30.0,"turns":7.0},{"damage":16.0,"enemies":"Gremlin Leader","floor":31.0,"turns":6.0},{"damage":3.0,"enemies":"Automaton","floor":33.0,"turns":8.0},{"damage":0.0,"enemies":"3 Darklings","floor":35.0,"turns":5.0},{"damage":5.0,"enemies":"3 Shapes","floor":37.0,"turns":5.0},{"damage":20.0,"enemies":"Sphere and 2 Shapes","floor":39.0,"turns":8.0},{"damage":14.0,"enemies":"Giant Head","floor":40.0,"turns":14.0},{"damage":0.0,"enemies":"Reptomancer","floor":44.0,"turns":7.0},{"damage":0,"enemies":"Transient","floor":46,"turns":5},{"damage":0,"enemies":"Nemesis","floor":47,"turns":7},{"damage":0,"enemies":"Spire Growth","floor":48,"turns":5},{"damage":0,"enemies":"Awakened One","floor":50,"turns":14},{"damage":12,"enemies":"Shield and Spear","floor":54,"turns":7},{"damage":2,"enemies":"The Heart","floor":55,"turns":12}],"seed_played":"1848592824047607471","potions_obtained":[{"floor":1.0,"key":"Dexterity Potion"},{"floor":7.0,"key":"Swift Potion"},{"floor":10.0,"key":"Fruit Juice"},{"floor":21.0,"key":"Fruit Juice"},{"floor":23.0,"key":"Strength Potion"},{"floor":30.0,"key":"Energy Potion"},{"floor":33.0,"key":"DuplicationPotion"},{"floor":39.0,"key":"BlessingOfTheForge"}],"is_trial":false,"path_per_floor":["M","M","$","M","M","R","E","R","T","M","?","R","M","?","R","B",null,"M","$","?","M","?","E","R","T","T","R","E","?","M","E","R","B",null,"M","?","M","?","M","E","?","$","T","E","$","M","E","M","R","B",null,"R","$","E","B",null],"character_chosen":"RUNESMITH_CLASS","items_purchased":["Runesmith:Firestorm","Runesmith:Permafrost","FossilizedHelix","TheAbacus","TungstenRod","Turnip","SpeedPotion"],"campfire_rested":0,"item_purchase_floors":[3,19,42,45,53,53,53],"current_hp_per_floor":[70,70,70,70,62,62,51,51,51,51,36,36,36,36,36,34,70,55,55,55,60,60,47,47,47,47,47,27,53,51,35,35,32,80,80,80,75,75,55,41,41,56,56,56,71,71,71,71,71,71,76,76,76,64,67],"gold":114,"neow_bonus":"RANDOM_COLORLESS","is_daily":false,"chose_seed":false,"campfire_upgraded":8,"win_rate":0.0,"timestamp":1612852241,"path_taken":["M","M","$","M","M","R","E","R","T","?","?","R","M","?","R","BOSS","M","$","?","?","?","E","R","?","T","R","E","?","?","E","R","BOSS","M","?","M","?","M","E","?","$","T","E","$","M","E","M","R","BOSS","R","$","E","BOSS"],"items_purchased_type":["Card","Card","Relic","Relic","Relic","Relic","Potion"],"build_version":"2020-12-22","purchased_purges":4,"victory":true,"max_hp_per_floor":[70,70,70,70,70,70,70,70,70,70,70,70,70,70,70,70,70,70,70,70,75,75,80,80,80,80,80,80,80,80,80,80,80,80,80,80,80,80,80,80,76,76,76,76,76,76,76,76,76,76,76,76,76,76,76],"card_choices":[{"not_picked":["Trip","Enlightenment"],"picked":"Flash of Steel","floor":0.0},{"not_picked":["Runesmith:EnergizedChisel","Runesmith:Overpower"],"picked":"Runesmith:CraftProtectio","floor":1.0},{"not_picked":["Runesmith:CraftIncendium","Runesmith:ChiselStab"],"picked":"Runesmith:EarthShield","floor":2.0},{"not_picked":["Runesmith:CraftReservo","Runesmith:HeatExchange","Runesmith:ShiftingStrike"],"picked":"SKIP","floor":4.0},{"not_picked":["Runesmith:CraftProtectio","Runesmith:ReplicatingBarrier"],"picked":"Runesmith:BackupBattery","floor":5.0},{"not_picked":["Runesmith:Malloc","Runesmith:ChiselStab"],"picked":"Runesmith:Retool","floor":7.0},{"not_picked":["Runesmith:BackupBattery","Runesmith:EarthShield"],"picked":"Runesmith:EnergizedChisel","floor":10.0},{"not_picked":["Runesmith:Repurpose","Runesmith:ShiftingStrike"],"picked":"Runesmith:Grindstone","floor":11.0},{"not_picked":["Runesmith:Augment","Runesmith:EnergizedChisel"],"picked":"Runesmith:RunicBlueprint","floor":13.0},{"not_picked":["Runesmith:MetallurgicalResearch","Runesmith:GrandSlam"],"picked":"Runesmith:UnlimitedPower","floor":16.0},{"not_picked":["Runesmith:RuneHurl","Runesmith:ShiftingStrike"],"picked":"Runesmith:Superposition","floor":18.0},{"not_picked":["Runesmith:CraftProtectio+1","Runesmith:EnergizedChisel"],"picked":"Runesmith:Repurpose","floor":21.0},{"not_picked":["Runesmith:WhiteBalance","Runesmith:BackupBattery+1"],"picked":"Runesmith:MetallurgicalResearch","floor":23.0},{"not_picked":["Runesmith:ShiftingStrike+1","Runesmith:ChiselStab+1","Runesmith:Electrocute+1"],"picked":"SKIP","floor":28.0},{"not_picked":["Runesmith:ChiselStab+1","Runesmith:HammerThrow+1"],"picked":"Runesmith:PerfectChisel+1","floor":30.0},{"not_picked":["Runesmith:Overpower+1","Runesmith:MakeshiftArmor"],"picked":"Runesmith:CraftMagma","floor":31.0},{"not_picked":["Runesmith:CraftMagma","Runesmith:UnstableHammer+1","Runesmith:HeatExchange+1"],"picked":"SKIP","floor":35.0},{"not_picked":["Runesmith:HeatExchange+1","Runesmith:Reinforce","Runesmith:PoweredAnvil"],"picked":"SKIP","floor":37.0},{"not_picked":["Runesmith:StaticCage+1","Runesmith:PoweredAnvil+1","Runesmith:RuneHurl+1"],"picked":"SKIP","floor":39.0},{"not_picked":["Runesmith:BackupBattery+1","Runesmith:LightningRod"],"picked":"Runesmith:OneForEveryone+1","floor":40.0},{"not_picked":["Runesmith:FissionHammer+1","Runesmith:HeatExchange+1","Runesmith:LithiumIon"],"picked":"SKIP","floor":44.0},{"not_picked":["Runesmith:ChiselStab+1","Runesmith:BackupBattery","Runesmith:MakeshiftArmor"],"picked":"SKIP","floor":46},{"not_picked":["Runesmith:Duplicate","Runesmith:HeatExchange+1"],"picked":"Runesmith:Prism+1","floor":47},{"not_picked":["Runesmith:CraftObretio","Runesmith:EarthShield+1","Runesmith:CraftProtectio"],"picked":"SKIP","floor":48},{"not_picked":["Runesmith:Accelerate+1","Runesmith:MetallurgicalResearch","Runesmith:ShiftingStrike+1"],"picked":"SKIP","floor":54}],"player_experience":564671,"relics_obtained":[{"floor":7.0,"key":"InkBottle"},{"floor":9.0,"key":"AT_ChloranthyRing"},{"floor":11.0,"key":"Odd Mushroom"},{"floor":23.0,"key":"Akabeko"},{"floor":26.0,"key":"Molten Egg 2"},{"floor":28.0,"key":"StoneCalendar"},{"floor":31.0,"key":"MealTicket"},{"floor":40.0,"key":"Anchor"},{"floor":43.0,"key":"AT_SilvercatRing"},{"floor":44.0,"key":"AT_ImmortalShieldbow"},{"floor":47,"key":"Boot"},{"floor":54,"key":"Toy Ornithopter"}],"event_choices":[{"damage_healed":0.0,"max_hp_gain":0.0,"max_hp_loss":0.0,"gold_gain":0.0,"event_name":"Mushrooms","player_choice":"Fought Mushrooms","floor":11.0,"gold_loss":0.0,"damage_taken":0.0},{"cards_removed":["Runesmith:Strike_RS"],"damage_healed":0.0,"max_hp_gain":0.0,"max_hp_loss":0.0,"gold_gain":0.0,"event_name":"The Cleric","player_choice":"Card Removal","floor":14.0,"gold_loss":50.0,"damage_taken":0.0},{"damage_healed":0.0,"max_hp_gain":0.0,"max_hp_loss":0.0,"gold_gain":0.0,"event_name":"N\u0027loth","player_choice":"Traded Relic","floor":20.0,"relics_lost":["Odd Mushroom"],"gold_loss":0.0,"damage_taken":0.0,"relics_obtained":["Nloth\u0027s Gift"]},{"damage_healed":0.0,"max_hp_gain":0.0,"max_hp_loss":0.0,"gold_gain":0.0,"cards_transformed":["Runesmith:Strike_RS","Runesmith:Strike_RS"],"event_name":"Drug Dealer","player_choice":"Became Test Subject","floor":22.0,"gold_loss":0.0,"damage_taken":0.0,"cards_obtained":["Runesmith:Prism","Runesmith:ChiselStab"]},{"damage_healed":26.0,"max_hp_gain":0.0,"max_hp_loss":0.0,"gold_gain":0.0,"event_name":"The Library","player_choice":"Heal","floor":29.0,"gold_loss":0.0,"damage_taken":0.0},{"damage_healed":0.0,"max_hp_gain":0.0,"max_hp_loss":0.0,"gold_gain":0.0,"event_name":"Tomb of Lord Red Mask","player_choice":"Ignored","floor":36.0,"gold_loss":0.0,"damage_taken":0.0},{"damage_healed":0.0,"max_hp_gain":0.0,"max_hp_loss":0.0,"gold_gain":999.0,"event_name":"MindBloom","player_choice":"Gold","floor":38.0,"gold_loss":0.0,"damage_taken":0.0,"cards_obtained":["Normality","Normality"]},{"damage_healed":0.0,"max_hp_gain":0.0,"max_hp_loss":4.0,"gold_gain":0.0,"event_name":"Winding Halls","player_choice":"Max HP","floor":41.0,"gold_loss":0.0,"damage_taken":0.0}],"is_beta":false,"boss_relics":[{"not_picked":["Runesmith:PocketReactor","Astrolabe"],"picked":"Runic Pyramid"},{"not_picked":["Snecko Eye","Black Star"],"picked":"Empty Cage"}],"items_purged_floors":[19,42,45,53],"is_endless":false,"potions_floor_spawned":[1,7,10,21,23,30,33,35,39,47],"ascension_level":0}}