{"host":"vyiqbz5w606ur92t","time":1612829853,"event":{"mods":["BaseMod","Downfall","Minty Spire (QoL Compilation)","StSLib"],"gold_per_floor":[99,113,126,140,140,151,204,229,239,139,171,187,187,214,232,337,337,337,353,369,469,469,499,526,552,161,161,318,175,194,194,210,312,312,312,325,325,375,402,402,402,428,445,245,258,258,275,115,129,129,129,156,56,56,56,56],"floor_reached":57,"language":"ENG","playtime":8000,"items_purged":["Guardian:Defend_Guardian","Guardian:Defend_Guardian"],"score":1853,"play_id":"a9bbc60e-6b1c-47ff-9fb6-be79ed0cc195","local_time":"20210209001733","is_ascension_mode":true,"campfire_choices":[{"floor":1,"key":"RECALL"},{"floor":10,"key":"REST"},{"data":"Guardian:CompilePackage","floor":18,"key":"SMITH"},{"data":"Guardian:FuturePlans","floor":27,"key":"SMITH"},{"data":"Guardian:ConstructionForm","floor":35,"key":"SMITH"},{"data":"Guardian:PrismaticBeam","floor":44,"key":"SMITH"},{"data":"Guardian:BodySlam","floor":46,"key":"SMITH"},{"data":"Guardian:DonusPower","floor":54,"key":"SMITH"}],"circlet_count":0,"master_deck":["Guardian:Defend_Guardian","Guardian:CurlUp","Guardian:TwinSlam","Guardian:PiercingHide","Guardian:DonusPower+1","Guardian:PrismaticBeam+1","Guardian:BronzeOrb","Guardian:ArmoredProtocol","Guardian:SpikerProtocol","Guardian:CompilePackage+1","Guardian:BronzeArmor+1","Guardian:Orbwalk+1","J.A.X.","Guardian:CrystalBeam","Guardian:RefractedBeam","Guardian:RollAttack","Guardian:FuturePlans+1","Guardian:Planning","Guardian:BodySlam+1","Guardian:Clone","Guardian:Repulse","Guardian:ConstructionForm+1","Guardian:ShieldSpikes","Guardian:Recover","Guardian:Incinerate","Guardian:FuturePlans+1","Guardian:TimeSifter","Guardian:TimeCapacitor+1","Guardian:FastForward"],"relics":["Guardian:ModeShifterPlus","Anchor","Guardian:PocketSentry","downfall:HeartBlessingRed","Centennial Puzzle","Slimebound:StickyStick","MutagenicStrength","Happy Flower","Oddly Smooth Stone","bronze:BronzeIdol","Bag of Preparation","OrangePellets","Snecko Eye","Guardian:GemstoneGun","Letter Opener","PreservedInsect","downfall:HeartBlessingGreen","downfall:HeartBlessingBlue","Mummified Hand"],"acts_visited":["Exordium","TheCity","TheBeyond","TheEnding"],"potions_floor_usage":[8,11,14,16,23,36,42,56],"damage_taken":[{"damage":9,"enemies":"Jaw Worm","floor":2,"turns":4},{"damage":4,"enemies":"2 Louse","floor":3,"turns":4},{"damage":1,"enemies":"Cultist","floor":4,"turns":4},{"damage":10,"enemies":"3 Louse","floor":6,"turns":3},{"damage":33,"enemies":"Gremlin Nob","floor":8,"turns":6},{"damage":1,"enemies":"Blue Slaver","floor":9,"turns":4},{"damage":11,"enemies":"3 Sentries","floor":11,"turns":8},{"damage":0,"enemies":"Exordium Thugs","floor":12,"turns":3},{"damage":3,"enemies":"Lagavulin","floor":14,"turns":5},{"damage":0,"enemies":"3 Louse","floor":15,"turns":3},{"damage":0,"enemies":"IC_STATUS_ARCHETYPE","floor":16,"turns":6},{"damage":0,"enemies":"3 Byrds","floor":19,"turns":2},{"damage":0,"enemies":"Centurion and Healer","floor":20,"turns":6},{"damage":9,"enemies":"downfall:Augmenter","floor":21,"turns":6},{"damage":3,"enemies":"downfall:Augmenter","floor":22,"turns":5},{"damage":0,"enemies":"Gremlin Leader","floor":23,"turns":5},{"damage":0,"enemies":"Book of Stabbing","floor":25,"turns":4},{"damage":3,"enemies":"downfall:FleeingMerchant","floor":26,"turns":4},{"damage":3,"enemies":"downfall:FleeingMerchant","floor":28,"turns":4},{"damage":0,"enemies":"Chosen and Byrds","floor":30,"turns":2},{"damage":0,"enemies":"Snake Plant","floor":32,"turns":2},{"damage":0,"enemies":"DF_ARCHETYPE_CLAW","floor":33,"turns":5},{"damage":0,"enemies":"Orb Walker","floor":36,"turns":3},{"damage":0,"enemies":"Orb Walker","floor":38,"turns":4},{"damage":0,"enemies":"Reptomancer","floor":42,"turns":4},{"damage":0,"enemies":"3 Darklings","floor":43,"turns":3},{"damage":0,"enemies":"Writhing Mass","floor":45,"turns":4},{"damage":0,"enemies":"4 Shapes","floor":47,"turns":4},{"damage":0,"enemies":"Transient","floor":49,"turns":5},{"damage":0,"enemies":"SI_POISON_ARCHETYPE","floor":50,"turns":4},{"damage":0,"enemies":"downfall:CharBossMerchant","floor":52,"turns":5},{"damage":3,"enemies":"downfall:NeowBoss","floor":55,"turns":7},{"damage":13,"enemies":"downfall:NeowBossFinal","floor":56,"turns":7}],"seed_played":"-4843148449355328482","potions_obtained":[{"floor":2,"key":"Weak Potion"},{"floor":4,"key":"EssenceOfSteel"},{"floor":9,"key":"LiquidBronze"},{"floor":12,"key":"Strength Potion"},{"floor":15,"key":"SteroidPotion"},{"floor":20,"key":"DuplicationPotion"},{"floor":21,"key":"AttackPotion"},{"floor":30,"key":"SmokeBomb"},{"floor":32,"key":"DistilledChaos"},{"floor":36,"key":"Explosive Potion"},{"floor":45,"key":"BlessingOfTheForge"}],"is_trial":false,"path_per_floor":["R","M","M","M","?","M","T","E","M","R","E","M","?","E","M","B",null,"R","M","M","?","?","E","T","E","$","R","$","$","M","?","M","B",null,"R","M","$","?","?","?","T","E","M","R","M","R","M","$","M","B",null,"E","$","R","B","B",null],"character_chosen":"GUARDIAN","items_purchased":["Bag of Preparation","Guardian:Gem_Orange","Guardian:BodySlam","Guardian:Clone","OrangePellets","Guardian:TimeSifter"],"campfire_rested":1,"item_purchase_floors":[26,26,28,28,29,48],"current_hp_per_floor":[88,79,75,74,74,64,64,31,30,56,45,45,45,42,42,42,77,77,77,77,68,65,65,65,65,62,62,59,59,59,59,59,59,81,81,81,81,81,81,81,81,81,81,91,91,91,91,91,91,91,96,96,96,96,93,80],"gold":56,"neow_bonus":"TEN_PERCENT_HP_BONUS","is_daily":false,"chose_seed":false,"campfire_upgraded":6,"win_rate":0.0,"timestamp":1612829853,"path_taken":["R","M","M","M","?","M","T","E","M","R","E","M","?","E","M","BOSS","R","M","M","?","?","E","T","E","$","R","?","$","?","?","M","BOSS","R","M","$","?","?","?","T","E","M","R","M","R","?","$","M","BOSS","E","$","R","BOSS","BOSS"],"items_purchased_type":["Relic","Card","Card","Card","Relic","Card"],"build_version":"2020-12-22","purchased_purges":2,"victory":true,"max_hp_per_floor":[88,88,88,88,88,88,88,88,88,88,88,88,88,88,88,88,88,88,88,88,88,88,88,88,88,88,88,88,88,88,88,88,88,88,88,88,88,88,88,88,88,88,88,98,98,98,98,98,98,98,98,98,98,98,98,98],"card_choices":[{"not_picked":["Guardian:Emergency","Guardian:WalkerClaw"],"picked":"Guardian:PiercingHide","floor":2},{"not_picked":["Guardian:Incinerate","Guardian:Gem_Red"],"picked":"Guardian:Gem_Purple","floor":3},{"not_picked":["Guardian:TemporalShield","Guardian:PiercingHide"],"picked":"Guardian:DonusPower","floor":4},{"not_picked":["Guardian:RollAttack","Guardian:CrystalBeam"],"picked":"Guardian:PrismaticBeam","floor":6},{"not_picked":["Guardian:WalkerClaw","Guardian:ShieldCharger"],"picked":"Guardian:Gem_White","floor":8},{"not_picked":["Guardian:RollAttack","Guardian:Planning"],"picked":"Guardian:Gem_White","floor":9},{"not_picked":["Guardian:StasisField","Guardian:ShieldCharger"],"picked":"Guardian:BronzeOrb","floor":11},{"not_picked":["Guardian:Gem_Crimson","Guardian:DonusPower"],"picked":"Guardian:ArmoredProtocol","floor":12},{"not_picked":["Guardian:MultiBeam","Guardian:TemporalStrike"],"picked":"Guardian:SpikerProtocol","floor":14},{"not_picked":["Guardian:VentSteam","Guardian:WalkerClaw"],"picked":"Guardian:Gem_Yellow","floor":15},{"not_picked":["Guardian:ExploitGems","Guardian:GemFinder"],"picked":"Guardian:CompilePackage","floor":16},{"not_picked":["Guardian:Gem_Blue","Guardian:Orbwalk"],"picked":"Guardian:BronzeArmor+1","floor":19},{"not_picked":["Guardian:Reroute","Guardian:Gem_Lightblue"],"picked":"Guardian:Orbwalk+1","floor":20},{"not_picked":["Guardian:CrystalBeam","Guardian:PrimingBeam"],"picked":"Guardian:Gem_Yellow","floor":21},{"not_picked":[],"picked":"J.A.X.","floor":21},{"not_picked":["Guardian:Incinerate","Guardian:Orbwalk"],"picked":"Guardian:RollAttack","floor":23},{"not_picked":["Guardian:FloatingOrbs","Guardian:FastForward"],"picked":"Guardian:FuturePlans","floor":25},{"not_picked":["Guardian:FuturePlans","Guardian:TemporalStrike+1"],"picked":"Guardian:Planning","floor":26},{"not_picked":["Guardian:Planning","Guardian:PiercingHide","Guardian:RollAttack+1"],"picked":"SKIP","floor":28},{"not_picked":["Guardian:TemporalStrike","Guardian:CrystalBeam+1","Guardian:ChargeCore"],"picked":"SKIP","floor":30},{"not_picked":["Guardian:Suspension","Guardian:Incinerate"],"picked":"Guardian:Repulse","floor":32},{"not_picked":["Guardian:StasisField","Guardian:StasisEngine"],"picked":"Guardian:ConstructionForm","floor":33},{"not_picked":["Guardian:RollAttack","Guardian:Gem_Blue"],"picked":"Guardian:Gem_Lightblue","floor":36},{"not_picked":["Guardian:PolyBeam","Guardian:Gem_Yellow"],"picked":"Guardian:ShieldSpikes","floor":38},{"not_picked":["Guardian:Gem_Green","Guardian:VentSteam"],"picked":"Guardian:Gem_White","floor":42},{"not_picked":["Guardian:ChargeUp","Guardian:ChargeCore+1"],"picked":"Guardian:Recover","floor":43},{"not_picked":["Guardian:BronzeArmor","Guardian:VentSteam+1"],"picked":"Guardian:Incinerate","floor":45},{"not_picked":["Guardian:Gem_Cyan","Guardian:PolyBeam"],"picked":"Guardian:FuturePlans+1","floor":47},{"not_picked":["Guardian:Recover+1","Guardian:Gem_Red"],"picked":"Guardian:TimeCapacitor+1","floor":49},{"not_picked":["Guardian:RefractedBeam","Guardian:PrismaticBarrier"],"picked":"Guardian:FastForward","floor":52}],"player_experience":1658059,"relics_obtained":[{"floor":7,"key":"Anchor"},{"floor":8,"key":"Guardian:PocketSentry"},{"floor":11,"key":"Centennial Puzzle"},{"floor":14,"key":"Slimebound:StickyStick"},{"floor":21,"key":"MutagenicStrength"},{"floor":23,"key":"Happy Flower"},{"floor":24,"key":"Oddly Smooth Stone"},{"floor":25,"key":"bronze:BronzeIdol"},{"floor":38,"key":"Guardian:GemstoneGun"},{"floor":41,"key":"Letter Opener"},{"floor":42,"key":"PreservedInsect"},{"floor":52,"key":"Mummified Hand"}],"event_choices":[{"cards_removed":["Guardian:Strike_Guardian"],"damage_healed":0,"gold_gain":0,"player_choice":"Card Removal","damage_taken":0,"max_hp_gain":0,"max_hp_loss":0,"event_name":"The Cleric","floor":13,"gold_loss":0},{"damage_healed":0,"gold_gain":0,"player_choice":"Ignored","damage_taken":0,"max_hp_gain":0,"max_hp_loss":0,"event_name":"Vampires","floor":31,"gold_loss":0}],"is_beta":false,"boss_relics":[{"not_picked":["Astrolabe","Runic Pyramid"],"picked":"Guardian:ModeShifterPlus"},{"not_picked":["Velvet Choker","Guardian:StasisSlotReductionRelic"],"picked":"Snecko Eye"}],"items_purged_floors":[26,53],"is_endless":false,"potions_floor_spawned":[2,4,9,12,15,20,21,30,32,33,36,45],"ascension_level":5}}