{"host":"2i1rjl87isetstuj","time":1612849242,"event":{"mods":["BaseMod","Better Vampires","Challenge The Spire","Lobotomy","LobotomyExtend","Marked Mod","Minty Spire (QoL Compilation)","Quick Restart","Shop Mod","StSLib","Waifu the Spire","óô»ðÖ¸ÄÏ"],"gold_per_floor":[110,110,110,1486,1506,1506,1525,1525,1550,1560,1576,1576,1586,1602,1602,1699,1699,1699,1699],"floor_reached":18,"language":"ZHS","playtime":894,"items_purged":[],"score":154,"play_id":"3e520adf-ca76-4ce3-a5c9-7a4608883f25","local_time":"20210209134042","is_ascension_mode":false,"campfire_choices":[],"circlet_count":0,"master_deck":["SpecialBullet","SpecialBullet","SpecialBullet","SpecialBullet","SpecialBullet","SpecialBullet","SpecialBullet","SpecialBullet","InformationCode","ControlCode","SecurityCode","FieryBird","Finesse","Violence","FourthMatchFlame","CherryBlossom","Scorched","Galaxy","Wingbeat","UniverseFragment","TodaysExpression","DisciplinaryCode","FourthMatchFlame","TT2Protocol","MeltingLove","ParadiseLost"],"relics":["CogitoBucket","Ancient Tea Set","LetterFromLob","Moonlight_r","MealTicket","Omamori","Medical Kit","Akabeko","BehaviorAdjustment","Runic Dome"],"acts_visited":["Exordium","TheCity"],"potions_floor_usage":[],"damage_taken":[{"damage":0,"enemies":"Small Slimes","floor":1,"turns":2},{"damage":11,"enemies":"2 Louse","floor":5,"turns":2},{"damage":0,"enemies":"Jaw Worm","floor":7,"turns":1},{"damage":0,"enemies":"Exordium Wildlife","floor":10,"turns":1},{"damage":9,"enemies":"3 Louse","floor":11,"turns":2},{"damage":5,"enemies":"Blue Slaver","floor":13,"turns":2},{"damage":0,"enemies":"Large Slime","floor":14,"turns":2},{"damage":4,"enemies":"Slime Boss","floor":16,"turns":4},{"damage":85,"enemies":"2 Thieves","floor":18,"turns":2}],"seed_played":"1066425875180657406","potions_obtained":[{"floor":7,"key":"Explosive Potion"},{"floor":10,"key":"Energy Potion"},{"floor":16,"key":"Energy Potion"}],"is_trial":false,"path_per_floor":["M","?","?","$","M","R","M","R","T","M","M","R","M","M","R","B",null,"M"],"character_chosen":"Angela","items_purchased":["Finesse","MealTicket","Omamori","Medical Kit","Violence","FourthMatchFlame","CherryBlossom"],"campfire_rested":0,"item_purchase_floors":[4,4,4,4,4,4,4],"current_hp_per_floor":[70,70,70,70,67,67,70,70,70,70,73,73,74,74,74,78,78,0,0],"gold":1699,"neow_bonus":"RANDOM_COMMON_RELIC","is_daily":false,"chose_seed":false,"campfire_upgraded":0,"win_rate":0.0,"timestamp":1612849242,"path_taken":["M","?","?","$","M","R","M","R","T","M","M","R","M","M","R","BOSS","M"],"items_purchased_type":["Card","Relic","Relic","Relic","Card","Card","Card"],"build_version":"2020-12-22","purchased_purges":0,"victory":false,"max_hp_per_floor":[70,70,70,70,70,70,70,70,70,70,74,74,74,74,74,78,78,78,78],"card_choices":[{"not_picked":["BeautyBeast","CrumblingArmor"],"picked":"FieryBird","floor":1},{"not_picked":["FrostShard","Pleasure"],"picked":"SKIP","floor":1},{"not_picked":["MeatLantern","BlackSwan"],"picked":"Scorched","floor":5},{"not_picked":["Tough"],"picked":"Galaxy","floor":5},{"not_picked":["Noise","Loneliness"],"picked":"SKIP","floor":7},{"not_picked":["CherryBlossom"],"picked":"Wingbeat","floor":10},{"not_picked":["RedShoes","Alriune"],"picked":"UniverseFragment","floor":11},{"not_picked":["Pleasure"],"picked":"TodaysExpression","floor":11},{"not_picked":["RedEyes"],"picked":"FourthMatchFlame","floor":13},{"not_picked":["Noise","Loneliness"],"picked":"SKIP","floor":14},{"not_picked":["WhitesApple","Murderer"],"picked":"MeltingLove","floor":16},{"not_picked":["DaCapo"],"picked":"ParadiseLost","floor":16}],"player_experience":137800,"relics_obtained":[{"floor":1,"key":"LetterFromLob"},{"floor":9,"key":"Akabeko"}],"event_choices":[{"damage_healed":0,"gold_gain":0,"player_choice":"Ignored","damage_taken":0,"max_hp_gain":0,"max_hp_loss":0,"event_name":"Shining Light","floor":3,"gold_loss":0}],"is_beta":false,"boss_relics":[{"not_picked":["Philosopher\u0027s Stone","Astrolabe"],"picked":"Runic Dome"}],"items_purged_floors":[],"is_endless":false,"potions_floor_spawned":[7,10,16],"killed_by":"2 Thieves","ascension_level":0}}