{"host":"65j9mga0429zsj8m","time":1612900160,"event":{"mods":["2.2 Compatiblity","BaseMod","Downfall","GifTheSpireLib","Minty Spire (QoL Compilation)","StSLib"],"gold_per_floor":[99,118,118,138,9,9,9,9,459,459,476,66,66,66,91,91,91,91],"floor_reached":16,"language":"ENG","playtime":810,"items_purged":["hexamod:Float","downfall:Icky"],"score":88,"play_id":"f454615d-9737-405d-a5d1-e8caf7615653","local_time":"20210210064920","is_ascension_mode":false,"campfire_choices":[{"data":"hexamod:Sear","floor":1,"key":"SMITH"},{"floor":8,"key":"RECALL"}],"circlet_count":0,"master_deck":["hexamod:Strike","hexamod:Strike","hexamod:Strike","hexamod:Strike","hexamod:Defend","hexamod:Defend","hexamod:Defend","hexamod:Defend","hexamod:Sear+1","hexamod:StepThrough+1","hexamod:PhantomCloak","hexamod:ExtraCrispy","hexamod:ThirdSeal","downfall:Icky","hexamod:SecondSeal","hexamod:StepThrough+1","hexamod:Firestarter+1","hexamod:StepThrough","hexamod:NightmareStrike","hexamod:GhostShield","hexamod:SwordOfDarkness"],"relics":["hexamod:SpiritBrand","InkBottle","Omamori"],"acts_visited":["Exordium"],"potions_floor_usage":[],"damage_taken":[{"damage":2,"enemies":"Small Slimes","floor":2,"turns":5},{"damage":3,"enemies":"Jaw Worm","floor":4,"turns":3},{"damage":0,"enemies":"downfall:FleeingMerchant","floor":5,"turns":4},{"damage":0,"enemies":"Cultist","floor":10,"turns":1},{"damage":10,"enemies":"2 Fungi Beasts","floor":11,"turns":5},{"damage":5,"enemies":"downfall:FleeingMerchant","floor":12,"turns":4},{"damage":21,"enemies":"Exordium Wildlife","floor":15,"turns":6},{"damage":36,"enemies":"DF_ARCHETYPE_STREAMLINE","floor":16,"turns":5}],"seed_played":"5749346057010056568","potions_obtained":[{"floor":2,"key":"Guardian:BlockOnCardUsePotion"},{"floor":11,"key":"LiquidBronze"},{"floor":15,"key":"ColorlessPotion"}],"is_trial":false,"path_per_floor":["R","M","?","M","$","?","T","R","?","M","M","$","?","?","M","B"],"character_chosen":"THE_SPIRIT","items_purchased":["hexamod:ExtraCrispy","hexamod:StepThrough","hexamod:NightmareStrike","hexamod:GhostShield","Omamori"],"campfire_rested":0,"item_purchase_floors":[5,12,12,12,12],"current_hp_per_floor":[77,75,75,72,72,72,72,72,72,72,62,57,57,57,36,0,0,0],"gold":91,"neow_bonus":"TEN_PERCENT_HP_BONUS","is_daily":false,"chose_seed":false,"campfire_upgraded":1,"win_rate":0.0,"timestamp":1612900160,"path_taken":["R","M","?","M","$","?","T","R","?","?","M","$","?","?","M","BOSS"],"items_purchased_type":["Card","Card","Card","Card","Relic"],"build_version":"2020-12-22","purchased_purges":2,"victory":false,"max_hp_per_floor":[77,77,77,77,77,77,77,77,77,77,77,77,77,77,77,77,77,77],"card_choices":[{"not_picked":["hexamod:Incineration","hexamod:GhostflameBarrier"],"picked":"hexamod:StepThrough","floor":2},{"not_picked":["hexamod:SkipABeat","hexamod:ThermalTransfer"],"picked":"hexamod:SpectersWail","floor":4},{"not_picked":["hexamod:AdvancingGuard","hexamod:TurnItUp"],"picked":"hexamod:PhantomCloak","floor":5},{"not_picked":["hexamod:HauntingEcho","hexamod:FastForward","hexamod:SkipABeat"],"picked":"SKIP","floor":10},{"not_picked":["hexamod:NightmareStrike","hexamod:BacktrackSmack"],"picked":"hexamod:SecondSeal","floor":11},{"not_picked":["hexamod:HeatMetal","hexamod:ShieldOfDarkness"],"picked":"hexamod:StepThrough","floor":11},{"not_picked":["hexamod:GhostLash","hexamod:ThermalTransfer"],"picked":"hexamod:Firestarter","floor":12},{"not_picked":["hexamod:TimeOfNeed","hexamod:ThermalTransfer","hexamod:HeatMetal"],"picked":"SKIP","floor":12},{"not_picked":["hexamod:ThermalTransfer","hexamod:GhostShield"],"picked":"hexamod:SwordOfDarkness","floor":15}],"player_experience":65179,"relics_obtained":[{"floor":7,"key":"InkBottle"}],"event_choices":[{"cards_removed":["downfall:Icky"],"damage_healed":0,"gold_gain":0,"player_choice":"Card Removal","damage_taken":0,"max_hp_gain":0,"max_hp_loss":0,"event_name":"The Cleric","floor":13,"gold_loss":0}],"is_beta":false,"boss_relics":[],"items_purged_floors":[5,12],"is_endless":false,"potions_floor_spawned":[2,11,15],"killed_by":"DF_ARCHETYPE_STREAMLINE","ascension_level":0}}