{"host":"32dedufnxebqtmo3","time":1612893750,"event":{"mods":["AchievementEnabler","BaseMod","Better Third Choice","Card Filter","Colored Powertips","Defuse TimeMaze Blight","GifTheSpireLib","Minty Spire (QoL Compilation)","Permanent Neow","Relic Filter","Relic Stats","Remove Card Discount Mod","Shop Mod","StSLib","The Cursed","TheSwordswoman","Unceasing Turn Reminder"],"gold_per_floor":[115,125,200,212,22,55,55,55,78,78,113,125,125,139,139,236,236,251,131,150,167,167,167,180,213,213,213,41,53,153,168,168,271,271,287,55,55,71,71,98,98,129,153,171,171,186,186,200,200,200],"floor_reached":51,"language":"ENG","playtime":6953,"items_purged":["Writhe","blazmod:Strike","blazmod:Defend","blazmod:Strike","blazmod:Strike","blazmod:Strike","blazmod:Defend","blazmod:Defend","blazmod:Defend","blazmod:Crosscut"],"score":912,"play_id":"94a7711d-1cfa-469e-98e8-dc09e331dd4c","local_time":"20210209100230","is_ascension_mode":false,"campfire_choices":[{"floor":7,"key":"REST"},{"data":"blazmod:DrippingWaterHollowsStone","floor":10,"key":"SMITH"},{"floor":15,"key":"REST"},{"data":"blazmod:SecondSight","floor":23,"key":"SMITH"},{"data":"blazmod:FleetOfFoot","floor":27,"key":"SMITH"},{"data":"blazmod:Valiance","floor":32,"key":"SMITH"},{"data":"blazmod:MindsEye","floor":41,"key":"SMITH"},{"data":"blazmod:MirrorImage","floor":45,"key":"SMITH"},{"data":"blazmod:FleetingDawn","floor":49,"key":"SMITH"}],"circlet_count":0,"master_deck":["blazmod:ButterflyEffect","blazmod:SeismicSlash","blazmod:FleetOfFoot+1","blazmod:FleetingDawn+1","blazmod:StanceChange","Flash of Steel","blazmod:DrippingWaterHollowsStone+1","blazmod:SecondSight+1","blazmod:PhysicalEndurance","blazmod:DevilDivine","blazmod:DanceOfTheGods+1","blazmod:BladeOfEnlightenment","blazmod:Valiance+1","blazmod:EightLifePilgrimage","blazmod:FortifiedVigor","blazmod:TravelJournal","Flash of Steel","blazmod:SeismicSlash","blazmod:FortifiedVigor","blazmod:MirrorImage+1","blazmod:MindsEye+1","Madness","Madness","Pain","blazmod:DevilDivine","blazmod:RevolvingPhoenix+1"],"relics":["blazmod:Venustas","Kunai","Lantern","Centennial Puzzle","blazmod:Raikiri","blazmod:Vyxaba","Ancient Tea Set","Bottled Lightning","Empty Cage","WarpedTongs","Ginger","Blood Vial","PreservedInsect","Sundial"],"acts_visited":["Exordium","TheCity","TheBeyond"],"potions_floor_usage":[21,50],"damage_taken":[{"damage":0,"enemies":"Small Slimes","floor":1,"turns":2},{"damage":6,"enemies":"Jaw Worm","floor":2,"turns":4},{"damage":1,"enemies":"Cultist","floor":4,"turns":5},{"damage":3,"enemies":"Lagavulin","floor":6,"turns":8},{"damage":20,"enemies":"Gremlin Nob","floor":11,"turns":4},{"damage":0,"enemies":"3 Louse","floor":12,"turns":4},{"damage":0,"enemies":"Lots of Slimes","floor":14,"turns":3},{"damage":9,"enemies":"Slime Boss","floor":16,"turns":11},{"damage":0,"enemies":"Spheric Guardian","floor":18,"turns":8},{"damage":3,"enemies":"Chosen","floor":20,"turns":4},{"damage":0,"enemies":"Centurion and Healer","floor":21,"turns":12},{"damage":0,"enemies":"Snake Plant","floor":24,"turns":6},{"damage":0,"enemies":"Book of Stabbing","floor":25,"turns":7},{"damage":0,"enemies":"Cultist and Chosen","floor":29,"turns":4},{"damage":0,"enemies":"Shelled Parasite and Fungi","floor":31,"turns":5},{"damage":0,"enemies":"Automaton","floor":33,"turns":4},{"damage":0,"enemies":"3 Darklings","floor":35,"turns":1},{"damage":0,"enemies":"3 Shapes","floor":38,"turns":1},{"damage":2,"enemies":"Nemesis","floor":40,"turns":3},{"damage":1,"enemies":"Reptomancer","floor":42,"turns":4},{"damage":1,"enemies":"Sphere and 2 Shapes","floor":44,"turns":1},{"damage":1,"enemies":"4 Shapes","floor":46,"turns":2},{"damage":1,"enemies":"Spire Growth","floor":48,"turns":2},{"damage":1,"enemies":"Donu and Deca","floor":50,"turns":3}],"seed_played":"5975988631345891562","potions_obtained":[{"floor":1,"key":"SpeedPotion"},{"floor":6,"key":"SkillPotion"},{"floor":20,"key":"EssenceOfSteel"},{"floor":21,"key":"ColorlessPotion"},{"floor":44,"key":"Block Potion"}],"is_trial":false,"path_per_floor":["M","M","?","M","$","E","R","$","T","R","E","M","?","M","R","B",null,"M","$","M","M","?","R","M","E","T","R","$","M","?","M","R","B",null,"M","$","?","M","?","E","R","E","T","M","R","M","?","M","R","B",null],"character_chosen":"THE_SWORDSWOMAN","items_purchased":["Flash of Steel","blazmod:DrippingWaterHollowsStone","blazmod:Crosscut","blazmod:DanceOfTheGods","blazmod:BladeOfEnlightenment","blazmod:TravelJournal","Flash of Steel","blazmod:MirrorImage","blazmod:MindsEye"],"campfire_rested":2,"item_purchase_floors":[5,5,5,19,19,28,28,36,36],"current_hp_per_floor":[40,34,23,22,22,19,31,31,31,31,11,11,4,4,16,7,40,40,40,50,65,65,65,65,68,68,68,68,68,68,68,68,68,68,68,68,59,67,67,67,67,67,67,67,67,67,67,67,67,67],"gold":200,"neow_bonus":"THREE_RARE_CARDS","is_daily":false,"chose_seed":false,"campfire_upgraded":7,"win_rate":0.0,"timestamp":1612893750,"path_taken":["M","M","?","M","$","E","R","$","T","R","E","M","?","M","R","BOSS","M","$","M","M","?","R","M","E","T","R","$","?","?","?","R","BOSS","M","$","?","M","?","E","R","E","T","M","R","?","?","M","R","BOSS"],"items_purchased_type":["Card","Card","Card","Card","Card","Card","Card","Card","Card"],"build_version":"2020-12-22","purchased_purges":10,"victory":true,"max_hp_per_floor":[40,40,40,40,40,40,40,40,40,40,40,40,40,40,40,40,40,40,40,53,68,68,68,68,68,68,68,68,68,68,68,68,68,68,68,68,68,68,68,68,68,68,68,68,68,68,68,68,68,68],"relic_stats":{"Blood Vial":4,"Centennial Puzzle":[18],"counters":[24,108],"Sundial":[4],"PreservedInsect":0,"Kunai":[75],"Ginger":[16],"obtain_stats":[{"blazmod:Raikiri":13,"Lantern":9,"PreservedInsect":43,"blazmod:Vyxaba":17,"Ginger":40,"Ancient Tea Set":25,"Empty Cage":34,"WarpedTongs":39,"Blood Vial":42,"blazmod:Venustas":0,"Centennial Puzzle":11,"Sundial":47,"Kunai":6,"Bottled Lightning":26},{"blazmod:Raikiri":6,"Lantern":4,"PreservedInsect":20,"blazmod:Vyxaba":8,"Ginger":19,"Ancient Tea Set":13,"Empty Cage":16,"WarpedTongs":18,"Blood Vial":20,"blazmod:Venustas":0,"Centennial Puzzle":5,"Sundial":22,"Kunai":4,"Bottled Lightning":13},{"blazmod:Raikiri":27,"Lantern":19,"PreservedInsect":100,"blazmod:Vyxaba":41,"Ginger":96,"Ancient Tea Set":78,"Empty Cage":91,"WarpedTongs":93,"Blood Vial":100,"blazmod:Venustas":0,"Centennial Puzzle":23,"Sundial":103,"Kunai":19,"Bottled Lightning":78}],"WarpedTongs":[15]},"card_choices":[{"not_picked":["blazmod:ForgeWays","blazmod:HoumatsuMugenKochouji"],"picked":"blazmod:SeismicSlash","floor":0},{"not_picked":["blazmod:MentalFocus","blazmod:SidewaySolace"],"picked":"blazmod:FleetOfFoot","floor":1},{"not_picked":["blazmod:StanceChange","blazmod:MentalFocus"],"picked":"blazmod:FleetingDawn","floor":2},{"not_picked":["blazmod:BoulderFlash","blazmod:SidewaySolace"],"picked":"blazmod:StanceChange","floor":4},{"not_picked":["blazmod:SureOfHand","blazmod:KatanaStrike"],"picked":"blazmod:FocusThroughFalls","floor":6},{"not_picked":["blazmod:Valiance","blazmod:Unrestrained"],"picked":"blazmod:SecondSight","floor":11},{"not_picked":["blazmod:BoulderFlash","blazmod:Valiance"],"picked":"blazmod:PhysicalEndurance","floor":12},{"not_picked":["blazmod:Crosscut","blazmod:CastAwayDew"],"picked":"blazmod:PhysicalEndurance","floor":14},{"not_picked":["blazmod:AlmightyPassage","blazmod:DawnflutterDance"],"picked":"blazmod:CrescentMoon","floor":16},{"not_picked":["blazmod:Trasient","blazmod:MentalFocus"],"picked":"blazmod:DevilDivine","floor":18},{"not_picked":["blazmod:CastAwayDew","blazmod:SidewaySolace"],"picked":"blazmod:Valiance","floor":20},{"not_picked":["blazmod:FleetOfFoot","blazmod:Trasient","blazmod:Unrestrained"],"picked":"SKIP","floor":21},{"not_picked":["blazmod:BlindingFlash","blazmod:StanceChange"],"picked":"blazmod:EightLifePilgrimage","floor":24},{"not_picked":["blazmod:ApexLegends+1","blazmod:Unrestrained+1"],"picked":"blazmod:FortifiedVigor","floor":25},{"not_picked":["blazmod:DrippingWaterHollowsStone","blazmod:StanceChange","blazmod:Crosscut+1"],"picked":"SKIP","floor":29},{"not_picked":["blazmod:SureOfHand+1","blazmod:ApexLegends+1","blazmod:BeTheBlade"],"picked":"SKIP","floor":31},{"not_picked":["blazmod:EightLifePilgrimage","blazmod:GlasswingWaltz"],"picked":"blazmod:SeismicSlash","floor":33},{"not_picked":["blazmod:Trasient","blazmod:KatanaStrike+1"],"picked":"blazmod:FortifiedVigor","floor":35},{"not_picked":["blazmod:WildButterfly","blazmod:FlashRock+1","blazmod:BoulderFlash"],"picked":"SKIP","floor":38},{"not_picked":["blazmod:KatanaStrike","blazmod:FortifiedVigor+1"],"picked":"blazmod:DevilDivine","floor":40},{"not_picked":["blazmod:HarmonyComplete+1","blazmod:Quickdraw+1","blazmod:BoulderFlash+1"],"picked":"SKIP","floor":42},{"not_picked":["blazmod:TandenKatsu+1","blazmod:Trasient+1","blazmod:BoulderFlash"],"picked":"SKIP","floor":44},{"not_picked":["blazmod:BoulderFlash","blazmod:DevilDivine"],"picked":"blazmod:RevolvingPhoenix+1","floor":46},{"not_picked":["blazmod:MentalFocus","blazmod:FlawlessDraw+1","blazmod:Crosscut+1"],"picked":"SKIP","floor":48}],"player_experience":696355,"relics_obtained":[{"floor":6,"key":"Kunai"},{"floor":9,"key":"Lantern"},{"floor":11,"key":"Centennial Puzzle"},{"floor":25,"key":"Ancient Tea Set"},{"floor":26,"key":"Bottled Lightning"},{"floor":40,"key":"Ginger"},{"floor":42,"key":"Blood Vial"},{"floor":43,"key":"PreservedInsect"}],"event_choices":[{"damage_healed":0,"gold_gain":75,"player_choice":"Gold","damage_taken":11,"max_hp_gain":0,"max_hp_loss":0,"event_name":"betterThird:BetterGoop","floor":3,"gold_loss":0},{"damage_healed":0,"gold_gain":1,"player_choice":"Relic ","damage_taken":7,"max_hp_gain":0,"max_hp_loss":0,"event_name":"betterThird:BetterScrap","floor":13,"gold_loss":0,"cards_obtained":["Pummel"]},{"damage_healed":0,"gold_gain":0,"player_choice":"Upgraded","damage_taken":0,"max_hp_gain":0,"max_hp_loss":0,"event_name":"Upgrade Shrine","floor":22,"gold_loss":0,"cards_upgraded":["blazmod:DanceOfTheGods"]},{"damage_healed":0,"gold_gain":100,"player_choice":"Pray","damage_taken":0,"max_hp_gain":0,"max_hp_loss":0,"event_name":"Golden Shrine","floor":30,"gold_loss":0},{"damage_healed":0,"gold_gain":0,"player_choice":"Embrace Madness","damage_taken":9,"max_hp_gain":0,"max_hp_loss":0,"event_name":"Winding Halls","floor":37,"gold_loss":0,"cards_obtained":["Madness","Madness"]},{"damage_healed":0,"gold_gain":0,"player_choice":"Rummage","damage_taken":0,"relics_obtained":["WarpedTongs"],"max_hp_gain":0,"max_hp_loss":0,"event_name":"Accursed Blacksmith","floor":39,"gold_loss":0,"cards_obtained":["Pain"]},{"cards_removed":["blazmod:PhysicalEndurance"],"damage_healed":0,"gold_gain":0,"player_choice":"Gave Card","damage_taken":0,"relics_obtained":["Sundial"],"max_hp_gain":0,"max_hp_loss":0,"event_name":"WeMeetAgain","floor":47,"gold_loss":0}],"is_beta":false,"boss_relics":[{"not_picked":["Busted Crown","SacredBark"],"picked":"blazmod:Vyxaba"},{"not_picked":["Astrolabe","Pandora\u0027s Box"],"picked":"Empty Cage"}],"items_purged_floors":[5,19,19,19,28,28,28,28,28,36],"is_endless":false,"potions_floor_spawned":[1,6,20,21,29,38,42,44,46],"ascension_level":0}}