{"host":"am551fa6890rb9vo","time":1612884275,"event":{"mods":["BaseMod","DeckTracker","Minty Spire (QoL Compilation)","Morshu Shopkeeper - ENHANCED","Rare Cards Sparkle","Relic Stats","Smile Girya","StSLib","The IronCluck","everything is the same but u backflip on backflip","slay the spire mod where everything is the same but ironclad has a cowboy hat"],"gold_per_floor":[117,134,146,146,166,166,166,166],"floor_reached":7,"language":"ENG","playtime":388,"items_purged":[],"score":43,"play_id":"50ecba31-72ed-4006-a89a-54985090457f","local_time":"20210209152435","is_ascension_mode":false,"campfire_choices":[{"data":"Glacier","floor":6,"key":"SMITH"}],"circlet_count":0,"master_deck":["Strike_B","Strike_B","Strike_B","Defend_B","Defend_B","Defend_B","Defend_B","Zap","Dualcast","Glacier+1"],"relics":["Snecko Eye"],"acts_visited":["Exordium"],"potions_floor_usage":[],"damage_taken":[{"damage":4,"enemies":"Cultist","floor":1,"turns":4},{"damage":4,"enemies":"2 Louse","floor":2,"turns":4},{"damage":0,"enemies":"Small Slimes","floor":3,"turns":3},{"damage":12,"enemies":"3 Louse","floor":5,"turns":4},{"damage":51,"enemies":"Gremlin Nob","floor":7,"turns":6}],"seed_played":"2903184171228673803","potions_obtained":[{"floor":1,"key":"SkillPotion"},{"floor":2,"key":"ColorlessPotion"},{"floor":5,"key":"PowerPotion"}],"is_trial":false,"path_per_floor":["M","M","M","?","M","R","E"],"character_chosen":"DEFECT","items_purchased":[],"campfire_rested":0,"item_purchase_floors":[],"current_hp_per_floor":[71,67,67,60,48,48,0,0],"gold":166,"neow_bonus":"BOSS_RELIC","is_daily":false,"chose_seed":false,"campfire_upgraded":1,"win_rate":0.0,"timestamp":1612884275,"path_taken":["M","?","M","?","M","R","E"],"items_purchased_type":[],"build_version":"2020-12-22","purchased_purges":0,"victory":false,"max_hp_per_floor":[75,75,75,75,75,75,75,75],"relic_stats":{"counters":[5,21],"Snecko Eye":[32,39,29,47],"obtain_stats":[{"Snecko Eye":0,"Cracked Core":0},{"Snecko Eye":0,"Cracked Core":0},{"Snecko Eye":0,"Cracked Core":0}]},"card_choices":[{"not_picked":["White Noise","Leap","Static Discharge"],"picked":"SKIP","floor":1},{"not_picked":["Darkness","Redo","Conserve Battery"],"picked":"SKIP","floor":2},{"not_picked":["Barrage","Consume","Redo"],"picked":"SKIP","floor":3},{"not_picked":["Barrage","Consume","Redo"],"picked":"SKIP","floor":3},{"not_picked":["Hologram","Beam Cell"],"picked":"Glacier","floor":5}],"player_experience":61397,"relics_obtained":[],"event_choices":[{"cards_removed":["Strike_B"],"damage_healed":0,"gold_gain":0,"player_choice":"Card Removal","damage_taken":7,"max_hp_gain":0,"max_hp_loss":0,"event_name":"Golden Wing","floor":4,"gold_loss":0}],"is_beta":false,"boss_relics":[],"items_purged_floors":[],"is_endless":false,"potions_floor_spawned":[1,2,5],"killed_by":"Gremlin Nob","ascension_level":0}}