{"host":"i09pxcjttd31eh4q","time":1612837193,"event":{"mods":["AchievementEnabler","BaseMod","Colored Map","Keyboard Shortcuts","Minty Spire (QoL Compilation)","StSLib","SuperFastMode"],"gold_per_floor":[109,109,129,204,223,248,1,1,1,1,12,32,47,101,101,101,101],"floor_reached":16,"language":"KOR","playtime":232,"items_purged":["Strike_G"],"score":204,"play_id":"a1ce6598-2bb4-47e2-bf8a-27f01d9a4ff4","local_time":"20210209111953","is_ascension_mode":true,"campfire_choices":[{"data":"Catalyst","floor":8,"key":"SMITH"},{"data":"Crippling Poison","floor":15,"key":"SMITH"}],"circlet_count":0,"master_deck":["AscendersBane","Strike_G","Strike_G","Strike_G","Strike_G","Defend_G","Defend_G","Defend_G","Defend_G","Defend_G","Survivor","Neutralize+1","Tactician","Deadly Poison","Catalyst+1","Dagger Throw","Backflip","Crippling Poison+1"],"relics":["Ring of the Snake","NeowsBlessing","Singing Bowl","Blood Vial","Letter Opener","Regal Pillow"],"acts_visited":["Exordium"],"potions_floor_usage":[6,12],"damage_taken":[{"damage":0,"enemies":"2 Louse","floor":1,"turns":1},{"damage":0,"enemies":"Cultist","floor":3,"turns":1},{"damage":0,"enemies":"Small Slimes","floor":5,"turns":1},{"damage":29,"enemies":"Gremlin Nob","floor":6,"turns":4},{"damage":4,"enemies":"Exordium Wildlife","floor":11,"turns":5},{"damage":10,"enemies":"Gremlin Gang","floor":12,"turns":7},{"damage":19,"enemies":"Exordium Thugs","floor":13,"turns":3},{"damage":12,"enemies":"The Guardian","floor":16,"turns":5}],"seed_played":"-8807713361546553950","potions_obtained":[{"floor":1,"key":"FearPotion"},{"floor":3,"key":"CunningPotion"},{"floor":10,"key":"Regen Potion"}],"is_trial":false,"path_per_floor":["M","?","M","?","M","E","$","R","T","?","M","M","M","T","R","B"],"character_chosen":"THE_SILENT","items_purchased":["Blood Vial"],"campfire_rested":0,"item_purchase_floors":[7],"current_hp_per_floor":[59,59,59,48,48,19,19,19,19,19,19,26,9,9,9,0,0],"gold":101,"neow_bonus":"THREE_ENEMY_KILL","is_daily":false,"chose_seed":false,"campfire_upgraded":2,"win_rate":0.0,"timestamp":1612837193,"path_taken":["M","?","?","?","M","E","$","R","T","?","M","M","?","?","R","BOSS"],"items_purchased_type":["Relic"],"build_version":"2020-12-22","purchased_purges":1,"victory":false,"max_hp_per_floor":[66,66,66,66,66,66,66,66,66,66,68,68,68,68,68,68,68],"card_choices":[{"not_picked":["Eviscerate","Quick Slash"],"picked":"Tactician","floor":1},{"not_picked":["Flying Knee","Sucker Punch"],"picked":"Deadly Poison","floor":3},{"not_picked":["Cloak And Dagger","Dagger Spray"],"picked":"Catalyst","floor":5},{"not_picked":["Blade Dance","Setup"],"picked":"Dagger Throw","floor":6},{"not_picked":["All Out Attack","Sucker Punch","Endless Agony"],"picked":"Singing Bowl","floor":11},{"not_picked":["Deflect","Die Die Die"],"picked":"Backflip","floor":12},{"not_picked":["Dagger Spray","Backflip"],"picked":"Crippling Poison","floor":13}],"player_experience":891901,"relics_obtained":[{"floor":6,"key":"Singing Bowl"},{"floor":9,"key":"Letter Opener"},{"floor":14,"key":"Regal Pillow"}],"event_choices":[{"damage_healed":0,"gold_gain":0,"player_choice":"Upgraded","damage_taken":0,"max_hp_gain":0,"max_hp_loss":0,"event_name":"Upgrade Shrine","floor":2,"gold_loss":0,"cards_upgraded":["Neutralize"]},{"damage_healed":0,"gold_gain":75,"player_choice":"Gather Gold","damage_taken":11,"max_hp_gain":0,"max_hp_loss":0,"event_name":"World of Goop","floor":4,"gold_loss":0},{"damage_healed":0,"gold_gain":0,"player_choice":"Got Potions","damage_taken":0,"max_hp_gain":0,"max_hp_loss":0,"event_name":"Lab","floor":10,"gold_loss":0}],"is_beta":false,"boss_relics":[],"items_purged_floors":[7],"is_endless":false,"potions_floor_spawned":[1,3],"killed_by":"The Guardian","ascension_level":20}}