{"host":"kmq7aw60w430zvtx","time":1612859196,"event":{"mods":["BaseMod","Downfall","GifTheSpireLib","Hermit","Hubris","Infinite Spire","Minty Spire (QoL Compilation)","Reliquary","Replay The Spire","Spire Arcade","StSLib","The Construct","The Cursed","The Hierophant","The Jungle","The Necromancer","The Runesmith"],"gold_per_floor":[117,134,145,145,131,131,159,159,183,31,61,61,12,26,26,26,26],"floor_reached":16,"language":"ENG","playtime":926,"items_purged":[],"score":154,"play_id":"6dcf8a85-54ad-4801-b111-343ec1d901c5","local_time":"20210209092636","is_ascension_mode":true,"campfire_choices":[{"floor":6,"key":"RECALL"},{"floor":8,"key":"REST"},{"floor":15,"key":"REST"}],"circlet_count":0,"master_deck":["Strike_G+1","Strike_G+1","Strike_G+1","Strike_G+1","Strike_G+1","Defend_G","Defend_G","Defend_G","Defend_G","Defend_G","Survivor","Neutralize","ReplayTheSpireMod:Speed Training","Backflip","Blade Dance","Die Die Die","Slice","Backflip"],"relics":["Ring of the Snake","Anchor","Sling","Replay:Bottled Eggs"],"acts_visited":["Exordium"],"potions_floor_usage":[7,7,16,16],"damage_taken":[{"damage":1,"enemies":"Cultist","floor":1,"turns":4},{"damage":6,"enemies":"Small Slimes","floor":2,"turns":5},{"damage":0,"enemies":"2 Louse","floor":3,"turns":6},{"damage":11,"enemies":"Exordium Thugs","floor":5,"turns":6},{"damage":52,"enemies":"Lagavulin","floor":7,"turns":12},{"damage":14,"enemies":"3 Sentries","floor":11,"turns":6},{"damage":0,"enemies":"Blue Slaver","floor":14,"turns":3},{"damage":84,"enemies":"Fading Forest","floor":16,"turns":9}],"seed_played":"5341721747567480098","potions_obtained":[{"floor":3,"key":"Regen Potion"},{"floor":5,"key":"Energy Potion"},{"floor":14,"key":"Weak Potion"}],"is_trial":false,"path_per_floor":["M","M","M","?","M","R","E","R","T","$","E","?","$","M","R","B"],"character_chosen":"THE_SILENT","items_purchased":["Sling","SkillPotion"],"campfire_rested":2,"item_purchase_floors":[10,13],"current_hp_per_floor":[69,63,63,77,66,66,29,52,52,52,38,38,38,38,61,0,0],"gold":26,"neow_bonus":"TEN_PERCENT_HP_BONUS","is_daily":false,"chose_seed":false,"campfire_upgraded":0,"win_rate":0.0,"timestamp":1612859196,"path_taken":["M","?","M","?","?","R","E","R","T","$","E","?","$","M","R","BOSS"],"items_purchased_type":["Relic","Potion"],"build_version":"2020-12-22","purchased_purges":0,"victory":false,"max_hp_per_floor":[77,77,77,77,77,77,77,77,77,77,77,77,77,77,77,77,77],"card_choices":[{"not_picked":["hubris:Counter","Outmaneuver"],"picked":"ReplayTheSpireMod:Speed Training","floor":1},{"not_picked":["Sucker Punch","Bane"],"picked":"Backflip","floor":2},{"not_picked":["Dodge and Roll","Riddle With Holes"],"picked":"Reflex","floor":3},{"not_picked":["Deadly Poison","Poisoned Stab"],"picked":"Blade Dance","floor":5},{"not_picked":["hubris:TrickCloak","Dagger Spray"],"picked":"Die Die Die","floor":7},{"not_picked":["PiercingWail","Acrobatics"],"picked":"Slice","floor":11},{"not_picked":["Acrobatics","Deadly Poison"],"picked":"Backflip","floor":14}],"player_experience":353860,"relics_obtained":[{"floor":7,"key":"Anchor"},{"floor":11,"key":"Replay:Bottled Eggs"}],"event_choices":[{"cards_removed":["Reflex"],"damage_healed":14,"gold_gain":0,"player_choice":"Offered Uncommon","damage_taken":0,"max_hp_gain":0,"max_hp_loss":0,"event_name":"Bonfire Elementals","floor":4,"gold_loss":0},{"damage_healed":0,"gold_gain":0,"player_choice":"Leave","damage_taken":0,"max_hp_gain":0,"max_hp_loss":0,"event_name":"FaceTrader","floor":12,"gold_loss":0}],"is_beta":false,"boss_relics":[],"items_purged_floors":[],"is_endless":false,"potions_floor_spawned":[3,5,14],"killed_by":"Fading Forest","ascension_level":8}}