{"host":"vflj39ie5n27t074","time":1612840095,"event":{"mods":["BaseMod","BetterRewards","Bossed Relics","Colored Map","Colored Powertips","Downfall","Hero for Fun","Hubris","Infinite Spire","Marisa????????","Minty Spire (QoL Compilation)","Remilia??????","Replay The Spire","SIMod","StSLib","The Bug Knight","The Jungle","The Mystic","The Poker Player","The Servant 0.9.4"],"gold_per_floor":[117,117,117,192,209,209,209,209],"floor_reached":7,"language":"ENG","playtime":454,"items_purged":[],"score":41,"play_id":"0d5bd85f-3580-43fa-8625-50eeccb23b22","local_time":"20210208210815","is_ascension_mode":true,"campfire_choices":[{"data":"HarmonyShield","floor":6,"key":"SMITH"}],"circlet_count":0,"master_deck":["Strike_AJ","Strike_TS","Strike_RR","Strike_RD","Defend_TS","Defend_PP","Defend_FS","Defend_AJ","ConcertedEfforts+1","HarmonyShield+1","Yay","FriendOfNature","Batlization"],"relics":["The_element_of_harmony"],"acts_visited":["Exordium"],"potions_floor_usage":[],"damage_taken":[{"damage":0.0,"enemies":"Jaw Worm","floor":1.0,"turns":4.0},{"damage":3,"enemies":"Small Slimes","floor":5,"turns":3},{"damage":97,"enemies":"Gremlin Nob","floor":7,"turns":6}],"seed_played":"-7733241507923983473","potions_obtained":[{"floor":1.0,"key":"Energy Potion"}],"is_trial":false,"path_per_floor":["M","?","?","?","M","R","E"],"character_chosen":"TWI_CLASS","items_purchased":[],"campfire_rested":0,"item_purchase_floors":[],"current_hp_per_floor":[90,90,90,81,78,78,0,0],"gold":209,"neow_bonus":"TEN_PERCENT_HP_BONUS","is_daily":false,"chose_seed":false,"campfire_upgraded":1,"win_rate":0.0,"timestamp":1612840095,"path_taken":["M","?","?","?","M","R","E"],"items_purchased_type":[],"build_version":"2020-12-22","purchased_purges":0,"victory":false,"max_hp_per_floor":[90,90,90,90,90,90,90,90],"card_choices":[{"not_picked":["Perfectionism"],"picked":"Yay","floor":1.0},{"not_picked":["Whining"],"picked":"FriendOfNature","floor":1.0},{"not_picked":["DynamicVision","Tornado"],"picked":"SKIP","floor":5},{"not_picked":["Whining","KillingWithKindness"],"picked":"SKIP","floor":5}],"player_experience":115855,"relics_obtained":[],"event_choices":[{"damage_healed":0.0,"max_hp_gain":0.0,"max_hp_loss":0.0,"gold_gain":0.0,"event_name":"Living Wall","player_choice":"Grow","floor":2.0,"gold_loss":0.0,"damage_taken":0.0,"cards_upgraded":["ConcertedEfforts"]},{"damage_healed":0.0,"max_hp_gain":0.0,"max_hp_loss":0.0,"gold_gain":75.0,"event_name":"FaceTrader","player_choice":"Touch","floor":4.0,"gold_loss":0.0,"damage_taken":9.0}],"is_beta":false,"boss_relics":[],"items_purged_floors":[],"is_endless":false,"potions_floor_spawned":[1],"killed_by":"Gremlin Nob","ascension_level":1}}