{"host":"soyfmymeou4emntr","time":1612849798,"event":{"mods":["BaseMod","Minty Spire (QoL Compilation)","Permanent Neow","Relic Sorter","Relic Stats","StSLib"],"gold_per_floor":[19,29,79,90,101,101,127,127,127,153,203,230,241,12,12,91,91,107,107,81,93,93,93,103,134,134,167,199,211,275,306,318,404,416,443,468,480,508,79,113,125,140,140,140,172,172,227,227,227,227,227,227,227,38,63,63],"floor_reached":57,"language":"ENG","playtime":5077,"items_purged":["Strike_R"],"score":2819,"play_id":"daf62ed2-2857-44fc-a591-30e88d791e8c","local_time":"20210208224958","is_ascension_mode":true,"campfire_choices":[{"data":"Uppercut","floor":6.0,"key":"SMITH"},{"data":"Inflame","floor":8.0,"key":"SMITH"},{"data":"Limit Break","floor":15.0,"key":"SMITH"},{"data":"Pummel","floor":23.0,"key":"SMITH"},{"data":"Armaments","floor":29.0,"key":"SMITH"},{"floor":32.0,"key":"REST"},{"floor":44.0,"key":"RECALL"},{"floor":49.0,"key":"REST"},{"data":"Impervious","floor":53,"key":"SMITH"}],"circlet_count":0,"master_deck":["AscendersBane","Strike_R","Strike_R","Strike_R+1","Defend_R","Defend_R","Defend_R","Bash","Inflame+1","Whirlwind+1","Pummel+1","Uppercut+1","Bloodletting","Shrug It Off","Burning Pact","Shrug It Off","Limit Break+1","Feel No Pain","Limit Break","Twin Strike+1","Iron Wave+1","Limit Break+1","Heavy Blade+1","Impervious+1","Armaments+1","Double Tap","Exhume","Juggernaut","Sword Boomerang+1","Feed+1","Sword Boomerang+1","Disarm","Flame Barrier+1"],"relics":["Burning Blood","Red Skull","Pantograph","Incense Burner","Molten Egg 2","Black Star","Mercury Hourglass","Toy Ornithopter","The Courier","Bottled Tornado","MawBank","Cursed Key","Sling","Centennial Puzzle","HornCleat","Kunai","Whetstone","Art of War","Champion Belt","OrangePellets","Bird Faced Urn","Eternal Feather"],"acts_visited":["Exordium","TheCity","TheBeyond","TheEnding"],"potions_floor_usage":[56,56],"damage_taken":[{"damage":4.0,"enemies":"Small Slimes","floor":1.0,"turns":3.0},{"damage":2.0,"enemies":"Cultist","floor":2.0,"turns":5.0},{"damage":6.0,"enemies":"2 Louse","floor":4.0,"turns":2.0},{"damage":0.0,"enemies":"Lots of Slimes","floor":5.0,"turns":1.0},{"damage":25.0,"enemies":"Lagavulin","floor":7.0,"turns":7.0},{"damage":25.0,"enemies":"3 Sentries","floor":10.0,"turns":7.0},{"damage":3.0,"enemies":"Lagavulin","floor":12.0,"turns":2.0},{"damage":3.0,"enemies":"2 Fungi Beasts","floor":13.0,"turns":8.0},{"damage":22.0,"enemies":"The Guardian","floor":16.0,"turns":8.0},{"damage":11.0,"enemies":"3 Byrds","floor":18.0,"turns":5.0},{"damage":10.0,"enemies":"2 Thieves","floor":20.0,"turns":4.0},{"damage":29.0,"enemies":"Sentry and Sphere","floor":21.0,"turns":7.0},{"damage":0.0,"enemies":"Snecko","floor":24.0,"turns":3.0},{"damage":27.0,"enemies":"Gremlin Leader","floor":25.0,"turns":8.0},{"damage":9.0,"enemies":"Slavers","floor":27.0,"turns":4.0},{"damage":3.0,"enemies":"3 Cultists","floor":28.0,"turns":3.0},{"damage":17.0,"enemies":"Snake Plant","floor":31.0,"turns":3.0},{"damage":14.0,"enemies":"Champ","floor":33.0,"turns":5.0},{"damage":27.0,"enemies":"3 Darklings","floor":35.0,"turns":11.0},{"damage":18.0,"enemies":"3 Shapes","floor":36.0,"turns":3.0},{"damage":3.0,"enemies":"Sphere and 2 Shapes","floor":38.0,"turns":3.0},{"damage":0.0,"enemies":"Giant Head","floor":40.0,"turns":5.0},{"damage":17.0,"enemies":"Maw","floor":41.0,"turns":5.0},{"damage":0.0,"enemies":"Transient","floor":42.0,"turns":6.0},{"damage":29.0,"enemies":"Reptomancer","floor":45.0,"turns":5.0},{"damage":22.0,"enemies":"2 Orb Walkers","floor":47.0,"turns":4.0},{"damage":32,"enemies":"Donu and Deca","floor":50,"turns":4},{"damage":24,"enemies":"Time Eater","floor":51,"turns":6},{"damage":17,"enemies":"Shield and Spear","floor":55,"turns":5},{"damage":91,"enemies":"The Heart","floor":56,"turns":8}],"seed_played":"1411775980223082227","potions_obtained":[{"floor":1.0,"key":"AttackPotion"},{"floor":4.0,"key":"AttackPotion"},{"floor":7.0,"key":"EssenceOfSteel"},{"floor":12.0,"key":"DistilledChaos"},{"floor":13.0,"key":"SteroidPotion"},{"floor":21.0,"key":"Strength Potion"},{"floor":25.0,"key":"SteroidPotion"},{"floor":27.0,"key":"Strength Potion"},{"floor":31.0,"key":"FearPotion"},{"floor":33.0,"key":"LiquidMemories"},{"floor":38.0,"key":"PowerPotion"},{"floor":40.0,"key":"ElixirPotion"},{"floor":45.0,"key":"Block Potion"},{"floor":47.0,"key":"Fire Potion"},{"floor":55,"key":"EssenceOfSteel"}],"is_trial":false,"path_per_floor":["M","M","?","M","M","R","E","R","T","E","?","E","M","$","R","B",null,"M","?","M","M","?","R","M","E","T","E","M","R","T","M","R","B",null,"M","M","?","M","$","E","M","M","T","R","E","?","?","?","R","B","B",null,"R","$","E","B",null],"character_chosen":"IRONCLAD","items_purchased":["Limit Break","Feel No Pain","Sling","Feed+1","Centennial Puzzle","OrangePellets","Disarm"],"campfire_rested":2,"item_purchase_floors":[14,14,39,39,39,54,54],"current_hp_per_floor":[70,74,74,74,75,75,56,56,56,37,37,40,43,43,43,52,69,64,64,60,37,37,37,43,22,22,24,27,27,27,16,38,60,71,50,43,43,46,46,62,55,61,61,61,42,42,35,35,59,57,64,78,78,78,71,14],"gold":63,"neow_bonus":"REMOVE_TWO","is_daily":false,"chose_seed":false,"campfire_upgraded":6,"win_rate":0.0,"timestamp":1612849798,"path_taken":["M","M","?","M","M","R","E","R","T","E","?","E","M","$","R","BOSS","M","?","M","M","?","R","M","E","T","E","?","R","?","M","R","BOSS","M","M","?","M","$","E","?","M","T","R","E","?","?","?","R","BOSS","BOSS","R","$","E","BOSS"],"items_purchased_type":["Card","Card","Relic","Card","Relic","Relic","Card"],"build_version":"2020-12-22","purchased_purges":1,"victory":true,"max_hp_per_floor":[75,75,75,75,75,75,75,75,75,75,75,75,75,75,75,75,75,75,75,75,75,75,75,75,75,75,75,75,75,75,75,75,75,75,75,75,75,75,75,75,79,79,79,79,83,79,83,83,83,83,83,83,83,83,87,87],"relic_stats":{"counters":[30,150],"Eternal Feather":0,"Whetstone":["Strike_R","Whirlwind"],"MawBank":144,"Cursed Key":0,"Burning Blood":175,"Mercury Hourglass":[331],"OrangePellets":[0],"Centennial Puzzle":[21],"Pantograph":115,"Bird Faced Urn":[2],"Black Star":5,"Art of War":[3],"Kunai":[3],"Champion Belt":[4],"obtain_stats":[{"Eternal Feather":55,"The Courier":26,"Incense Burner":10,"Whetstone":45,"Bottled Tornado":27,"MawBank":27,"Cursed Key":34,"Sling":39,"Burning Blood":0,"Mercury Hourglass":25,"OrangePellets":54,"Centennial Puzzle":39,"HornCleat":40,"Pantograph":9,"Bird Faced Urn":55,"Molten Egg 2":12,"Black Star":17,"Art of War":45,"Kunai":40,"Champion Belt":47,"Red Skull":7,"Toy Ornithopter":25},{"Eternal Feather":29,"The Courier":14,"Incense Burner":6,"Whetstone":25,"Bottled Tornado":15,"MawBank":15,"Cursed Key":18,"Sling":21,"Burning Blood":0,"Mercury Hourglass":14,"OrangePellets":28,"Centennial Puzzle":21,"HornCleat":22,"Pantograph":5,"Bird Faced Urn":29,"Molten Egg 2":7,"Black Star":9,"Art of War":25,"Kunai":22,"Champion Belt":26,"Red Skull":5,"Toy Ornithopter":14},{"Eternal Feather":142,"The Courier":70,"Incense Burner":25,"Whetstone":123,"Bottled Tornado":74,"MawBank":74,"Cursed Key":85,"Sling":102,"Burning Blood":0,"Mercury Hourglass":70,"OrangePellets":137,"Centennial Puzzle":102,"HornCleat":107,"Pantograph":18,"Bird Faced Urn":142,"Molten Egg 2":27,"Black Star":43,"Art of War":123,"Kunai":107,"Champion Belt":127,"Red Skull":18,"Toy Ornithopter":70}],"Toy Ornithopter":40},"card_choices":[{"not_picked":["Blood for Blood","Flame Barrier"],"picked":"Inflame","floor":1.0},{"not_picked":["Bloodletting","Spot Weakness"],"picked":"Whirlwind","floor":2.0},{"not_picked":["Pommel Strike","Feel No Pain"],"picked":"Pummel","floor":4.0},{"not_picked":["Clash","Sword Boomerang"],"picked":"Uppercut","floor":5.0},{"not_picked":["Havoc","Rupture"],"picked":"Bloodletting","floor":7.0},{"not_picked":["Clash","Ghostly Armor"],"picked":"Shrug It Off","floor":10.0},{"not_picked":["Shockwave","Searing Blow+1"],"picked":"Burning Pact","floor":12.0},{"not_picked":["Thunderclap+1","Rampage+1"],"picked":"Shrug It Off","floor":13.0},{"not_picked":["Demon Form","Brutality"],"picked":"Limit Break","floor":16.0},{"not_picked":["Wild Strike+1","Body Slam+1"],"picked":"Twin Strike+1","floor":18.0},{"not_picked":["Rampage+1","Body Slam+1"],"picked":"Iron Wave+1","floor":20.0},{"not_picked":["Shrug It Off","Body Slam+1","Twin Strike+1"],"picked":"SKIP","floor":21.0},{"not_picked":["Second Wind","Feel No Pain"],"picked":"Heavy Blade+1","floor":24.0},{"not_picked":["Clothesline+1","Wild Strike+1"],"picked":"Impervious","floor":25.0},{"not_picked":["Shrug It Off+1","Iron Wave+1"],"picked":"Armaments","floor":27.0},{"not_picked":["Pommel Strike+1","Havoc","Heavy Blade+1"],"picked":"SKIP","floor":28.0},{"not_picked":["Sentinel","Clash+1"],"picked":"Double Tap","floor":31.0},{"not_picked":["Barricade","Limit Break"],"picked":"Exhume","floor":33.0},{"not_picked":["Warcry","Rampage+1","Body Slam+1"],"picked":"SKIP","floor":35.0},{"not_picked":["Hemokinesis+1","Heavy Blade+1","Cleave+1"],"picked":"SKIP","floor":36.0},{"not_picked":["Perfected Strike+1","Thunderclap+1"],"picked":"Sword Boomerang+1","floor":38.0},{"not_picked":["Rupture+1","Spot Weakness+1","Second Wind"],"picked":"SKIP","floor":40.0},{"not_picked":["Rupture+1","Spot Weakness+1","Second Wind"],"picked":"SKIP","floor":40.0},{"not_picked":["True Grit","Fire Breathing","Body Slam+1"],"picked":"SKIP","floor":41.0},{"not_picked":["True Grit","Fire Breathing","Body Slam+1"],"picked":"SKIP","floor":41.0},{"not_picked":["Heavy Blade+1","Clash+1"],"picked":"Sword Boomerang+1","floor":42.0},{"not_picked":["Brutality","Inflame","Combust+1"],"picked":"SKIP","floor":45.0},{"not_picked":["Body Slam+1","True Grit+1"],"picked":"Flame Barrier+1","floor":55}],"player_experience":3145558,"relics_obtained":[{"floor":7.0,"key":"Red Skull"},{"floor":9.0,"key":"Pantograph"},{"floor":10.0,"key":"Incense Burner"},{"floor":12.0,"key":"Molten Egg 2"},{"floor":25.0,"key":"Mercury Hourglass"},{"floor":25.0,"key":"Toy Ornithopter"},{"floor":26.0,"key":"The Courier"},{"floor":27.0,"key":"Bottled Tornado"},{"floor":27.0,"key":"MawBank"},{"floor":40.0,"key":"HornCleat"},{"floor":40.0,"key":"Kunai"},{"floor":45.0,"key":"Whetstone"},{"floor":45.0,"key":"Art of War"},{"floor":47.0,"key":"Champion Belt"},{"floor":55,"key":"Bird Faced Urn"},{"floor":55,"key":"Eternal Feather"}],"event_choices":[{"damage_healed":0.0,"max_hp_gain":0.0,"max_hp_loss":0.0,"gold_gain":50.0,"event_name":"Golden Shrine","player_choice":"Pray","floor":3.0,"gold_loss":0.0,"damage_taken":0.0},{"damage_healed":0.0,"max_hp_gain":0.0,"max_hp_loss":0.0,"gold_gain":50.0,"event_name":"Golden Shrine","player_choice":"Pray","floor":11.0,"gold_loss":0.0,"damage_taken":0.0},{"damage_healed":0.0,"max_hp_gain":0.0,"max_hp_loss":0.0,"gold_gain":0.0,"event_name":"Vampires","player_choice":"Ignored","floor":19.0,"gold_loss":0.0,"damage_taken":0.0},{"damage_healed":0.0,"max_hp_gain":0.0,"max_hp_loss":0.0,"gold_gain":0.0,"event_name":"Duplicator","player_choice":"Copied","floor":22.0,"gold_loss":0.0,"damage_taken":0.0,"cards_obtained":["Limit Break"]},{"damage_healed":0.0,"max_hp_gain":0.0,"max_hp_loss":0.0,"gold_gain":0.0,"event_name":"Match and Keep!","player_choice":"1 cards matched","floor":37.0,"gold_loss":0.0,"damage_taken":0.0,"cards_obtained":["Juggernaut"]},{"damage_healed":0.0,"max_hp_gain":0.0,"max_hp_loss":4.0,"gold_gain":0.0,"event_name":"Winding Halls","player_choice":"Max HP","floor":46.0,"gold_loss":0.0,"damage_taken":0.0},{"damage_healed":0.0,"max_hp_gain":0.0,"max_hp_loss":0.0,"gold_gain":0.0,"event_name":"Mysterious Sphere","player_choice":"Fight","floor":47.0,"gold_loss":0.0,"damage_taken":0.0},{"damage_healed":0.0,"max_hp_gain":0.0,"max_hp_loss":0.0,"gold_gain":0.0,"event_name":"The Moai Head","player_choice":"Ignored","floor":48.0,"gold_loss":0.0,"damage_taken":0.0}],"is_beta":false,"boss_relics":[{"not_picked":["SlaversCollar","Coffee Dripper"],"picked":"Black Star"},{"not_picked":["Runic Cube","Philosopher\u0027s Stone"],"picked":"Cursed Key"}],"items_purged_floors":[39],"is_endless":false,"potions_floor_spawned":[1,4,7,12,13,21,25,27,31,33,38,40,45,47,55],"ascension_level":20}}