{"host":"juvwyqk4ifq614bf","time":1612897883,"event":{"mods":["2.2 Compatiblity","Act Like it!","BaseMod","Better Altar","Better Match","Better Note","Better Sensory Stone","Better Third Choice","ChefMod","Conspire","Ekko","Friendly Minions","GifTheSpireLib","Hubris","Infinite Spire","Minty Spire (QoL Compilation)","Mirrors Mod","Replay The Spire","StSLib","Stuff the Spire","The Alterego","TheVelvet"],"gold_per_floor":[113,126,145,320,320,345,358,385,385,385,385,385,385],"floor_reached":12,"language":"ENG","playtime":1079,"items_purged":[],"score":88,"play_id":"8b62e7ab-f5c2-43a3-b125-914f81d9dd9d","local_time":"20210209201123","is_ascension_mode":false,"campfire_choices":[],"circlet_count":0,"master_deck":["chefmod:Strike","chefmod:Strike","chefmod:Strike","chefmod:Strike","chefmod:QuickThaw","chefmod:Defend","chefmod:Defend","chefmod:Defend","chefmod:Defend","chefmod:TodaysSpecial","chefmod:SaveForLater","chefmod:SliceAndDice","Doubt","chefmod:NoSoupForYou","chefmod:Cleavers"],"relics":["chefmod:TrustyPot","NeowsBlessing","CultistMask","StuffTheSpire:CocoNut","Pantograph","StuffTheSpire:MayFlowers"],"acts_visited":["Exordium"],"potions_floor_usage":[8,8],"damage_taken":[{"damage":0,"enemies":"Cultist","floor":1,"turns":1},{"damage":0,"enemies":"conspire:RoseBush","floor":2,"turns":1},{"damage":0,"enemies":"FloatingMirror","floor":3,"turns":1},{"damage":32,"enemies":"Gremlin Nob","floor":6,"turns":6},{"damage":14,"enemies":"Exordium Thugs","floor":7,"turns":7},{"damage":32,"enemies":"3 Sentries","floor":8,"turns":10},{"damage":5,"enemies":"Gremlin Nob","floor":12,"turns":2}],"seed_played":"1762611237304493697","potions_obtained":[{"floor":1,"key":"Strength Potion"},{"floor":7,"key":"BlessingOfTheForge"}],"is_trial":false,"path_per_floor":["M","M","M","?","?","E","M","E","PTL","PTL","T","E"],"character_chosen":"THE_CHEF","items_purchased":[],"campfire_rested":0,"item_purchase_floors":[],"current_hp_per_floor":[76,76,76,76,76,51,37,5,5,5,5,0,0],"gold":385,"neow_bonus":"THREE_ENEMY_KILL","is_daily":false,"chose_seed":false,"campfire_upgraded":0,"win_rate":0.0,"timestamp":1612897883,"path_taken":["M","M","?","?","?","E","?","E","PTL","PTL","T","E"],"items_purchased_type":[],"build_version":"2020-12-22","purchased_purges":0,"victory":false,"max_hp_per_floor":[76,76,76,76,76,83,83,83,83,83,83,83,83],"card_choices":[{"not_picked":["chefmod:FreezeSolid","chefmod:Sorbet"],"picked":"chefmod:SaveForLater","floor":1},{"not_picked":["chefmod:ColdSteel","chefmod:BaoBuns","chefmod:VegetableTart"],"picked":"SKIP","floor":2},{"not_picked":["chefmod:IcePick","chefmod:Puree"],"picked":"chefmod:SliceAndDice","floor":3},{"not_picked":["chefmod:FryPan","chefmod:ZaruSoba"],"picked":"chefmod:NoSoupForYou","floor":6},{"not_picked":["chefmod:Granita","chefmod:Sorbet","chefmod:ColdSteel"],"picked":"SKIP","floor":7},{"not_picked":["chefmod:OrderUp","chefmod:SpaghettiCarbonara"],"picked":"chefmod:Cleavers","floor":8}],"player_experience":229268,"relics_obtained":[{"floor":6,"key":"StuffTheSpire:CocoNut"},{"floor":8,"key":"Pantograph"},{"floor":11,"key":"StuffTheSpire:MayFlowers"}],"event_choices":[{"damage_healed":0,"gold_gain":175,"player_choice":"AGREE","damage_taken":145,"max_hp_gain":0,"max_hp_loss":0,"event_name":"betterThird:BetterSerpent","floor":4,"gold_loss":0},{"damage_healed":0,"gold_gain":0,"player_choice":"Trade","damage_taken":0,"relics_obtained":["CultistMask"],"max_hp_gain":0,"max_hp_loss":0,"event_name":"FaceTrader","floor":5,"gold_loss":0}],"is_beta":false,"boss_relics":[],"items_purged_floors":[],"is_endless":false,"potions_floor_spawned":[1,7],"killed_by":"Gremlin Nob","ascension_level":0}}