{"host":"vex7walpoxzv48nx","time":1612878245,"event":{"mods":["AchievementEnabler","BaseMod","Bestiary","Highlight Path","Minty Spire (QoL Compilation)","Permanent Neow","Quick Restart","StSLib","UnlockEverythingMod"],"gold_per_floor":[115,129,54,70,15,43,43,70,70,102,117,117,128,144,144,144,144],"floor_reached":16,"language":"ENG","playtime":1165,"items_purged":[],"score":244,"play_id":"586a55f3-28a0-4884-a077-98775ab100dd","local_time":"20210209144405","is_ascension_mode":true,"campfire_choices":[{"data":"Bash","floor":7,"key":"SMITH"},{"data":"Uppercut","floor":15,"key":"SMITH"}],"circlet_count":0,"master_deck":["AscendersBane","Strike_R","Strike_R","Strike_R","Defend_R","Defend_R","Defend_R","Defend_R","Bash+1","Fiend Fire","Pummel","Wild Strike","Sword Boomerang","Cleave","Burning Pact","Shrug It Off","Uppercut+1"],"relics":["Burning Blood","Bag of Marbles","Thread and Needle","Ornamental Fan","Pear"],"acts_visited":["Exordium"],"potions_floor_usage":[6,10,16],"damage_taken":[{"damage":2,"enemies":"Jaw Worm","floor":1,"turns":3},{"damage":9,"enemies":"2 Louse","floor":2,"turns":2},{"damage":3,"enemies":"Cultist","floor":4,"turns":5},{"damage":30,"enemies":"3 Sentries","floor":6,"turns":9},{"damage":8,"enemies":"Gremlin Nob","floor":8,"turns":3},{"damage":24,"enemies":"Lagavulin","floor":10,"turns":8},{"damage":9,"enemies":"Large Slime","floor":11,"turns":5},{"damage":0,"enemies":"2 Fungi Beasts","floor":13,"turns":3},{"damage":0,"enemies":"Lots of Slimes","floor":14,"turns":3},{"damage":0,"enemies":"The Guardian","floor":16,"turns":4}],"seed_played":"-5140956261691987973","potions_obtained":[{"floor":1,"key":"EssenceOfSteel"},{"floor":10,"key":"LiquidBronze"},{"floor":13,"key":"Weak Potion"},{"floor":14,"key":"DistilledChaos"}],"is_trial":false,"path_per_floor":["M","M","?","M","$","E","R","E","T","E","M","?","M","M","R","B"],"character_chosen":"IRONCLAD","items_purchased":["Strength Potion"],"campfire_rested":0,"item_purchase_floors":[5],"current_hp_per_floor":[68,65,65,68,68,44,44,42,42,34,31,31,37,43,43,43,43],"gold":144,"neow_bonus":"THREE_RARE_CARDS","is_daily":false,"chose_seed":false,"campfire_upgraded":2,"win_rate":0.0,"timestamp":1612878245,"path_taken":["M","M","?","M","$","E","R","E","T","E","M","?","?","M","R","BOSS"],"items_purchased_type":["Potion"],"build_version":"2020-12-22","purchased_purges":0,"victory":false,"max_hp_per_floor":[68,68,68,68,68,68,68,68,68,78,78,78,78,78,78,78,78],"card_choices":[{"not_picked":["Corruption","Limit Break"],"picked":"Fiend Fire","floor":0.0},{"not_picked":["Sword Boomerang","Hemokinesis"],"picked":"Pummel","floor":1},{"not_picked":["Fire Breathing","Perfected Strike","Rupture"],"picked":"SKIP","floor":2},{"not_picked":["Searing Blow","Body Slam"],"picked":"Wild Strike","floor":4},{"not_picked":["Warcry","True Grit"],"picked":"Sword Boomerang","floor":6},{"not_picked":["Blood for Blood","Sword Boomerang"],"picked":"Cleave","floor":8},{"not_picked":["Searing Blow","Armaments"],"picked":"Burning Pact","floor":10},{"not_picked":["Burning Pact","Evolve"],"picked":"Shrug It Off","floor":11},{"not_picked":["True Grit","Intimidate","Headbutt"],"picked":"SKIP","floor":13},{"not_picked":["Shrug It Off","Warcry"],"picked":"Uppercut","floor":14}],"player_experience":274991,"relics_obtained":[{"floor":6,"key":"Bag of Marbles"},{"floor":8,"key":"Thread and Needle"},{"floor":9,"key":"Ornamental Fan"},{"floor":10,"key":"Pear"}],"event_choices":[{"cards_removed":["Strike_R"],"damage_healed":0,"gold_gain":0,"player_choice":"Card Removal","damage_taken":0,"max_hp_gain":0,"max_hp_loss":0,"event_name":"The Cleric","floor":3,"gold_loss":75},{"cards_removed":["Strike_R"],"damage_healed":0,"gold_gain":0,"player_choice":"Purged","damage_taken":0,"max_hp_gain":0,"max_hp_loss":0,"event_name":"Purifier","floor":12,"gold_loss":0}],"is_beta":false,"boss_relics":[],"items_purged_floors":[],"is_endless":false,"potions_floor_spawned":[1,10,13,14],"killed_by":"The Guardian","ascension_level":20}}