{"host":"51mqhfpmwwd4kxyt","time":1612869700,"event":{"mods":["BaseMod","Colored Powertips","Downfall","Hermit","Highlight Path","Jorbs\u0027s Wanderer Trilogy","Minty Spire (QoL Compilation)","READ ME - Guardian Mod","Remilia??????","StSLib","The Animator","The Bug Knight","The Cursed","The Jungle","The Servant 0.9.4"],"gold_per_floor":[114,114,39,58,58,93,107,147,173,123,123,148,148,189,189,189,189],"floor_reached":16,"language":"ENG","playtime":487,"items_purged":["Strike_R"],"score":151,"play_id":"5910fcb9-7fd4-482e-8b78-7b63042812d3","local_time":"20210209062140","is_ascension_mode":true,"campfire_choices":[{"floor":11,"key":"REST"},{"data":"Havoc","floor":13,"key":"SMITH"},{"data":"Bash","floor":15,"key":"SMITH"}],"circlet_count":0,"master_deck":["Strike_R","Strike_R","Strike_R","Defend_R","Defend_R","Defend_R","Defend_R","Bash+1","Pummel","Havoc+1","Inflame","Sword Boomerang","Burning Pact","Ghostly Armor"],"relics":["Burning Blood","Red Skull","PreservedInsect","Golden Idol","Ancient Tea Set","Pantograph","ScarletDevilRocket","Pen Nib","Nunchaku"],"acts_visited":["Exordium"],"potions_floor_usage":[6],"damage_taken":[{"damage":0,"enemies":"2 Louse","floor":1,"turns":4},{"damage":1,"enemies":"Cultist","floor":4,"turns":3},{"damage":24,"enemies":"Gremlin Nob","floor":6,"turns":4},{"damage":2,"enemies":"Jaw Worm","floor":7,"turns":4},{"damage":23,"enemies":"HollowMod:MossKnight","floor":8,"turns":9},{"damage":15,"enemies":"3 Sentries","floor":14,"turns":6},{"damage":71,"enemies":"Slime Boss","floor":16,"turns":11}],"seed_played":"5014569146471873111","potions_obtained":[{"floor":1,"key":"SneckoOil"},{"floor":4,"key":"PowerPotion"},{"floor":14,"key":"sneckomod:MuddlingPotion"}],"is_trial":false,"path_per_floor":["M","?","$","M","?","E","M","E","T","?","R","T","R","E","R","B"],"character_chosen":"IRONCLAD","items_purchased":[],"campfire_rested":1,"item_purchase_floors":[],"current_hp_per_floor":[78,78,78,80,60,42,46,29,29,29,53,53,53,44,44,0,0],"gold":189,"neow_bonus":"RANDOM_COMMON_RELIC","is_daily":false,"chose_seed":false,"campfire_upgraded":2,"win_rate":0.0,"timestamp":1612869700,"path_taken":["M","?","?","?","?","E","M","E","T","?","R","?","R","E","R","BOSS"],"items_purchased_type":[],"build_version":"2020-12-22","purchased_purges":1,"victory":false,"max_hp_per_floor":[80,80,80,80,80,80,80,80,80,80,80,80,80,80,80,80,80],"card_choices":[{"not_picked":["Reckless Charge","Clothesline"],"picked":"Pummel","floor":1},{"not_picked":["Dual Wield","Rupture"],"picked":"Havoc","floor":4},{"not_picked":["Sword Boomerang","Clothesline"],"picked":"Inflame","floor":6},{"not_picked":["Body Slam","Wild Strike","Sword Boomerang"],"picked":"SKIP","floor":7},{"not_picked":["Body Slam","Wild Strike"],"picked":"Sword Boomerang","floor":7},{"not_picked":["Clothesline","Sever Soul"],"picked":"Burning Pact","floor":8},{"not_picked":["Searing Blow","Body Slam"],"picked":"Ghostly Armor","floor":14}],"player_experience":424699,"relics_obtained":[{"floor":6,"key":"Ancient Tea Set"},{"floor":8,"key":"Pantograph"},{"floor":9,"key":"ScarletDevilRocket"},{"floor":12,"key":"Pen Nib"},{"floor":14,"key":"Nunchaku"}],"event_choices":[{"damage_healed":0,"gold_gain":0,"player_choice":"Gave Potion","damage_taken":0,"relics_obtained":["PreservedInsect"],"max_hp_gain":0,"max_hp_loss":0,"event_name":"WeMeetAgain","floor":2,"gold_loss":0},{"damage_healed":0,"gold_gain":0,"player_choice":"Take Damage","damage_taken":20,"relics_obtained":["Golden Idol"],"max_hp_gain":0,"max_hp_loss":0,"event_name":"Golden Idol","floor":5,"gold_loss":0},{"cards_removed":["Strike_R"],"damage_healed":0,"gold_gain":0,"player_choice":"Card Removal","damage_taken":0,"max_hp_gain":0,"max_hp_loss":0,"event_name":"The Cleric","floor":10,"gold_loss":50}],"is_beta":false,"boss_relics":[],"items_purged_floors":[3],"is_endless":false,"potions_floor_spawned":[1,4,14],"killed_by":"Slime Boss","ascension_level":6}}