{"host":"qs9tt0idvebcxhcs","time":1612906058,"event":{"mods":["BaseMod","Downfall","Friendly Minions","Highlight Path","Minty Spire (QoL Compilation)","StSLib","Synergy Search","The Administrix"],"gold_per_floor":[99,99,113,45,30,30,54,54,73,90,104,115,143,159,172,172,172,172],"floor_reached":16,"language":"ENG","playtime":1401,"items_purged":[],"score":104,"play_id":"ce7da09e-8de6-437c-8f4f-4b0f0742bc96","local_time":"20210210072738","is_ascension_mode":false,"campfire_choices":[{"data":"Slimebound:Split","floor":1,"key":"SMITH"},{"data":"Slimebound:GoopTackle","floor":6,"key":"SMITH"}],"circlet_count":0,"master_deck":["Slimebound:Strike_Slimebound","Slimebound:Strike_Slimebound","Slimebound:Strike_Slimebound","Slimebound:Tackle","Slimebound:Defend_Slimebound","Slimebound:Defend_Slimebound","Slimebound:Defend_Slimebound","Slimebound:Defend_Slimebound","Slimebound:Split+1","Slimebound:CorrosiveSpit","Pain","Slimebound:ForwardTackle","Slimebound:GoopTackle+1","Slimebound:Prepare","Slimebound:MassRepurpose","Slimebound:LeadByExample","Slimebound:GoopSpray","Slimebound:Dissolve","Slimebound:Chomp","Slimebound:LeechEnergy","Slimebound:GrowthPunch","Slimebound:SplitLeeching"],"relics":["Slimebound:AbsorbEndCombat","WarpedTongs","Slimebound:AggressiveSlimeRelic","Ornamental Fan","Gremlin Horn"],"acts_visited":["Exordium"],"potions_floor_usage":[13],"damage_taken":[{"damage":5,"enemies":"Small Slimes","floor":3,"turns":3},{"damage":19,"enemies":"downfall:FleeingMerchant","floor":4,"turns":4},{"damage":4,"enemies":"downfall:FleeingMerchant","floor":5,"turns":4},{"damage":8,"enemies":"Cultist","floor":9,"turns":2},{"damage":2,"enemies":"Jaw Worm","floor":10,"turns":2},{"damage":19,"enemies":"Exordium Wildlife","floor":11,"turns":4},{"damage":4,"enemies":"2 Fungi Beasts","floor":12,"turns":2},{"damage":11,"enemies":"Gremlin Nob","floor":13,"turns":3},{"damage":5,"enemies":"Gremlin Gang","floor":14,"turns":3},{"damage":8,"enemies":"2 Fungi Beasts","floor":15,"turns":2},{"damage":16,"enemies":"IC_STATUS_ARCHETYPE","floor":16,"turns":2}],"seed_played":"6596550950687525190","potions_obtained":[{"floor":9,"key":"Slimebound:SlimyTonguePotion"},{"floor":10,"key":"Slimebound:SlimyTonguePotion"},{"floor":12,"key":"Slimebound:SlimyTonguePotion"},{"floor":13,"key":"Dexterity Potion"},{"floor":15,"key":"Slimebound:SpawnSlimePotion"}],"is_trial":false,"path_per_floor":["R","?","M","$","$","R","T","?","M","M","M","M","E","M","M","B"],"character_chosen":"SLIMEBOUND","items_purchased":["Slimebound:Prepare"],"campfire_rested":0,"item_purchase_floors":[4],"current_hp_per_floor":[71,71,68,55,55,55,55,43,37,37,24,22,13,16,12,0,0,0],"gold":172,"neow_bonus":"TEN_PERCENT_HP_BONUS","is_daily":false,"chose_seed":false,"campfire_upgraded":2,"win_rate":0.0,"timestamp":1612906058,"path_taken":["R","?","M","?","$","R","T","?","?","M","M","M","E","M","M","BOSS"],"items_purchased_type":["Card"],"build_version":"2020-12-22","purchased_purges":0,"victory":false,"max_hp_per_floor":[71,71,71,71,71,71,71,71,71,71,71,71,71,71,71,71,71,71],"card_choices":[{"not_picked":["Slimebound:GoopSpray","Slimebound:SpikyOuterGoop"],"picked":"Slimebound:ForwardTackle","floor":3},{"not_picked":["Slimebound:ForwardTackle","Slimebound:SplitLeeching"],"picked":"Slimebound:GoopTackle","floor":4},{"not_picked":["Slimebound:SplitLeeching","Slimebound:ComboTackle"],"picked":"Slimebound:MassRepurpose","floor":5},{"not_picked":["Slimebound:LevelUp","Slimebound:ComboTackle"],"picked":"Slimebound:LeadByExample","floor":9},{"not_picked":["Slimebound:GoopTackle","Slimebound:SlimeTap"],"picked":"Slimebound:GoopSpray","floor":10},{"not_picked":["Slimebound:Gluttony","Slimebound:SplitBruiser"],"picked":"Slimebound:Dissolve","floor":11},{"not_picked":["Slimebound:ComboTackle","Slimebound:Repurpose"],"picked":"Slimebound:Chomp","floor":12},{"not_picked":["Slimebound:RollThrough","Slimebound:ItLooksTasty"],"picked":"Slimebound:LeechEnergy","floor":13},{"not_picked":["Slimebound:LeechEnergy","Slimebound:ComboTackle"],"picked":"Slimebound:GrowthPunch","floor":14},{"not_picked":["Slimebound:SplitAcid","Slimebound:OozeBath"],"picked":"Slimebound:SplitLeeching","floor":15}],"player_experience":357225,"relics_obtained":[{"floor":7,"key":"Slimebound:AggressiveSlimeRelic"},{"floor":13,"key":"Gremlin Horn"}],"event_choices":[{"damage_healed":0,"gold_gain":0,"player_choice":"Rummage","damage_taken":0,"relics_obtained":["WarpedTongs"],"max_hp_gain":0,"max_hp_loss":0,"event_name":"Accursed Blacksmith","floor":2,"gold_loss":0,"cards_obtained":["Pain"]},{"damage_healed":0,"gold_gain":0,"player_choice":"Success","damage_taken":12,"relics_obtained":["Ornamental Fan"],"max_hp_gain":0,"max_hp_loss":0,"event_name":"Scrap Ooze","floor":8,"gold_loss":0}],"is_beta":false,"boss_relics":[],"items_purged_floors":[],"is_endless":false,"potions_floor_spawned":[9,10,12,13,15],"killed_by":"IC_STATUS_ARCHETYPE","ascension_level":0}}