{"host":"c97twqu0op5dg8i4","time":1612914313,"event":{"mods":["AchievementEnabler","BaseMod","Colored Map","Minty Spire (QoL Compilation)","Permanent Neow"],"gold_per_floor":[111,129,148,219,219,219,257,332,332,357,532,553,576,59,59,59,59],"floor_reached":16,"language":"ENG","playtime":1094,"items_purged":["Doubt"],"score":178,"play_id":"8c64db6c-29ee-46f2-9581-72f0a14dc6b7","local_time":"20210209184513","is_ascension_mode":true,"campfire_choices":[{"data":"Armaments","floor":6,"key":"SMITH"},{"floor":15,"key":"REST"}],"circlet_count":0,"master_deck":["AscendersBane","Strike_R","Strike_R","Strike_R","Defend_R","Defend_R","Defend_R","Defend_R","Bash","Clumsy","Feed","Ghostly Armor","Carnage","Armaments+1","Shrug It Off","Pommel Strike","Inflame","Mind Blast","Twin Strike","Cleave","True Grit"],"relics":["Burning Blood","Golden Idol","Pantograph","Smiling Mask","HornCleat"],"acts_visited":["Exordium"],"potions_floor_usage":[13,16],"damage_taken":[{"damage":0,"enemies":"2 Louse","floor":1,"turns":4},{"damage":0,"enemies":"Jaw Worm","floor":2,"turns":3},{"damage":2,"enemies":"Small Slimes","floor":3,"turns":4},{"damage":35,"enemies":"Gremlin Nob","floor":7,"turns":5},{"damage":3,"enemies":"3 Louse","floor":10,"turns":7},{"damage":1,"enemies":"Looter","floor":12,"turns":3},{"damage":18,"enemies":"Large Slime","floor":13,"turns":8},{"damage":69,"enemies":"Hexaghost","floor":16,"turns":16}],"seed_played":"7294052109094595159","potions_obtained":[{"floor":2,"key":"SteroidPotion"},{"floor":3,"key":"Weak Potion"},{"floor":7,"key":"ColorlessPotion"},{"floor":13,"key":"DuplicationPotion"}],"is_trial":false,"path_per_floor":["M","M","M","?","?","R","E","?","T","M","?","M","M","$","R","B"],"character_chosen":"IRONCLAD","items_purchased":["HornCleat","Mind Blast","Twin Strike","Cleave","True Grit"],"campfire_rested":1,"item_purchase_floors":[14,14,14,14,14],"current_hp_per_floor":[81,83,86,86,65,65,39,28,28,35,35,40,31,31,59,15,15],"gold":59,"neow_bonus":"TRANSFORM_TWO_CARDS","is_daily":false,"chose_seed":false,"campfire_upgraded":1,"win_rate":0.0,"timestamp":1612914313,"path_taken":["M","M","M","?","?","R","E","?","T","M","?","M","M","$","R","BOSS"],"items_purchased_type":["Relic","Card","Card","Card","Card"],"build_version":"2020-12-22","purchased_purges":1,"victory":false,"max_hp_per_floor":[83,83,86,86,86,86,89,89,89,93,93,93,96,96,96,96,96],"card_choices":[{"not_picked":["Cleave","True Grit"],"picked":"Carnage","floor":1},{"not_picked":["Twin Strike","Fire Breathing"],"picked":"Armaments","floor":2},{"not_picked":["Armaments","Feel No Pain","Intimidate"],"picked":"SKIP","floor":3},{"not_picked":["Bloodletting","Warcry","Flex"],"picked":"SKIP","floor":7},{"not_picked":["Clothesline","Dark Embrace"],"picked":"Shrug It Off","floor":10},{"not_picked":["Clash","Cleave"],"picked":"Pommel Strike","floor":12},{"not_picked":["Clothesline","Searing Blow"],"picked":"Inflame","floor":13}],"player_experience":349943,"relics_obtained":[{"floor":7,"key":"Pantograph"},{"floor":9,"key":"Smiling Mask"}],"event_choices":[{"damage_healed":0,"gold_gain":71,"player_choice":"Gained Gold","damage_taken":0,"max_hp_gain":0,"max_hp_loss":0,"event_name":"Golden Wing","floor":4,"gold_loss":0},{"damage_healed":0,"gold_gain":0,"player_choice":"Take Damage","damage_taken":21,"relics_obtained":["Golden Idol"],"max_hp_gain":0,"max_hp_loss":0,"event_name":"Golden Idol","floor":5,"gold_loss":0},{"damage_healed":0,"gold_gain":75,"player_choice":"Gather Gold","damage_taken":11,"max_hp_gain":0,"max_hp_loss":0,"event_name":"World of Goop","floor":8,"gold_loss":0},{"damage_healed":0,"gold_gain":175,"player_choice":"AGREE","damage_taken":0,"max_hp_gain":0,"max_hp_loss":0,"event_name":"Liars Game","floor":11,"gold_loss":0,"cards_obtained":["Doubt"]}],"is_beta":false,"boss_relics":[],"items_purged_floors":[14],"is_endless":false,"potions_floor_spawned":[2,3,7,12,13],"killed_by":"Hexaghost","ascension_level":10}}