{"host":"s35zr3gblm7slh1q","time":1612834052,"event":{"mods":["BaseMod","Colored Powertips","Downfall","Hermit","Highlight Path","Marisa????????","Minty Spire (QoL Compilation)","Permanent Neow","StSLib","The Disciple"],"gold_per_floor":[99,114,114,106,24,52,52,52,76,76,103,123,123,123,150,253,253,253,277,297,38,63,48,48,48,76,76,76,104,104,124,152,253,253,253,265,265,265,323,83,137,137,137,91,91,91,108,126,140,140,140,140],"floor_reached":50,"language":"ENG","playtime":2880,"items_purged":["Parasite"],"score":509,"play_id":"b423d1ef-1e97-47c8-b2df-b3c94f0a8c0e","local_time":"20210208202732","is_ascension_mode":false,"campfire_choices":[{"data":"hexamod:Float","floor":1,"key":"SMITH"},{"data":"hexamod:PowerFromBeyond","floor":8,"key":"SMITH"},{"floor":13,"key":"REST"},{"data":"hexamod:RainOfEmbers","floor":18,"key":"SMITH"},{"data":"hexamod:ForkedFlame","floor":25,"key":"SMITH"},{"floor":28,"key":"REST"},{"data":"hexamod:HeatMetal","floor":30,"key":"SMITH"},{"data":"hexamod:UnlimitedPower","floor":35,"key":"SMITH"},{"floor":43,"key":"REST"},{"data":"hexamod:Toasty","floor":45,"key":"SMITH"}],"circlet_count":0,"master_deck":["hexamod:Strike","hexamod:Strike","hexamod:Strike+1","hexamod:Strike","hexamod:Defend","hexamod:Defend+1","hexamod:Defend+1","hexamod:Defend+1","hexamod:Sear","hexamod:Float+1","hexamod:GhostOfSpireFuture","hexamod:PowerFromBeyond+1","hexamod:HauntingEcho+1","hexamod:FlamesFromBeyond+1","hexamod:Firestarter","hexamod:AdvancingGuard+1","hexamod:RainOfEmbers+1","hexamod:InspiringFlames","hexamod:FlamesFromBeyond","hexamod:Hexaguard+1","hexamod:SecondSeal","hexamod:SixthSeal","hexamod:HeatMetal+1","hexamod:ForkedFlame+1","hexamod:Firestarter+1","hexamod:SoulSteal+1","hexamod:SpectersWail","hexamod:HexaLevel+1","hexamod:HeatMetal","hexamod:UnlimitedPower+1","hexamod:FlamesFromBeyond+1","expansioncontent:PrepareCrush","hexamod:HeatCrush+1","hexamod:AdvancingGuard+1","Finesse","hexamod:BurningTouch","hexamod:Toasty+1","hexamod:HeatMetal","hexamod:SpectersWail+1","hexamod:SwordOfDarkness"],"relics":["hexamod:UnbrokenSoul","Anchor","SlaversCollar","Mummified Hand","hexamod:TheBrokenSeal","Vajra","Du-Vu Doll","Lantern","Strange Spoon","Pen Nib","Regal Pillow"],"acts_visited":["Exordium","TheCity","TheBeyond"],"potions_floor_usage":[12,16,16,19,20,33,33,40,49,50],"damage_taken":[{"damage":3,"enemies":"2 Louse","floor":2,"turns":4},{"damage":0,"enemies":"downfall:FleeingMerchant","floor":5,"turns":4},{"damage":2,"enemies":"Small Slimes","floor":6,"turns":6},{"damage":1,"enemies":"Cultist","floor":9,"turns":4},{"damage":0,"enemies":"Large Slime","floor":11,"turns":4},{"damage":27,"enemies":"Gremlin Gang","floor":12,"turns":5},{"damage":33,"enemies":"Exordium Wildlife","floor":15,"turns":6},{"damage":53,"enemies":"DF_ARCHETYPE_STREAMLINE","floor":16,"turns":11},{"damage":0,"enemies":"Chosen","floor":19,"turns":4},{"damage":44,"enemies":"Snake Plant","floor":20,"turns":5},{"damage":15,"enemies":"downfall:FleeingMerchant","floor":21,"turns":4},{"damage":32,"enemies":"Centurion and Healer","floor":22,"turns":10},{"damage":0,"enemies":"downfall:FleeingMerchant","floor":23,"turns":4},{"damage":11,"enemies":"Shelled Parasite and Fungi","floor":26,"turns":5},{"damage":2,"enemies":"Cultist and Chosen","floor":29,"turns":5},{"damage":1,"enemies":"Sentry and Sphere","floor":31,"turns":3},{"damage":0,"enemies":"Snake Plant","floor":32,"turns":3},{"damage":9,"enemies":"SI_MIRROR_ARCHETYPE","floor":33,"turns":6},{"damage":4,"enemies":"Orb Walker","floor":36,"turns":3},{"damage":25,"enemies":"Orb Walker","floor":39,"turns":4},{"damage":13,"enemies":"downfall:FleeingMerchant","floor":40,"turns":4},{"damage":5,"enemies":"3 Shapes","floor":47,"turns":3},{"damage":36,"enemies":"Jaw Worm Horde","floor":48,"turns":4},{"damage":36,"enemies":"Transient","floor":49,"turns":5},{"damage":23,"enemies":"WA_ARCHETYPE_DIVINITY","floor":50,"turns":5}],"seed_played":"-3518392675216419337","potions_obtained":[{"floor":2,"key":"Strength Potion"},{"floor":5,"key":"Fire Potion"},{"floor":6,"key":"FearPotion"},{"floor":9,"key":"CultistPotion"},{"floor":11,"key":"hexamod:InfernoChargePotion"},{"floor":12,"key":"hexamod:DoubleChargePotion"},{"floor":16,"key":"Regen Potion"},{"floor":16,"key":"SkillPotion"},{"floor":22,"key":"LiquidBronze"},{"floor":26,"key":"Fire Potion"},{"floor":36,"key":"Block Potion"},{"floor":48,"key":"hexamod:EctoCoolerPotion"}],"is_trial":false,"path_per_floor":["R","M","?","?","$","M","T","R","M","?","M","M","R","?","M","B",null,"R","M","M","$","M","$","T","R","M","?","R","M","R","M","M","B",null,"R","M","?","?","?","$","T","?","R","$","R","$","M","M","M","B"],"character_chosen":"THE_SPIRIT","items_purchased":["Mummified Hand","Lantern","Strange Spoon","Pen Nib","Finesse","hexamod:BurningTouch","hexamod:HeatMetal"],"campfire_rested":3,"item_purchase_floors":[21,40,40,40,40,40,44],"current_hp_per_floor":[84,81,81,74,81,81,81,81,81,81,81,61,81,81,55,2,81,81,81,53,45,76,76,76,76,65,65,91,89,89,88,88,79,91,91,87,87,87,62,49,49,49,91,91,91,91,86,50,14,0,0,0],"gold":140,"neow_bonus":"TWENTY_PERCENT_HP_BONUS","is_daily":false,"chose_seed":false,"campfire_upgraded":7,"win_rate":0.0,"timestamp":1612834052,"path_taken":["R","M","?","?","$","M","T","R","M","?","M","M","R","?","M","BOSS","R","M","M","?","M","$","T","R","M","?","R","M","R","?","M","BOSS","R","M","?","?","?","$","T","?","R","$","R","$","?","M","M","BOSS"],"items_purchased_type":["Relic","Relic","Relic","Relic","Card","Card","Card"],"build_version":"2020-12-22","purchased_purges":1,"victory":false,"max_hp_per_floor":[84,84,84,84,81,81,81,81,81,81,81,81,81,81,81,81,81,81,81,81,81,91,91,91,91,91,91,91,91,91,91,91,91,91,91,91,91,91,91,91,91,91,91,91,91,91,91,91,91,91,91,91],"card_choices":[{"not_picked":["hexamod:GhostLash","hexamod:AdvancingGuard"],"picked":"hexamod:GhostOfSpireFuture","floor":2},{"not_picked":["hexamod:EtherealExpedition","hexamod:HauntingEcho"],"picked":"hexamod:PowerFromBeyond","floor":5},{"not_picked":["hexamod:PowerFromBeyond","hexamod:Haunt"],"picked":"hexamod:HauntingEcho","floor":6},{"not_picked":["hexamod:HauntingEcho","hexamod:SearingWound"],"picked":"hexamod:FlamesFromBeyond","floor":9},{"not_picked":["hexamod:SwordOfDarkness","hexamod:BacktrackSmack"],"picked":"hexamod:Firestarter","floor":11},{"not_picked":["hexamod:Firestarter","hexamod:RainOfEmbers"],"picked":"hexamod:AdvancingGuard","floor":12},{"not_picked":["hexamod:SuperheatedStrike","hexamod:FirstSeal"],"picked":"hexamod:RainOfEmbers","floor":15},{"not_picked":["hexamod:VolcanoVisage","hexamod:Toasty"],"picked":"hexamod:FifthSeal","floor":16},{"not_picked":["hexamod:SecondSeal","hexamod:FirstSeal"],"picked":"hexamod:SixthSeal","floor":19},{"not_picked":["hexamod:HauntingEcho","hexamod:NecessarySacrifice"],"picked":"hexamod:InspiringFlames","floor":19},{"not_picked":["hexamod:SecondSeal","hexamod:FourthSeal"],"picked":"hexamod:ThirdSeal","floor":20},{"not_picked":["hexamod:HauntingEcho","hexamod:FirstSeal"],"picked":"hexamod:FlamesFromBeyond","floor":20},{"not_picked":["hexamod:HeatCrush","hexamod:RadiantFlame+1"],"picked":"hexamod:Hexaguard+1","floor":21},{"not_picked":["hexamod:InspiringFlames","hexamod:PowerFromBeyond"],"picked":"hexamod:SecondSeal","floor":21},{"not_picked":["hexamod:SecondSeal","hexamod:FourthSeal"],"picked":"hexamod:SixthSeal","floor":21},{"not_picked":["hexamod:BacktrackSmack","hexamod:RetreatToShadows"],"picked":"hexamod:HeatMetal","floor":22},{"not_picked":["hexamod:HeatShield","hexamod:SuperheatedStrike"],"picked":"hexamod:ForkedFlame","floor":22},{"not_picked":["hexamod:SkipABeat","hexamod:AdvancingGuard"],"picked":"hexamod:Firestarter","floor":23},{"not_picked":["hexamod:GhostLash","hexamod:ThermalTransfer"],"picked":"hexamod:SoulSteal+1","floor":26},{"not_picked":["hexamod:SecondSeal","hexamod:Again+1"],"picked":"hexamod:SpectersWail","floor":29},{"not_picked":["hexamod:SwordOfDarkness","hexamod:ThermalTransfer"],"picked":"hexamod:HexaLevel","floor":31},{"not_picked":["hexamod:FirstSeal","hexamod:GhostShield"],"picked":"hexamod:HeatMetal","floor":32},{"not_picked":["hexamod:GiftsFromTheDead","hexamod:ParanormalForm"],"picked":"hexamod:UnlimitedPower","floor":33},{"not_picked":["hexamod:SpectralSpark","hexamod:BacktrackSmack"],"picked":"hexamod:FlamesFromBeyond","floor":36},{"not_picked":["expansioncontent:InvincibleStrength","expansioncontent:YouAreMine"],"picked":"expansioncontent:PrepareCrush","floor":37},{"not_picked":["hexamod:GhostShield","hexamod:FlamesFromBeyond"],"picked":"hexamod:HeatCrush+1","floor":39},{"not_picked":["hexamod:TurnItUp","hexamod:SpectralSpark+1"],"picked":"hexamod:AdvancingGuard+1","floor":40},{"not_picked":["hexamod:SpectersWail","hexamod:BacktrackSmack+1","hexamod:GhostShield+1"],"picked":"SKIP","floor":47},{"not_picked":["hexamod:NightmareGuise","hexamod:SuperheatedStrike+1"],"picked":"hexamod:SpectersWail+1","floor":48},{"not_picked":["hexamod:SpectralAdrenaline+1","hexamod:GhostOfSpirePresent"],"picked":"hexamod:SwordOfDarkness","floor":49}],"player_experience":382945,"relics_obtained":[{"floor":7,"key":"Anchor"},{"floor":24,"key":"Vajra"},{"floor":39,"key":"Du-Vu Doll"},{"floor":41,"key":"Regal Pillow"}],"event_choices":[{"damage_healed":0,"gold_gain":0,"player_choice":"Forge","damage_taken":0,"max_hp_gain":0,"max_hp_loss":0,"event_name":"Accursed Blacksmith","floor":14,"gold_loss":0,"cards_upgraded":["hexamod:FlamesFromBeyond"]},{"damage_healed":0,"gold_gain":0,"player_choice":"Ignored","damage_taken":0,"max_hp_gain":0,"max_hp_loss":0,"event_name":"NoteForYourself","floor":27,"gold_loss":0},{"damage_healed":0,"gold_gain":0,"player_choice":"Ignored","damage_taken":0,"max_hp_gain":0,"max_hp_loss":0,"event_name":"Mysterious Sphere","floor":38,"gold_loss":0}],"is_beta":false,"boss_relics":[{"not_picked":["Astrolabe","Pandora\u0027s Box"],"picked":"SlaversCollar"},{"not_picked":["Velvet Choker","Empty Cage"],"picked":"hexamod:UnbrokenSoul"}],"items_purged_floors":[5],"is_endless":false,"potions_floor_spawned":[2,15,16,22,26,29,31,36,48],"killed_by":"WA_ARCHETYPE_DIVINITY","ascension_level":0}}