{"host":"k1qq3tnzhl68zvao","time":1612876867,"event":{"mods":["ATMod(阿瑾Mod)","AchievementEnabler","BaseMod","Colored Powertips","Conspire","DeckTracker","Downfall","Energized Spire","GifTheSpireLib","Minty Spire (QoL Compilation)","Quick Restart","Relic Filter Mod","Replay The Spire","Spicy Shops","StSLib","【遗物卡牌】REMEMod"],"gold_per_floor":[119,61,61,61,71,96,109,135,135,147,175,192,205,108,108,209,209,225,225,245,245,48,82,82,113,113,147,159,185,202,231,231,336,336,351,361,373,195,210,235,270,270,270,303,352,0,35,47,47,47,47,47,47,80,80],"floor_reached":56,"language":"ZHS","playtime":4506,"items_purged":["Strike_R","Strike_R"],"score":2404,"play_id":"71683311-a923-4e1f-ab5f-938999d8e6b6","local_time":"20210209212107","is_ascension_mode":true,"campfire_choices":[{"data":"ReplayTheSpireMod:Strike From Hell","floor":15.0,"key":"SMITH"},{"data":"ReplayTheSpireMod:Strike From Hell","floor":24.0,"key":"SMITH"},{"data":"Armaments","floor":24.0,"key":"SMITH"},{"data":"Burning Pact","floor":32,"key":"SMITH"},{"data":"Offering","floor":32,"key":"SMITH"},{"data":"REME_ACTH","floor":42,"key":"SMITH"},{"data":"Pommel Strike","floor":42,"key":"SMITH"},{"floor":49,"key":"RECALL"},{"floor":52,"key":"DIG"}],"circlet_count":0,"master_deck":["Strike_R","Strike_R","Strike_R","Defend_R","Defend_R+1","Defend_R","Bash","AT_BreakingExtremeWeapon","Demon Form","Dark Embrace+1","ReplayTheSpireMod:Strike From Hell+1","Exhume","Whirlwind","Armaments+1","ReplayTheSpireMod:Strike From Hell+1","Heavy Blade","Offering+1","Warcry","Burning Pact+1","Flex+1","Cleave","Fiend Fire","Havoc","Headbutt","REME_ACTH+1","Pommel Strike+1"],"relics":["Burning Blood","AT_ATBox","REME_ComplimentaryCards","NeowsBlessing","InkBottle","Replay:Bottled Flurry","Oddly Smooth Stone","AT_ForceNature","Champion Belt","Black Star","Replay:Arrowhead","conspire:Boomerang","Replay:Baseball","Sundial","Happy Flower","Durian","PreservedInsect","Tiny Chest","Bag of Preparation","Pantograph","StoneCalendar","AT_ChloranthyRing","energizedSpire:DecayingSkull","AT_RedTearstoneRing","Mango","WingedGreaves","Shovel","Ornamental Fan","Girya","War Paint","Orichalcum","AT_Manta","Red Mask","Bottled Lightning","Ancient Tea Set","REME_LimitBreaker","Torii"],"acts_visited":["Exordium","TheCity","TheBeyond","TheEnding"],"potions_floor_usage":[27,31,45,55,55,55],"damage_taken":[{"damage":0.0,"enemies":"Cultist","floor":1.0,"turns":1.0},{"damage":0.0,"enemies":"2 Louse","floor":5.0,"turns":1.0},{"damage":0.0,"enemies":"Gremlin Nob","floor":6.0,"turns":1.0},{"damage":7.0,"enemies":"Jaw Worm","floor":7.0,"turns":2.0},{"damage":10.0,"enemies":"Lagavulin","floor":8.0,"turns":5.0},{"damage":7.0,"enemies":"Blue Slaver","floor":10.0,"turns":3.0},{"damage":18.0,"enemies":"3 Sentries","floor":11.0,"turns":4.0},{"damage":0.0,"enemies":"2 Fungi Beasts","floor":12.0,"turns":4.0},{"damage":5.0,"enemies":"Red Slaver","floor":13.0,"turns":3.0},{"damage":0.0,"enemies":"The Guardian","floor":16.0,"turns":1.0},{"damage":15.0,"enemies":"Shell Parasite","floor":18.0,"turns":4.0},{"damage":3.0,"enemies":"Spheric Guardian","floor":20.0,"turns":1.0},{"damage":0.0,"enemies":"Gremlin Leader","floor":23.0,"turns":2.0},{"damage":7.0,"enemies":"Book of Stabbing","floor":25.0,"turns":2.0},{"damage":0,"enemies":"Slavers","floor":27,"turns":1},{"damage":3,"enemies":"Snecko","floor":28,"turns":2},{"damage":15,"enemies":"Book of Stabbing","floor":29,"turns":3},{"damage":3,"enemies":"Centurion and Healer","floor":30,"turns":3},{"damage":27,"enemies":"Gremlin Leader","floor":31,"turns":5},{"damage":6,"enemies":"Automaton","floor":33,"turns":2},{"damage":3,"enemies":"Orb Walker","floor":35,"turns":1},{"damage":3,"enemies":"3 Shapes","floor":36,"turns":1},{"damage":17,"enemies":"Jaw Worm Horde","floor":37,"turns":2},{"damage":4,"enemies":"Sphere and 2 Shapes","floor":39,"turns":2},{"damage":3,"enemies":"Giant Head","floor":40,"turns":1},{"damage":3,"enemies":"Nemesis","floor":41,"turns":1},{"damage":6,"enemies":"R_Hoarder","floor":44,"turns":2},{"damage":22,"enemies":"2 Orb Walkers","floor":45,"turns":2},{"damage":6,"enemies":"Reptomancer","floor":47,"turns":1},{"damage":0,"enemies":"Writhing Mass","floor":48,"turns":1},{"damage":0,"enemies":"Donu and Deca","floor":50,"turns":1},{"damage":0,"enemies":"Shield and Spear","floor":54,"turns":1},{"damage":65,"enemies":"The Heart","floor":55,"turns":3}],"seed_played":"-4826003075479693081","potions_obtained":[{"floor":1.0,"key":"Fire Potion"},{"floor":5.0,"key":"Reflective Coating"},{"floor":6.0,"key":"Weak Potion"},{"floor":10.0,"key":"DistilledChaos"},{"floor":20.0,"key":"Adrenaline Potion"},{"floor":25.0,"key":"BloodPotion"},{"floor":27,"key":"Strength Potion"},{"floor":33,"key":"DuplicationPotion"},{"floor":35,"key":"Regen Potion"},{"floor":47,"key":"Block Potion"}],"is_trial":false,"path_per_floor":["M","$","T","?","M","E","M","E","T","M","E","M","M","$","R","B",null,"M","?","M","?","$","E","R","E","T","E","M","E","M","E","R","B",null,"M","M","M","$","M","E","E","R","T","E","?","?","E","M","R","B",null,"R","$","E","B",null],"character_chosen":"IRONCLAD","items_purchased":["Dark Embrace+1","Heavy Blade","conspire:Boomerang","Flex","AT_RedTearstoneRing"],"campfire_rested":0,"item_purchase_floors":[2,14,22,22,38],"current_hp_per_floor":[78,78,78,78,80,80,79,75,75,74,62,68,69,69,69,75,79,70,70,73,73,73,79,79,83,83,85,85,76,79,58,58,83,85,85,85,74,74,76,93,96,96,96,96,80,80,80,86,86,99,99,99,99,99,59],"gold":80,"neow_bonus":"THREE_ENEMY_KILL","is_daily":false,"chose_seed":false,"campfire_upgraded":7,"win_rate":0.0,"timestamp":1612876867,"path_taken":["M","?","?","?","M","E","M","E","T","M","E","M","?","$","R","BOSS","M","?","?","?","$","E","R","E","T","E","M","E","M","E","R","BOSS","M","M","M","$","M","E","E","R","T","E","?","?","E","M","R","BOSS","R","$","E","BOSS"],"items_purchased_type":["Card","Card","Relic","Card","Relic"],"build_version":"2020-12-22","purchased_purges":2,"victory":true,"max_hp_per_floor":[80,80,80,80,80,80,80,80,80,80,80,80,80,80,80,80,80,80,80,80,80,80,80,80,85,85,85,85,85,85,85,85,85,85,85,85,85,85,85,99,99,99,99,99,99,99,99,99,99,99,99,99,99,99,99],"card_choices":[{"not_picked":["Evolve","AT_CaressingTears","Rampage"],"picked":"SKIP","floor":1.0},{"not_picked":["Dark Embrace","Clothesline"],"picked":"ReplayTheSpireMod:Strike From Hell","floor":5.0},{"not_picked":["Ghostly Armor","AT_DiedThrough"],"picked":"Exhume","floor":6.0},{"not_picked":["Bloodletting","AT_CaressingTears","ReplayReversal"],"picked":"SKIP","floor":7.0},{"not_picked":["Pommel Strike","Twin Strike"],"picked":"Whirlwind","floor":8.0},{"not_picked":["Anger","Rupture"],"picked":"Armaments","floor":10.0},{"not_picked":["Metallicize","Uppercut","Evolve"],"picked":"SKIP","floor":11.0},{"not_picked":["AT_BodySlamDance","Battle Trance"],"picked":"ReplayTheSpireMod:Strike From Hell","floor":12.0},{"not_picked":["Havoc","REME_Fury","Body Slam"],"picked":"SKIP","floor":13.0},{"not_picked":["Demonic Infusion","Double Tap"],"picked":"Offering","floor":16.0},{"not_picked":["AT_BodySlamDance","Dark Embrace"],"picked":"Warcry","floor":18.0},{"not_picked":["Warcry","Anger+1"],"picked":"Burning Pact","floor":20.0},{"not_picked":["Clash+1","Perfected Strike"],"picked":"Cleave","floor":23.0},{"not_picked":["Second Wind","Barricade"],"picked":"Fiend Fire","floor":25.0},{"not_picked":["Evolve","Body Slam+1"],"picked":"Havoc","floor":27},{"not_picked":["Havoc","Twin Strike"],"picked":"Headbutt","floor":28},{"not_picked":["Sever Soul","Flex+1","Flame Barrier"],"picked":"SKIP","floor":29},{"not_picked":["Rupture","Sword Boomerang","True Grit+1"],"picked":"SKIP","floor":30},{"not_picked":["Headbutt","Anger"],"picked":"REME_ACTH","floor":31},{"not_picked":["Anger+1","AT_BodySlamDance+1","Defy Death+1"],"picked":"SKIP","floor":35},{"not_picked":["Infernal Blade+1","conspire:Charge","Body Slam"],"picked":"SKIP","floor":36},{"not_picked":["Carnage+1","Warcry+1","Dropkick+1"],"picked":"SKIP","floor":37},{"not_picked":["conspire:ExplosiveBarrier","Defy Death","Perfected Strike+1"],"picked":"SKIP","floor":39},{"not_picked":["AT_DrawKnifeCut","AT_BodySlamDance+1"],"picked":"Pommel Strike","floor":40},{"not_picked":["Clash","AT_BodySlamDance+1","Replay:Undeath\u0027s Touch+1"],"picked":"SKIP","floor":41},{"not_picked":["AT_IchimonjiDouble","Thunderclap+1","Replay:Undeath\u0027s Touch+1"],"picked":"SKIP","floor":44},{"not_picked":["Entrench","Ghostly Armor","Havoc"],"picked":"SKIP","floor":47},{"not_picked":["Wild Strike+1","Replay:Undeath\u0027s Touch","Dark Embrace+1"],"picked":"SKIP","floor":48},{"not_picked":["Rampage","Clothesline","Iron Wave"],"picked":"SKIP","floor":54}],"player_experience":526466,"relics_obtained":[{"floor":3.0,"key":"InkBottle"},{"floor":6.0,"key":"Replay:Bottled Flurry"},{"floor":8.0,"key":"Oddly Smooth Stone"},{"floor":9.0,"key":"AT_ForceNature"},{"floor":11.0,"key":"Champion Belt"},{"floor":23.0,"key":"Replay:Baseball"},{"floor":23.0,"key":"Sundial"},{"floor":25.0,"key":"Happy Flower"},{"floor":25.0,"key":"Durian"},{"floor":27,"key":"PreservedInsect"},{"floor":27,"key":"Tiny Chest"},{"floor":29,"key":"Bag of Preparation"},{"floor":29,"key":"Pantograph"},{"floor":31,"key":"StoneCalendar"},{"floor":31,"key":"AT_ChloranthyRing"},{"floor":40,"key":"Mango"},{"floor":40,"key":"WingedGreaves"},{"floor":41,"key":"Shovel"},{"floor":41,"key":"Ornamental Fan"},{"floor":43,"key":"Girya"},{"floor":44,"key":"War Paint"},{"floor":44,"key":"Orichalcum"},{"floor":45,"key":"AT_Manta"},{"floor":47,"key":"Bottled Lightning"},{"floor":47,"key":"Ancient Tea Set"},{"floor":52,"key":"REME_LimitBreaker"},{"floor":54,"key":"Torii"}],"event_choices":[{"cards_removed":["Defend_R"],"damage_healed":0.0,"max_hp_gain":0.0,"max_hp_loss":0.0,"gold_gain":0.0,"event_name":"Bonfire Elementals","player_choice":"Offered Basic","floor":4.0,"gold_loss":0.0,"damage_taken":0.0},{"damage_healed":0.0,"max_hp_gain":0.0,"max_hp_loss":0.0,"gold_gain":0.0,"event_name":"Match and Keep!","player_choice":"0 cards matched","floor":19.0,"gold_loss":0.0,"damage_taken":0.0,"cards_obtained":[]},{"damage_healed":0,"gold_gain":0,"player_choice":"Fight","damage_taken":0,"max_hp_gain":0,"max_hp_loss":0,"event_name":"Mysterious Sphere","floor":45,"gold_loss":0},{"damage_healed":0,"gold_gain":0,"player_choice":"Paid","damage_taken":0,"relics_obtained":["Red Mask"],"max_hp_gain":0,"max_hp_loss":0,"event_name":"Tomb of Lord Red Mask","floor":46,"gold_loss":352}],"is_beta":false,"boss_relics":[{"not_picked":["energizedSpire:EnergizedDie","Busted Crown"],"picked":"Black Star"},{"not_picked":["Velvet Choker","Pandora\u0027s Box"],"picked":"energizedSpire:DecayingSkull"}],"items_purged_floors":[14,38],"is_endless":false,"potions_floor_spawned":[1,5,6,8,10,12,20,25,27,30,33,35,36,41,47,54],"ascension_level":8}}