{"host":"v543qxxvvceaeui9","time":1612872772,"event":{"mods":["BaseMod","BetterRewards","Downfall","Hermit","Hubris","Infinite Spire","Marisa????????","Minty Spire (QoL Compilation)","Quick Restart","Replay The Spire","StSLib"],"gold_per_floor":[0,16,1,17,17,52,52,62,81,97,114,114,144,174,189,284,284,284,300,314,332,182,182,207,226,226,238,238,271,271,282,292,389,389,389,406,422,438,488,488,488,499,515,65,65,111,11,22,34,34,34,34],"floor_reached":50,"language":"ENG","playtime":3414,"items_purged":["Slimebound:Defend_Slimebound","Slimebound:Strike_Slimebound"],"score":532,"play_id":"4c46ee5f-d56a-4715-bcf2-64bee53d9041","local_time":"20210209071252","is_ascension_mode":false,"campfire_choices":[{"floor":12,"key":"REST"},{"data":"Slimebound:Defend_Slimebound","floor":18,"key":"PURGE"},{"data":"Slimebound:Gluttony","floor":26,"key":"SMITH"},{"data":"Slimebound:WasteNot","floor":28,"key":"SMITH"},{"data":"Slimebound:Split","floor":30,"key":"SMITH"},{"data":"infinitespire:DeathsTouch","floor":35,"key":"SMITH"},{"floor":45,"key":"REST"},{"floor":47,"key":"REST"}],"circlet_count":0,"master_deck":["Slimebound:Tackle","Slimebound:Defend_Slimebound","Slimebound:Defend_Slimebound","Slimebound:Split+1","Slimebound:CorrosiveSpit+1","infinitespire:DeathsTouch+1","Slimebound:SplitLeeching","Slimebound:ComboTackle","Slimebound:RainOfGoop","Slimebound:ItLooksTasty","Slimebound:Repurpose","Slimebound:GoopSpray","Slimebound:RainOfGoop+1","Slimebound:WasteNot+1","Slimebound:Prepare","Slimebound:Gluttony+1","Slimebound:MassFeed","Slimebound:LeechingTouch","Slimebound:Schlurp","Slimebound:Repurpose+1","Slimebound:RejuvenatingLick","Slimebound:LeechEnergy+1","Slimebound:SplitMire+1","Slimebound:MassFeed","Slimebound:SamplingLick+1","Slimebound:GoopSpray+1","Slimebound:LeechingTouch+1","Slimebound:SlimeTap+1","expansioncontent:HyperBeam+1","Parasite","Slimebound:PrepareCrush","Slimebound:SpikyOuterGoop+1","Slimebound:GoopSpray","Slimebound:LeechingTouch+1"],"relics":["Slimebound:AbsorbEndCombat","hubris:Towel","Art of War","Gremlin Food","Toy Ornithopter","infinitespire:Cupcake","TheAbacus","Bag of Marbles","infinitespire:Bottled Soul","bronze:MakeshiftBattery","Ice Cream","Replay:Arrowhead","hubris:ToyBattleship","Happy Flower","downfall:HeartBlessingBlue"],"acts_visited":["Exordium","TheCity","TheBeyond"],"potions_floor_usage":[13,16,16,25,29,33,38,43,44,50,50,50],"damage_taken":[{"damage":1,"enemies":"Jaw Worm","floor":2,"turns":4},{"damage":5,"enemies":"downfall:FleeingMerchant","floor":3,"turns":4},{"damage":0,"enemies":"Cultist","floor":4,"turns":2},{"damage":32,"enemies":"Gremlin Nob","floor":6,"turns":4},{"damage":0,"enemies":"Small Slimes","floor":8,"turns":2},{"damage":6,"enemies":"2 Fungi Beasts","floor":9,"turns":3},{"damage":0,"enemies":"Gremlin Gang","floor":10,"turns":4},{"damage":3,"enemies":"Blue Slaver","floor":11,"turns":2},{"damage":12,"enemies":"3 Sentries","floor":13,"turns":5},{"damage":11,"enemies":"Exordium Wildlife","floor":15,"turns":3},{"damage":14,"enemies":"SI_SHIV_ARCHETYPE","floor":16,"turns":6},{"damage":9,"enemies":"Chosen","floor":19,"turns":4},{"damage":0,"enemies":"3 Cultists","floor":20,"turns":3},{"damage":8,"enemies":"Centurion and Healer","floor":21,"turns":4},{"damage":3,"enemies":"Snake Plant","floor":25,"turns":3},{"damage":16,"enemies":"Snecko","floor":27,"turns":4},{"damage":21,"enemies":"Book of Stabbing","floor":29,"turns":4},{"damage":19,"enemies":"Shelled Parasite and Fungi","floor":31,"turns":4},{"damage":3,"enemies":"Snake Plant","floor":32,"turns":2},{"damage":18,"enemies":"IC_MUSHROOM_ARCHETYPE","floor":33,"turns":7},{"damage":45,"enemies":"3 Darklings","floor":36,"turns":4},{"damage":26,"enemies":"3 Shapes","floor":37,"turns":3},{"damage":15,"enemies":"Jaw Worm Horde","floor":38,"turns":4},{"damage":0,"enemies":"Jaw Worm Horde","floor":39,"turns":4},{"damage":39,"enemies":"Writhing Mass","floor":42,"turns":5},{"damage":3,"enemies":"Spire Growth","floor":43,"turns":3},{"damage":0,"enemies":"downfall:FleeingMerchant","floor":44,"turns":4},{"damage":0,"enemies":"Jaw Worm Horde","floor":48,"turns":1},{"damage":6,"enemies":"4 Shapes","floor":49,"turns":1},{"damage":110,"enemies":"WA_ARCHETYPE_DIVINITY","floor":50,"turns":5}],"seed_played":"8136190335930227452","potions_obtained":[{"floor":2,"key":"AttackPotion"},{"floor":4,"key":"FearPotion"},{"floor":11,"key":"BlessingOfTheForge"},{"floor":15,"key":"Weak Potion"},{"floor":16,"key":"hexamod:SoulburnPotion"},{"floor":19,"key":"Languid Potion"},{"floor":20,"key":"AttackPotion"},{"floor":32,"key":"Reflective Coating"},{"floor":33,"key":"Reflective Coating"},{"floor":38,"key":"CultistPotion"},{"floor":39,"key":"Elixir"},{"floor":42,"key":"Block Potion"},{"floor":43,"key":"ColorlessPotion"}],"is_trial":false,"path_per_floor":["R","M","$","M","?","E","T","M","M","M","M","R","E","?","M","B",null,"R","M","M","M","?","AVR","T","M","R","M","R","E","R","M","M","B",null,"R","M","M","M","?","?","T","M","M","$","R","T","R","M","M","B"],"character_chosen":"SLIMEBOUND","items_purchased":["FearPotion","hubris:ToyBattleship","Happy Flower"],"campfire_rested":3,"item_purchase_floors":[44,44,44],"current_hp_per_floor":[49,52,53,53,53,25,25,25,25,29,30,49,41,41,36,38,65,65,56,66,67,84,84,84,86,86,74,74,66,66,53,54,49,87,87,48,30,29,37,37,37,6,14,27,54,54,94,94,92,0,0,0],"gold":34,"neow_bonus":"REMOVE_TWO","is_daily":false,"chose_seed":false,"campfire_upgraded":4,"win_rate":0.0,"timestamp":1612872772,"path_taken":["R","M","$","M","?","E","T","M","M","M","M","R","E","?","M","BOSS","R","M","M","M","?","AVR","T","?","R","M","R","E","R","M","M","BOSS","R","M","M","M","?","?","T","M","M","?","R","?","R","M","M","BOSS"],"items_purchased_type":["Potion","Relic","Relic"],"build_version":"2020-12-22","purchased_purges":2,"victory":false,"max_hp_per_floor":[65,65,65,65,65,65,65,65,65,65,65,65,65,65,65,65,65,65,65,71,74,84,84,84,87,87,87,87,87,87,87,87,87,87,87,87,87,90,90,90,90,90,90,90,90,90,100,100,100,100,100,100],"card_choices":[{"not_picked":["ReplayTheSpireMod:Black Plague","hubris:Fate"],"picked":"infinitespire:DeathsTouch","floor":1},{"not_picked":["Slimebound:Equalize","Slimebound:SlimeBarrage"],"picked":"Slimebound:SplitLeeching","floor":2},{"not_picked":["Slimebound:Prepare","Slimebound:LeechingTouch"],"picked":"Slimebound:ComboTackle","floor":3},{"not_picked":["Slimebound:FlameTackle","Slimebound:Schlurp"],"picked":"Slimebound:RainOfGoop","floor":4},{"not_picked":["Slimebound:GoopTackle","Slimebound:BestDefense"],"picked":"Slimebound:ItLooksTasty","floor":6},{"not_picked":["Slimebound:SlimeSpikes","Slimebound:PressTheAttack"],"picked":"Slimebound:Repurpose","floor":8},{"not_picked":["Slimebound:Grow","Slimebound:DuplicatedForm"],"picked":"Slimebound:GoopSpray","floor":9},{"not_picked":["Slimebound:LeechEnergy","Slimebound:ComboTackle"],"picked":"Slimebound:RainOfGoop","floor":10},{"not_picked":["Slimebound:Schlurp","Slimebound:RainOfGoop"],"picked":"Slimebound:WasteNot","floor":11},{"not_picked":["Slimebound:PressTheAttack","Slimebound:FirmFortitude"],"picked":"Slimebound:Prepare","floor":13},{"not_picked":["Slimebound:BestDefense","Slimebound:MegaLick"],"picked":"Slimebound:Gluttony","floor":15},{"not_picked":["Slimebound:RallyTheTroops","Slimebound:DouseInSlime"],"picked":"Slimebound:MassFeed","floor":16},{"not_picked":["Slimebound:SplitAcid","Slimebound:Equalize"],"picked":"Slimebound:LeechingTouch","floor":19},{"not_picked":["Slimebound:HauntingLick","Slimebound:SplitAcid+1"],"picked":"Slimebound:Schlurp","floor":20},{"not_picked":["Slimebound:PressTheAttack+1","Slimebound:SlimeBarrage+1"],"picked":"Slimebound:Repurpose+1","floor":21},{"not_picked":["Slimebound:HauntingLick","Slimebound:PressTheAttack"],"picked":"Slimebound:RejuvenatingLick","floor":25},{"not_picked":["Slimebound:SplitAcid","Slimebound:SlimeBarrage","Slimebound:FlameTackle"],"picked":"SKIP","floor":27},{"not_picked":["Slimebound:FormOfPuddle+1","Slimebound:SplitBruiser+1"],"picked":"Slimebound:LeechEnergy+1","floor":29},{"not_picked":["Slimebound:FlameTackle","Slimebound:MegaLick"],"picked":"Slimebound:SplitMire+1","floor":31},{"not_picked":["Slimebound:GoopTackle","Slimebound:SplitBruiser","Slimebound:Replication"],"picked":"SKIP","floor":32},{"not_picked":["Slimebound:MassRepurpose","Slimebound:SlimeSlap"],"picked":"Slimebound:MassFeed","floor":33},{"not_picked":["Slimebound:SlimeSpikes+1","Slimebound:Prepare"],"picked":"Slimebound:SamplingLick+1","floor":36},{"not_picked":["Slimebound:FormOfPuddle+1","Slimebound:SlimeBarrage"],"picked":"Slimebound:GoopSpray+1","floor":37},{"not_picked":["Slimebound:LeechEnergy+1","Slimebound:LivingWall"],"picked":"Slimebound:LeechingTouch+1","floor":38},{"not_picked":["Slimebound:GoopTackle","Slimebound:SlimeSpikes+1"],"picked":"Slimebound:SlimeTap+1","floor":39},{"not_picked":["Replay:SS_forest_2","Replay:SS_fish_1"],"picked":"expansioncontent:HyperBeam","floor":40},{"not_picked":["Slimebound:SplitLeeching+1","Slimebound:Schlurp+1"],"picked":"Slimebound:PrepareCrush","floor":42},{"not_picked":["Slimebound:WasteNot","Slimebound:SlimeBarrage+1"],"picked":"Slimebound:SpikyOuterGoop+1","floor":43},{"not_picked":["Slimebound:Grow+1","Slimebound:RejuvenatingLick"],"picked":"Slimebound:GoopSpray","floor":44},{"not_picked":["Slimebound:RollThrough+1","Slimebound:Grow+1"],"picked":"Slimebound:LeechingTouch+1","floor":48},{"not_picked":["Slimebound:PressTheAttack+1","Slimebound:HauntingLick","Slimebound:SplitBruiser+1"],"picked":"SKIP","floor":49}],"player_experience":299158,"relics_obtained":[{"floor":6,"key":"Art of War"},{"floor":7,"key":"Gremlin Food"},{"floor":13,"key":"Toy Ornithopter"},{"floor":24,"key":"Bag of Marbles"},{"floor":29,"key":"infinitespire:Bottled Soul"},{"floor":39,"key":"Ice Cream"},{"floor":41,"key":"Replay:Arrowhead"}],"event_choices":[],"is_beta":false,"boss_relics":[{"not_picked":["Replay:Ancient Bell","hubris:Backtick"],"picked":"infinitespire:Cupcake"},{"not_picked":["Snecko Eye","ChewingGum"],"picked":"bronze:MakeshiftBattery"}],"items_purged_floors":[23,44],"is_endless":false,"potions_floor_spawned":[2,4,11,15,16,19,20,32,33,38,39,42,43,48],"killed_by":"WA_ARCHETYPE_DIVINITY","ascension_level":0}}