{"host":"uv5ws9rdk87e8i5k","time":1612834477,"event":{"mods":["AchievementEnabler","BaseMod","Colored Map","Minty Spire (QoL Compilation)","Permanent Neow","Quick Restart","StSLib","SuperFastMode","The Necromancer"],"gold_per_floor":[110,128,143,143,143,177,195,222,222,254,254,327,346,377,377,478,478,497,183,183,183,183,183],"floor_reached":22,"language":"ENG","playtime":530,"items_purged":["Acrobatics"],"score":329,"play_id":"c5c8fbd7-032f-4208-baf4-522ff0a3f620","local_time":"20210208193437","is_ascension_mode":true,"campfire_choices":[{"floor":11,"key":"REST"},{"data":"Adrenaline","floor":15,"key":"SMITH"}],"circlet_count":0,"master_deck":["AscendersBane","Survivor","Neutralize","Eviscerate","Cloak And Dagger","All Out Attack","Endless Agony","Backstab","Acrobatics","Adrenaline+1","Finisher","Glass Knife","Footwork","Acrobatics","Choke","Prepared","Well Laid Plans","Blur","A Thousand Cuts","Acrobatics","Caltrops","Deadly Poison"],"relics":["Black Star","Blood Vial","Nunchaku","Torii","Singing Bowl","Blue Candle","Anchor","Toy Ornithopter","Eternal Feather","Lizard Tail","Pandora\u0027s Box","Bag of Marbles"],"acts_visited":["Exordium","TheCity"],"potions_floor_usage":[10,10,16],"damage_taken":[{"damage":0.0,"enemies":"Small Slimes","floor":1.0,"turns":4.0},{"damage":7.0,"enemies":"Jaw Worm","floor":2.0,"turns":3.0},{"damage":6.0,"enemies":"Cultist","floor":3.0,"turns":3.0},{"damage":20.0,"enemies":"Gremlin Nob","floor":6.0,"turns":4.0},{"damage":8.0,"enemies":"Large Slime","floor":7.0,"turns":5.0},{"damage":25.0,"enemies":"Lagavulin","floor":8.0,"turns":9.0},{"damage":8,"enemies":"3 Sentries","floor":10,"turns":5},{"damage":0,"enemies":"Looter","floor":13,"turns":2},{"damage":16,"enemies":"Gremlin Nob","floor":14,"turns":3},{"damage":29,"enemies":"The Guardian","floor":16,"turns":14},{"damage":9,"enemies":"3 Byrds","floor":18,"turns":3},{"damage":1,"enemies":"Shell Parasite","floor":22,"turns":2}],"seed_played":"-2596924620961798347","potions_obtained":[{"floor":1.0,"key":"CultistPotion"},{"floor":3.0,"key":"AttackPotion"},{"floor":8.0,"key":"ColorlessPotion"},{"floor":14,"key":"ColorlessPotion"},{"floor":18,"key":"SkillPotion"}],"is_trial":false,"path_per_floor":["M","M","M","?","?","E","M","E","T","E","R","?","M","E","R","B",null,"M","$","?","?","M"],"character_chosen":"THE_SILENT","items_purchased":["Bag of Marbles","Dexterity Potion","Deadly Poison"],"campfire_rested":1,"item_purchase_floors":[19,19,19],"current_hp_per_floor":[63,56,50,70,70,50,44,21,21,15,36,36,38,26,38,16,58,53,53,53,53,54,54],"gold":183,"neow_bonus":"BOSS_RELIC","is_daily":false,"chose_seed":false,"campfire_upgraded":1,"win_rate":0.0,"timestamp":1612834477,"path_taken":["M","M","M","?","?","E","M","E","T","E","R","?","M","E","R","BOSS","M","$","?","?","?"],"items_purchased_type":["Relic","Potion","Card"],"build_version":"2020-12-22","purchased_purges":1,"victory":false,"max_hp_per_floor":[70,70,70,70,70,70,70,70,70,70,70,70,70,72,72,72,72,74,74,74,74,74,74],"card_choices":[{"not_picked":["Flechettes","Blur"],"picked":"Eviscerate","floor":1.0},{"not_picked":["Sucker Punch","Quick Slash"],"picked":"Cloak And Dagger","floor":2.0},{"not_picked":["Poisoned Stab","Bane"],"picked":"All Out Attack","floor":3.0},{"not_picked":["Venomology","Expertise"],"picked":"Endless Agony","floor":6.0},{"not_picked":["Riddle With Holes","Caltrops"],"picked":"Backstab","floor":7.0},{"not_picked":["Escape Plan","Masterful Stab"],"picked":"Acrobatics","floor":8.0},{"not_picked":["Backflip","Bane"],"picked":"Adrenaline","floor":10},{"not_picked":["Dagger Throw","Grand Finale"],"picked":"Finisher","floor":13},{"not_picked":["Leg Sweep","Acrobatics","Dodge and Roll"],"picked":"Singing Bowl","floor":14},{"not_picked":["Tools of the Trade","Corpse Explosion"],"picked":"Glass Knife","floor":16},{"not_picked":["Dodge and Roll","Terror","Leg Sweep"],"picked":"Singing Bowl","floor":18}],"player_experience":272871,"relics_obtained":[{"floor":6.0,"key":"Blood Vial"},{"floor":6.0,"key":"Nunchaku"},{"floor":8.0,"key":"Torii"},{"floor":8.0,"key":"Singing Bowl"},{"floor":9.0,"key":"Blue Candle"},{"floor":10,"key":"Anchor"},{"floor":10,"key":"Toy Ornithopter"},{"floor":14,"key":"Eternal Feather"},{"floor":14,"key":"Lizard Tail"}],"event_choices":[{"damage_healed":23.0,"max_hp_gain":0.0,"max_hp_loss":0.0,"gold_gain":0.0,"event_name":"Big Fish","player_choice":"Banana","floor":4.0,"gold_loss":0.0,"damage_taken":0.0},{"damage_healed":0.0,"max_hp_gain":0.0,"max_hp_loss":0.0,"gold_gain":0.0,"event_name":"Liars Game","player_choice":"Ignored","floor":5.0,"gold_loss":0.0,"damage_taken":0.0},{"damage_healed":0,"gold_gain":73,"player_choice":"Gained Gold","damage_taken":0,"max_hp_gain":0,"max_hp_loss":0,"event_name":"Golden Wing","floor":12,"gold_loss":0},{"damage_healed":0,"gold_gain":0,"player_choice":"Ignored","damage_taken":0,"max_hp_gain":0,"max_hp_loss":0,"event_name":"Vampires","floor":20,"gold_loss":0},{"damage_healed":0,"gold_gain":0,"player_choice":"Simplicity","damage_taken":0,"max_hp_gain":0,"max_hp_loss":0,"event_name":"Back to Basics","floor":21,"gold_loss":0,"cards_upgraded":[]}],"is_beta":false,"boss_relics":[{"not_picked":["Coffee Dripper","Astrolabe"],"picked":"Pandora\u0027s Box"}],"items_purged_floors":[19],"is_endless":false,"potions_floor_spawned":[1,3,8,14,18],"killed_by":"Shell Parasite","ascension_level":11}}