{"host":"tetq3wi5anb97imq","time":1612897689,"event":{"mods":["BaseMod","Block Reminder","Minty Spire (QoL Compilation)","Quick Restart","StSLib","SuperFastMode"],"gold_per_floor":[117,128,128,11,31,59,114,126,126,152,152,152,152,152],"floor_reached":13,"language":"ENG","playtime":268,"items_purged":["Normality"],"score":186,"play_id":"3becea8a-6ada-4a52-9e64-abdc67e60cfc","local_time":"20210209170809","is_ascension_mode":true,"campfire_choices":[{"data":"Footwork","floor":11,"key":"SMITH"}],"circlet_count":0,"master_deck":["AscendersBane","Strike_G","Strike_G","Strike_G","Strike_G","Strike_G","Defend_G","Defend_G","Defend_G","Defend_G","Defend_G","Survivor","Neutralize","Bane","Deadly Poison","Backstab","Dagger Throw","Terror+1","Footwork+1","Tools of the Trade"],"relics":["Ring of the Snake","Ice Cream","Gremlin Horn","Blue Candle","Bronze Scales"],"acts_visited":["Exordium"],"potions_floor_usage":[6,10],"damage_taken":[{"damage":1,"enemies":"2 Louse","floor":1,"turns":4},{"damage":4,"enemies":"Small Slimes","floor":2,"turns":3},{"damage":0,"enemies":"Jaw Worm","floor":5,"turns":3},{"damage":21,"enemies":"Lagavulin","floor":6,"turns":6},{"damage":0,"enemies":"Exordium Thugs","floor":8,"turns":4},{"damage":29,"enemies":"3 Sentries","floor":10,"turns":9},{"damage":14,"enemies":"Gremlin Nob","floor":13,"turns":3}],"seed_played":"1645220732665935165","potions_obtained":[{"floor":2,"key":"DistilledChaos"},{"floor":8,"key":"Regen Potion"}],"is_trial":false,"path_per_floor":["M","M","?","$","M","E","?","M","T","E","R","?","E"],"character_chosen":"THE_SILENT","items_purchased":["Backstab"],"campfire_rested":0,"item_purchase_floors":[4],"current_hp_per_floor":[58,54,59,59,59,38,38,38,38,24,24,24,10,10],"gold":152,"neow_bonus":"ONE_RARE_RELIC","is_daily":false,"chose_seed":false,"campfire_upgraded":1,"win_rate":0.0,"timestamp":1612897689,"path_taken":["M","M","?","$","M","E","?","M","T","E","R","?","E"],"items_purchased_type":["Card"],"build_version":"2020-12-22","purchased_purges":1,"victory":false,"max_hp_per_floor":[66,66,71,71,71,71,71,71,71,71,71,71,71,71],"card_choices":[{"not_picked":["Eviscerate","Outmaneuver"],"picked":"Bane","floor":1},{"not_picked":["Dagger Throw","Acrobatics"],"picked":"Deadly Poison","floor":2},{"not_picked":["PiercingWail","Cloak And Dagger"],"picked":"Dagger Throw","floor":5},{"not_picked":["Doppelganger","Quick Slash"],"picked":"Terror","floor":6},{"not_picked":["Outmaneuver","Cloak And Dagger"],"picked":"Footwork","floor":8},{"not_picked":["Deflect","Riddle With Holes"],"picked":"Tools of the Trade","floor":10}],"player_experience":1660939,"relics_obtained":[{"floor":6,"key":"Gremlin Horn"},{"floor":9,"key":"Blue Candle"},{"floor":10,"key":"Bronze Scales"}],"event_choices":[{"damage_healed":0,"gold_gain":0,"player_choice":"Donut","damage_taken":0,"max_hp_gain":5,"max_hp_loss":0,"event_name":"Big Fish","floor":3,"gold_loss":0},{"damage_healed":0,"gold_gain":55,"player_choice":"Gained Gold","damage_taken":0,"max_hp_gain":0,"max_hp_loss":0,"event_name":"Golden Wing","floor":7,"gold_loss":0},{"damage_healed":0,"gold_gain":0,"player_choice":"Grow","damage_taken":0,"max_hp_gain":0,"max_hp_loss":0,"event_name":"Living Wall","floor":12,"gold_loss":0,"cards_upgraded":["Terror"]}],"is_beta":false,"boss_relics":[],"items_purged_floors":[4],"is_endless":false,"potions_floor_spawned":[2,8],"killed_by":"Gremlin Nob","ascension_level":20}}