{"host":"ibgtsljv18d2rnte","time":1612848060,"event":{"mods":["AchievementEnabler","BaseMod","Better Match","Hermit","Koishi","Marisa????????","Minty Spire (QoL Compilation)","Prisma Mod","Reliquary","StSLib","The Alterego","The Fake Hero","The Marked","The Servant 0.9.4","Waifu the Spire","Yakumo Yukari mod","everything is the same but u backflip on backflip","slay the spire mod where everything is the same but ironclad has a cowboy hat"],"gold_per_floor":[111,10,20,195,195,230,230,253,253,271,304,304,328,328,328,328,328],"floor_reached":16,"language":"ENG","playtime":515,"items_purged":["Strike_R"],"score":135,"play_id":"360d7e72-9fbb-47bc-a149-47c09f617c96","local_time":"20210208222100","is_ascension_mode":false,"campfire_choices":[{"data":"Bash","floor":7,"key":"SMITH"},{"data":"Berserk","floor":12,"key":"SMITH"},{"floor":15,"key":"REST"}],"circlet_count":0,"master_deck":["Strike_R","Strike_R","Strike_R","Strike_R","Defend_R","Defend_R","Defend_R+1","Defend_R","Bash+1","Iron Wave+1","Flex","Flex","Doubt","Injury","Clothesline","Thunderclap","Cleave","Berserk+1","Pommel Strike","Barricade"],"relics":["Burning Blood","NeowsBlessing","Golden Idol","reliquary:Firecrackers","reliquary:Aerogel","Dream Catcher"],"acts_visited":["Exordium"],"potions_floor_usage":[11,16,16],"damage_taken":[{"damage":0,"enemies":"2 Louse","floor":1,"turns":1},{"damage":0,"enemies":"Cultist","floor":3,"turns":1},{"damage":0,"enemies":"Gremlin Nob","floor":6,"turns":1},{"damage":6,"enemies":"Jaw Worm","floor":8,"turns":4},{"damage":7,"enemies":"Blue Slaver","floor":10,"turns":4},{"damage":38,"enemies":"Lagavulin","floor":11,"turns":9},{"damage":28,"enemies":"Large Slime","floor":13,"turns":5},{"damage":39,"enemies":"Hexaghost","floor":16,"turns":11}],"seed_played":"-2641333843051720848","potions_obtained":[{"floor":6,"key":"SmokeBomb"},{"floor":10,"key":"Weak Potion"},{"floor":11,"key":"BlessingOfTheForge"},{"floor":13,"key":"LiquidBronze"}],"is_trial":false,"path_per_floor":["M","$","M","?","?","E","R","M","T","M","E","R","M","?","R","B"],"character_chosen":"IRONCLAD","items_purchased":["Flex"],"campfire_rested":1,"item_purchase_floors":[2],"current_hp_per_floor":[80,80,80,80,80,80,80,80,80,79,47,47,25,9,33,0,0],"gold":328,"neow_bonus":"THREE_ENEMY_KILL","is_daily":false,"chose_seed":false,"campfire_upgraded":2,"win_rate":0.0,"timestamp":1612848060,"path_taken":["M","$","M","?","?","E","R","M","T","M","E","R","M","?","R","BOSS"],"items_purchased_type":["Card"],"build_version":"2020-12-22","purchased_purges":1,"victory":false,"max_hp_per_floor":[80,80,80,80,80,80,80,80,80,80,80,80,80,80,80,80,80],"card_choices":[{"not_picked":["Feel No Pain","Clash"],"picked":"Iron Wave","floor":1},{"not_picked":["Reckless Charge","Headbutt"],"picked":"Flex","floor":3},{"not_picked":["Rampage","Dual Wield"],"picked":"Clothesline","floor":6},{"not_picked":["Searing Blow","Body Slam"],"picked":"Thunderclap","floor":8},{"not_picked":["Clash","Body Slam"],"picked":"Cleave","floor":10},{"not_picked":["Thunderclap","Anger"],"picked":"Berserk","floor":11},{"not_picked":["Flex","Clothesline"],"picked":"Pommel Strike","floor":13},{"not_picked":["Headbutt","Entrench"],"picked":"Barricade","floor":15}],"player_experience":107471,"relics_obtained":[{"floor":6,"key":"reliquary:Firecrackers"},{"floor":9,"key":"reliquary:Aerogel"},{"floor":11,"key":"Dream Catcher"}],"event_choices":[{"damage_healed":0,"gold_gain":175,"player_choice":"AGREE","damage_taken":0,"max_hp_gain":0,"max_hp_loss":0,"event_name":"Liars Game","floor":4,"gold_loss":0,"cards_obtained":["Doubt"]},{"damage_healed":0,"gold_gain":0,"player_choice":"Take Wound","damage_taken":0,"relics_obtained":["Golden Idol"],"max_hp_gain":0,"max_hp_loss":0,"event_name":"Golden Idol","floor":5,"gold_loss":0,"cards_obtained":["Injury"]},{"damage_healed":0,"gold_gain":0,"player_choice":"Entered Light","damage_taken":16,"max_hp_gain":0,"max_hp_loss":0,"event_name":"Shining Light","floor":14,"gold_loss":0,"cards_upgraded":["Defend_R","Iron Wave"]}],"is_beta":false,"boss_relics":[],"items_purged_floors":[2],"is_endless":false,"potions_floor_spawned":[6,10,11,13],"killed_by":"Hexaghost","ascension_level":0}}