{"host":"mcmflfjoldkjkv7m","time":1612862505,"event":{"mods":["AchievementEnabler","BaseMod","DeckTracker","Minty Spire (QoL Compilation)","SuperFastMode"],"gold_per_floor":[109,109,128,128,144,176,188,219,231,243,255,267,279,318,330,445,457,482,494,526,538,567,579,611,635,647,659,671,683,712,448,448,448,448,468,483,433,228,241,275,275,225,225,225,258,270,318,349,349,349],"floor_reached":51,"language":"KOR","playtime":1331,"items_purged":["Strike_R","Strike_R","Defend_R","Defend_R"],"score":986,"play_id":"c6030432-8f7d-407d-9bb1-6287c44435f6","local_time":"20210209182145","is_ascension_mode":true,"campfire_choices":[{"data":"Fire Breathing","floor":7.0,"key":"SMITH"},{"data":"Uppercut","floor":10.0,"key":"SMITH"},{"data":"Reckless Charge","floor":12.0,"key":"SMITH"},{"floor":15.0,"key":"REST"},{"data":"Flame Barrier","floor":23.0,"key":"SMITH"},{"data":"Armaments","floor":27.0,"key":"SMITH"},{"floor":29.0,"key":"REST"},{"data":"Bash","floor":32.0,"key":"SMITH"},{"data":"Burning Pact","floor":41,"key":"SMITH"},{"data":"Reaper","floor":44,"key":"SMITH"},{"floor":49,"key":"REST"}],"circlet_count":0,"master_deck":["Defend_R","Defend_R","Bash+1","Uppercut+1","Warcry","Fire Breathing+1","Reckless Charge+1","Offering+1","Immolate","Reaper+1","Flame Barrier+1","Armaments+1","Dark Embrace","Burning Pact+1","Pommel Strike+1","Burning Pact+1"],"relics":["Burning Blood","MawBank","Anchor","Smiling Mask","Mercury Hourglass","Snecko Eye","Champion Belt","Happy Flower","SacredBark","TheAbacus","Regal Pillow","MealTicket","Shuriken","Turnip","Kunai"],"acts_visited":["Exordium","TheCity","TheBeyond"],"potions_floor_usage":[],"damage_taken":[{"damage":14.0,"enemies":"Small Slimes","floor":1.0,"turns":4.0},{"damage":0.0,"enemies":"2 Louse","floor":3.0,"turns":2.0},{"damage":1.0,"enemies":"Cultist","floor":5.0,"turns":4.0},{"damage":35.0,"enemies":"3 Sentries","floor":6.0,"turns":5.0},{"damage":19.0,"enemies":"Looter","floor":8.0,"turns":3.0},{"damage":33.0,"enemies":"Lagavulin","floor":14.0,"turns":7.0},{"damage":35.0,"enemies":"The Guardian","floor":16.0,"turns":10.0},{"damage":12.0,"enemies":"Spheric Guardian","floor":18.0,"turns":3.0},{"damage":20.0,"enemies":"2 Thieves","floor":20.0,"turns":4.0},{"damage":24.0,"enemies":"3 Cultists","floor":22.0,"turns":4.0},{"damage":28.0,"enemies":"Sentry and Sphere","floor":24.0,"turns":4.0},{"damage":12.0,"enemies":"Chosen and Byrds","floor":25.0,"turns":4.0},{"damage":13.0,"enemies":"Shelled Parasite and Fungi","floor":30.0,"turns":5.0},{"damage":57.0,"enemies":"Collector","floor":33.0,"turns":8.0},{"damage":0,"enemies":"3 Shapes","floor":35,"turns":1},{"damage":10,"enemies":"3 Darklings","floor":36,"turns":2},{"damage":15,"enemies":"Jaw Worm Horde","floor":39,"turns":3},{"damage":36,"enemies":"Nemesis","floor":40,"turns":7},{"damage":8,"enemies":"Reptomancer","floor":45,"turns":3},{"damage":18,"enemies":"Spire Growth","floor":46,"turns":3},{"damage":6,"enemies":"2 Orb Walkers","floor":47,"turns":2},{"damage":27,"enemies":"Nemesis","floor":48,"turns":7},{"damage":42,"enemies":"Donu and Deca","floor":50,"turns":5}],"seed_played":"-2758766700239288937","potions_obtained":[{"floor":3.0,"key":"Regen Potion"},{"floor":8.0,"key":"BlessingOfTheForge"},{"floor":14.0,"key":"Regen Potion"},{"floor":16.0,"key":"DistilledChaos"},{"floor":18.0,"key":"Explosive Potion"},{"floor":24.0,"key":"PowerPotion"},{"floor":39,"key":"SpeedPotion"}],"is_trial":false,"path_per_floor":["M","?","M","?","M","E","R","M","T","R","?","R","T","E","R","B",null,"M","?","M","?","M","R","M","M","T","R","?","R","M","$","R","B",null,"M","M","$","$","M","E","R","$","T","R","E","M","?","E","R","B",null],"character_chosen":"IRONCLAD","items_purchased":["Dark Embrace","Happy Flower","TheAbacus"],"campfire_rested":3,"item_purchase_floors":[31,31,38],"current_hp_per_floor":[64,64,70,75,80,51,51,38,38,38,31,31,31,13,38,24,70,64,69,55,55,47,47,29,29,29,29,29,54,51,51,51,7,66,79,75,75,75,71,46,46,46,46,46,56,51,61,49,85,58],"gold":349,"neow_bonus":"THREE_CARDS","is_daily":false,"chose_seed":false,"campfire_upgraded":8,"win_rate":0.0,"timestamp":1612862505,"path_taken":["M","?","M","?","M","E","R","M","T","R","?","R","?","E","R","BOSS","M","?","?","?","?","R","M","M","T","R","?","R","M","$","R","BOSS","M","M","?","$","M","E","R","?","T","R","E","?","?","E","R","BOSS"],"items_purchased_type":["Card","Relic","Relic"],"build_version":"2020-12-22","purchased_purges":4,"victory":true,"max_hp_per_floor":[80,80,80,85,85,85,85,85,85,85,85,85,85,85,85,85,85,85,85,85,85,85,85,85,85,85,85,85,85,85,85,85,85,85,85,85,85,85,85,85,85,85,85,85,85,85,85,85,85,85],"card_choices":[{"not_picked":["Rupture","Rampage"],"picked":"Uppercut","floor":0.0},{"not_picked":["Anger","Clothesline"],"picked":"Warcry","floor":1.0},{"not_picked":["Havoc","Spot Weakness"],"picked":"Fire Breathing","floor":3.0},{"not_picked":["Pommel Strike","Entrench","Flame Barrier"],"picked":"SKIP","floor":5.0},{"not_picked":["Perfected Strike","Hemokinesis","Intimidate"],"picked":"SKIP","floor":6.0},{"not_picked":["Clothesline","Anger"],"picked":"Reckless Charge","floor":8.0},{"not_picked":["Rage","Warcry"],"picked":"Offering","floor":14.0},{"not_picked":["Exhume","Berserk"],"picked":"Immolate","floor":16.0},{"not_picked":["Sentinel+1","Clothesline","Shrug It Off"],"picked":"SKIP","floor":18.0},{"not_picked":["Anger","Heavy Blade"],"picked":"Reaper","floor":20.0},{"not_picked":["Thunderclap","Flex"],"picked":"Flame Barrier","floor":22.0},{"not_picked":["Power Through","Bloodletting"],"picked":"Armaments","floor":24.0},{"not_picked":["Havoc+1","Seeing Red","Heavy Blade+1"],"picked":"SKIP","floor":25.0},{"not_picked":["Heavy Blade+1","Power Through","Wild Strike"],"picked":"SKIP","floor":30.0},{"not_picked":["Perfected Strike","Armaments"],"picked":"Burning Pact","floor":35},{"not_picked":["Infernal Blade","Wild Strike","Flex"],"picked":"SKIP","floor":36},{"not_picked":["Fire Breathing","Twin Strike+1","Dual Wield+1"],"picked":"SKIP","floor":39},{"not_picked":["Twin Strike+1","Rampage+1","Flex+1"],"picked":"SKIP","floor":40},{"not_picked":["Pommel Strike+1","Thunderclap","Inflame+1"],"picked":"SKIP","floor":45},{"not_picked":["Thunderclap","Inflame+1"],"picked":"Pommel Strike+1","floor":45},{"not_picked":["Body Slam+1","Armaments+1","Clash"],"picked":"SKIP","floor":46},{"not_picked":["Reaper","True Grit"],"picked":"Burning Pact+1","floor":48}],"player_experience":368042,"relics_obtained":[{"floor":6.0,"key":"MawBank"},{"floor":9.0,"key":"Anchor"},{"floor":13.0,"key":"Smiling Mask"},{"floor":14.0,"key":"Mercury Hourglass"},{"floor":26.0,"key":"Champion Belt"},{"floor":40,"key":"Regal Pillow"},{"floor":43,"key":"MealTicket"},{"floor":45,"key":"Shuriken"},{"floor":47,"key":"Turnip"},{"floor":48,"key":"Kunai"}],"event_choices":[{"damage_healed":0.0,"max_hp_gain":0.0,"max_hp_loss":0.0,"gold_gain":0.0,"cards_transformed":["Strike_R"],"event_name":"Living Wall","player_choice":"Change","floor":2.0,"gold_loss":0.0,"damage_taken":0.0,"cards_obtained":["Perfected Strike"]},{"damage_healed":0.0,"max_hp_gain":5.0,"max_hp_loss":0.0,"gold_gain":0.0,"event_name":"Big Fish","player_choice":"Donut","floor":4.0,"gold_loss":0.0,"damage_taken":0.0},{"cards_removed":["Strike_R"],"damage_healed":0.0,"max_hp_gain":0.0,"max_hp_loss":0.0,"gold_gain":0.0,"event_name":"Golden Wing","player_choice":"Card Removal","floor":11.0,"gold_loss":0.0,"damage_taken":7.0},{"cards_removed":["Perfected Strike"],"damage_healed":5.0,"max_hp_gain":0.0,"max_hp_loss":0.0,"gold_gain":0.0,"event_name":"Bonfire Elementals","player_choice":"Offered Common","floor":19.0,"gold_loss":0.0,"damage_taken":0.0},{"cards_removed":["Perfected Strike"],"damage_healed":5.0,"max_hp_gain":0.0,"max_hp_loss":0.0,"gold_gain":0.0,"event_name":"Bonfire Elementals","player_choice":"Offered Special","floor":19.0,"gold_loss":0.0,"damage_taken":0.0},{"damage_healed":0.0,"max_hp_gain":0.0,"max_hp_loss":0.0,"gold_gain":0.0,"event_name":"Accursed Blacksmith","player_choice":"Forge","floor":21.0,"gold_loss":0.0,"damage_taken":0.0,"cards_upgraded":["Offering"]},{"cards_removed":["Strike_R"],"damage_healed":0.0,"max_hp_gain":0.0,"max_hp_loss":0.0,"gold_gain":0.0,"event_name":"Purifier","player_choice":"Purged","floor":28.0,"gold_loss":0.0,"damage_taken":0.0},{"damage_healed":0,"gold_gain":0,"player_choice":"Fight","damage_taken":0,"max_hp_gain":0,"max_hp_loss":0,"event_name":"Mysterious Sphere","floor":47,"gold_loss":0}],"is_beta":false,"boss_relics":[{"not_picked":["Calling Bell","Fusion Hammer"],"picked":"Snecko Eye"},{"not_picked":["Black Star","Runic Cube"],"picked":"SacredBark"}],"items_purged_floors":[31,37,38,42],"is_endless":false,"potions_floor_spawned":[3,8,14,16,18,24,25,30,39,45],"ascension_level":7}}