{"host":"8d3fefv2347kqkpz","time":1612914700,"event":{"mods":["AchievementEnabler","Act Like it!","BaseMod","Better Vampires","Colored Map","Colored Powertips","Downfall","GifTheSpireLib","Highlight Path","Minty Spire (QoL Compilation)","Quick Restart","Rare Cards Sparkle","Relic Stats","Replay The Spire","Spicy Shops","StSLib","Waifu the Spire"],"gold_per_floor":[99,99,115,128,144,144,144,144,54,86,97,97,82,114,124,226,226,126,126,139,239,256,2,27,45,74,142,142,159,159,174,194,290,290,290,309,319,319,319,319],"floor_reached":38,"language":"ZHS","playtime":2316,"items_purged":["Slimebound:Strike_Slimebound"],"score":535,"play_id":"4c6cce2d-0fc1-45de-8060-a07a033368d7","local_time":"20210210075140","is_ascension_mode":false,"campfire_choices":[{"data":"Slimebound:RallyTheTroops","floor":1.0,"key":"SMITH"},{"data":"Slimebound:Split","floor":6.0,"key":"SMITH"},{"data":"Slimebound:CorrosiveSpit","floor":8.0,"key":"SMITH"},{"data":"Slimebound:SpikyOuterGoop","floor":18.0,"key":"SMITH"},{"data":"Slimebound:LevelUp","floor":28.0,"key":"SMITH"},{"data":"Slimebound:LevelUp","floor":30.0,"key":"SMITH"},{"data":"Slimebound:LevelUp","floor":35.0,"key":"SMITH"}],"circlet_count":0,"master_deck":["Slimebound:Strike_Slimebound","Slimebound:Defend_Slimebound","Slimebound:Defend_Slimebound","Slimebound:Split+1","Slimebound:CorrosiveSpit+1","Slimebound:RallyTheTroops+1","Slimebound:LeadByExample+1","Slimebound:SpikyOuterGoop+1","Slimebound:OozeBath","Slimebound:GoopSpray+1","Slimebound:OozeBath+1","Slimebound:Teamwork+1","Slimebound:LeechEnergy+1","Slimebound:LevelUp+1","Slimebound:LevelUp+1","Slimebound:LevelUp+1","Slimebound:SplitMire+1","Slimebound:SpikyOuterGoop+1","Slimebound:MassRepurpose"],"relics":["Slimebound:AbsorbEndCombat","White Beast Statue","Eternal Feather","Blood Vial","Astrolabe","downfall:HeartBlessingGreen","downfall:CloakOfManyFaces","CultistMask","FaceOfCleric","NlothsMask","GremlinMask","SsserpentHead","Replay:Baseball","FossilizedHelix","Busted Crown"],"acts_visited":["Exordium","TheCity","TheBeyond"],"potions_floor_usage":[38],"damage_taken":[{"damage":6.0,"enemies":"2 Louse","floor":3.0,"turns":2.0},{"damage":2.0,"enemies":"Small Slimes","floor":4.0,"turns":3.0},{"damage":0.0,"enemies":"Cultist","floor":5.0,"turns":4.0},{"damage":5.0,"enemies":"downfall:FleeingMerchant","floor":9.0,"turns":4.0},{"damage":13.0,"enemies":"Lagavulin","floor":10.0,"turns":7.0},{"damage":5.0,"enemies":"Lots of Slimes","floor":11.0,"turns":2.0},{"damage":7.0,"enemies":"downfall:FleeingMerchant","floor":13.0,"turns":4.0},{"damage":0.0,"enemies":"Replay:BlueRogue","floor":14.0,"turns":5.0},{"damage":6.0,"enemies":"Exordium Thugs","floor":15.0,"turns":6.0},{"damage":40.0,"enemies":"WA_ARCHETYPE_RETAIN","floor":16.0,"turns":18.0},{"damage":0.0,"enemies":"Shell Parasite","floor":19.0,"turns":1.0},{"damage":2.0,"enemies":"Centurion and Healer","floor":20.0,"turns":7.0},{"damage":0.0,"enemies":"downfall:FaceTrader","floor":21.0,"turns":10.0},{"damage":0.0,"enemies":"Snecko","floor":22.0,"turns":6.0},{"damage":0.0,"enemies":"downfall:FleeingMerchant","floor":23.0,"turns":4.0},{"damage":0.0,"enemies":"Sentry and Sphere","floor":25.0,"turns":6.0},{"damage":0.0,"enemies":"Replay:Snechameleon","floor":26.0,"turns":6.0},{"damage":14.0,"enemies":"Snake Plant","floor":27.0,"turns":4.0},{"damage":6.0,"enemies":"Shelled Parasite and Fungi","floor":29.0,"turns":5.0},{"damage":10.0,"enemies":"Snecko","floor":31.0,"turns":7.0},{"damage":6.0,"enemies":"Centurion and Healer","floor":32.0,"turns":6.0},{"damage":0.0,"enemies":"IC_MUSHROOM_ARCHETYPE","floor":33.0,"turns":8.0},{"damage":41.0,"enemies":"3 Darklings","floor":36.0,"turns":6.0},{"damage":28.0,"enemies":"3 Shapes","floor":37.0,"turns":5.0},{"damage":22,"enemies":"Sphere and 2 Shapes","floor":38,"turns":2}],"seed_played":"2927714389328624619","potions_obtained":[{"floor":4.0,"key":"LiquidBronze"},{"floor":9.0,"key":"SmokeBomb"},{"floor":10.0,"key":"Explosive Potion"},{"floor":11.0,"key":"SpeedPotion"},{"floor":13.0,"key":"SteroidPotion"},{"floor":14.0,"key":"Energy Potion"},{"floor":15.0,"key":"Flashbang"},{"floor":16.0,"key":"SmokeBomb"},{"floor":20.0,"key":"Weak Potion"},{"floor":21.0,"key":"champ:CounterPotion"},{"floor":22.0,"key":"FearPotion"},{"floor":23.0,"key":"ColorlessPotion"},{"floor":26.0,"key":"Swift Potion"},{"floor":31.0,"key":"Fruit Juice"},{"floor":32.0,"key":"Fire Potion"},{"floor":37.0,"key":"BlessingOfTheForge"}],"is_trial":false,"path_per_floor":["R","?","M","M","M","R","T","R","$","E","M","?","$","E","M","B",null,"R_BF","M","M","?","M","$","T","M","E","M","R","M","R","M","M","B",null,"R","M","M","M"],"character_chosen":"SLIMEBOUND","items_purchased":["Slimebound:LevelUp","Replay:Baseball"],"campfire_rested":0,"item_purchase_floors":[23,23],"current_hp_per_floor":[65,65,61,61,65,65,65,65,65,54,49,49,50,58,60,28,65,65,65,65,65,66,67,67,68,69,62,70,69,71,67,72,79,79,79,43,20,0,0,0],"gold":319,"neow_bonus":"ONE_RANDOM_RARE_CARD","is_daily":false,"chose_seed":false,"campfire_upgraded":7,"win_rate":0.0,"timestamp":1612914700,"path_taken":["R","?","M","M","M","R","T","R","$","E","M","?","$","E","M","BOSS","R_BF","M","M","?","M","$","T","M","E","?","R","M","R","M","M","BOSS","R","M","M","M"],"items_purchased_type":["Card","Relic"],"build_version":"2020-12-22","purchased_purges":1,"victory":false,"max_hp_per_floor":[65,65,65,65,65,65,65,65,65,65,65,65,65,65,65,65,65,65,65,65,65,66,67,67,68,69,70,70,71,71,77,78,79,79,79,80,81,81,81,81],"relic_stats":{"Blood Vial":12,"SsserpentHead":50,"Busted Crown":4,"FaceOfCleric":11,"counters":[25,134],"Astrolabe":["Slimebound:GoopSpray","Slimebound:OozeBath","Slimebound:Teamwork"],"Eternal Feather":10,"obtain_stats":[{"Astrolabe":17,"Eternal Feather":10,"downfall:HeartBlessingGreen":18,"GremlinMask":21,"White Beast Statue":7,"Blood Vial":14,"SsserpentHead":21,"Replay:Baseball":23,"Busted Crown":34,"FaceOfCleric":21,"CultistMask":21,"Slimebound:AbsorbEndCombat":0,"downfall:CloakOfManyFaces":21,"FossilizedHelix":26,"NlothsMask":21},{"Astrolabe":10,"Eternal Feather":5,"downfall:HeartBlessingGreen":10,"GremlinMask":13,"White Beast Statue":3,"Blood Vial":8,"SsserpentHead":13,"Replay:Baseball":15,"Busted Crown":22,"FaceOfCleric":13,"CultistMask":13,"Slimebound:AbsorbEndCombat":0,"downfall:CloakOfManyFaces":13,"FossilizedHelix":17,"NlothsMask":13},{"Astrolabe":54,"Eternal Feather":20,"downfall:HeartBlessingGreen":54,"GremlinMask":72,"White Beast Statue":9,"Blood Vial":30,"SsserpentHead":72,"Replay:Baseball":82,"Busted Crown":122,"FaceOfCleric":72,"CultistMask":72,"Slimebound:AbsorbEndCombat":0,"downfall:CloakOfManyFaces":72,"FossilizedHelix":94,"NlothsMask":72}]},"card_choices":[{"not_picked":["Slimebound:SlimeSpikes","Slimebound:Schlurp","Slimebound:GoopTackle"],"picked":"SKIP","floor":3.0},{"not_picked":["Slimebound:HauntingLick","Slimebound:BestDefense","Slimebound:Prepare"],"picked":"SKIP","floor":4.0},{"not_picked":["Slimebound:GoopTackle","Slimebound:ItLooksTasty","Slimebound:SamplingLick"],"picked":"SKIP","floor":5.0},{"not_picked":["Slimebound:Schlurp","Slimebound:DouseInSlime","Slimebound:FlameTackle"],"picked":"SKIP","floor":9.0},{"not_picked":["Slimebound:SplitMire","Slimebound:DivideAndConquer","Slimebound:ItLooksTasty"],"picked":"SKIP","floor":10.0},{"not_picked":["Slimebound:SplitBruiser","Slimebound:Grow"],"picked":"Slimebound:LeadByExample","floor":11.0},{"not_picked":["Slimebound:LeadByExample","Slimebound:DivideAndConquer"],"picked":"Slimebound:SpikyOuterGoop","floor":13.0},{"not_picked":["Slimebound:PressTheAttack","Slimebound:Schlurp","Slimebound:Equalize"],"picked":"SKIP","floor":14.0},{"not_picked":["Slimebound:LeechEnergy","Slimebound:ComboTackle","Slimebound:PressTheAttack"],"picked":"SKIP","floor":15.0},{"not_picked":["Slimebound:SlimeSlap","Slimebound:PrepareCrush"],"picked":"Slimebound:OozeBath","floor":16.0},{"not_picked":["Slimebound:GoopTackle","Slimebound:LeadByExample"],"picked":"Slimebound:LeechEnergy+1","floor":20.0},{"not_picked":["Slimebound:PressTheAttack","Slimebound:LeechingTouch","Slimebound:FirmFortitude"],"picked":"SKIP","floor":22.0},{"not_picked":["Slimebound:FinishingTackle","Slimebound:HauntingLick","Slimebound:LeechingTouch"],"picked":"SKIP","floor":23.0},{"not_picked":["Slimebound:SplitAcid","Slimebound:DuplicatedForm"],"picked":"Slimebound:LevelUp","floor":25.0},{"not_picked":["Slimebound:BestDefense","Slimebound:Prepare"],"picked":"Slimebound:LevelUp","floor":26.0},{"not_picked":["Slimebound:SlimeTap","Slimebound:SlimeSpikes"],"picked":"Slimebound:SplitMire+1","floor":27.0},{"not_picked":["Slimebound:LivingWall","Slimebound:Equalize","Slimebound:SlimeTap"],"picked":"SKIP","floor":29.0},{"not_picked":["Slimebound:Prepare","Slimebound:HauntingLick"],"picked":"Slimebound:SpikyOuterGoop+1","floor":31.0},{"not_picked":["Slimebound:FormOfPuddle","Slimebound:Chomp","Slimebound:SplitMire"],"picked":"SKIP","floor":32.0},{"not_picked":["Slimebound:CheckThePlaybook","Slimebound:LeechLife"],"picked":"Slimebound:MassRepurpose","floor":33.0},{"not_picked":["Slimebound:GoopTackle+1"],"picked":"SKIP","floor":36.0},{"not_picked":["Slimebound:SplitBruiser+1"],"picked":"SKIP","floor":37.0}],"player_experience":329794,"relics_obtained":[{"floor":7.0,"key":"White Beast Statue"},{"floor":10.0,"key":"Eternal Feather"},{"floor":14.0,"key":"Blood Vial"},{"floor":21.0,"key":"downfall:CloakOfManyFaces"},{"floor":26.0,"key":"FossilizedHelix"}],"event_choices":[{"cards_removed":["Slimebound:Tackle"],"damage_healed":0.0,"max_hp_gain":0.0,"max_hp_loss":0.0,"gold_gain":0.0,"event_name":"The Cleric","player_choice":"Card Removal","floor":2.0,"gold_loss":0.0,"damage_taken":0.0},{"damage_healed":0.0,"max_hp_gain":0.0,"max_hp_loss":0.0,"gold_gain":0.0,"event_name":"Living Wall","player_choice":"Grow","floor":12.0,"gold_loss":0.0,"damage_taken":0.0,"cards_upgraded":["Slimebound:LeadByExample"]}],"is_beta":false,"boss_relics":[{"not_picked":["Black Star","bronze:MakeshiftBattery"],"picked":"Astrolabe"},{"not_picked":["Ring of Chaos","ChewingGum"],"picked":"Busted Crown"}],"items_purged_floors":[9],"is_endless":false,"potions_floor_spawned":[4,9,10,11,13,14,15,16,19,20,21,22,23,25,26,27,29,31,32,33,36,37],"killed_by":"Sphere and 2 Shapes","ascension_level":0}}