{"host":"soyfmymeou4emntr","time":1612901458,"event":{"mods":["BaseMod","Minty Spire (QoL Compilation)","Permanent Neow","Relic Sorter","Relic Stats","StSLib"],"gold_per_floor":[219,219,16,27,27,27,58,58,58,78,96,96,124,140,140,140,140],"floor_reached":16,"language":"ENG","playtime":1066,"items_purged":[],"score":220,"play_id":"de175c55-f0d5-4014-809d-905c592f9545","local_time":"20210209131058","is_ascension_mode":true,"campfire_choices":[{"data":"Sucker Punch","floor":6.0,"key":"SMITH"},{"data":"Masterful Stab","floor":8.0,"key":"SMITH"},{"data":"Die Die Die","floor":12.0,"key":"SMITH"},{"data":"Malaise","floor":15.0,"key":"SMITH"}],"circlet_count":0,"master_deck":["AscendersBane","Strike_G","Strike_G+1","Strike_G","Strike_G+1","Defend_G","Defend_G","Defend_G","Defend_G","Defend_G","Survivor","Neutralize+1","Backflip","Masterful Stab+1","Sucker Punch+1","Blade Dance","Cloak And Dagger","Die Die Die+1","Poisoned Stab","Malaise+1"],"relics":["Ring of the Snake","Membership Card","Whetstone","Ginger","MealTicket"],"acts_visited":["Exordium"],"potions_floor_usage":[],"damage_taken":[{"damage":0.0,"enemies":"Small Slimes","floor":1.0,"turns":3.0},{"damage":0.0,"enemies":"Cultist","floor":4.0,"turns":3.0},{"damage":26.0,"enemies":"3 Sentries","floor":7.0,"turns":15.0},{"damage":0.0,"enemies":"Jaw Worm","floor":10.0,"turns":2.0},{"damage":0.0,"enemies":"Blue Slaver","floor":11.0,"turns":2.0},{"damage":10.0,"enemies":"Gremlin Nob","floor":13.0,"turns":4.0},{"damage":0.0,"enemies":"Large Slime","floor":14.0,"turns":2.0},{"damage":24,"enemies":"Slime Boss","floor":16,"turns":8}],"seed_played":"3405035748317176524","potions_obtained":[{"floor":4.0,"key":"AttackPotion"},{"floor":11.0,"key":"Block Potion"}],"is_trial":false,"path_per_floor":["M","?","$","M","?","R","E","R","T","M","M","R","E","M","R","B"],"character_chosen":"THE_SILENT","items_purchased":["Membership Card","Masterful Stab"],"campfire_rested":0,"item_purchase_floors":[3,3],"current_hp_per_floor":[59,59,59,59,59,59,33,33,33,33,33,33,23,23,23,0,0],"gold":140,"neow_bonus":"HUNDRED_GOLD","is_daily":false,"chose_seed":false,"campfire_upgraded":4,"win_rate":0.0,"timestamp":1612901458,"path_taken":["M","?","$","M","?","R","E","R","T","M","M","R","E","M","R","BOSS"],"items_purchased_type":["Relic","Card"],"build_version":"2020-12-22","purchased_purges":0,"victory":false,"max_hp_per_floor":[66,66,66,66,66,66,66,66,66,66,66,66,66,66,66,66,66],"relic_stats":{"counters":[8,39],"MealTicket":0,"Whetstone":["Strike_G","Strike_G"],"Ginger":[2],"obtain_stats":[{"MealTicket":13,"Membership Card":3,"Whetstone":7,"Ginger":9,"Ring of the Snake":0},{"MealTicket":6,"Membership Card":1,"Whetstone":3,"Ginger":3,"Ring of the Snake":0},{"MealTicket":29,"Membership Card":3,"Whetstone":21,"Ginger":21,"Ring of the Snake":0}],"Ring of the Snake":[16]},"card_choices":[{"not_picked":["Dodge and Roll","Setup"],"picked":"Backflip","floor":1.0},{"not_picked":["Bane","Concentrate"],"picked":"Sucker Punch","floor":4.0},{"not_picked":["Acrobatics","Dagger Spray"],"picked":"Blade Dance","floor":7.0},{"not_picked":["Dagger Throw","Noxious Fumes"],"picked":"Cloak And Dagger","floor":10.0},{"not_picked":["Flying Knee","Dagger Throw"],"picked":"Die Die Die","floor":11.0},{"not_picked":["Outmaneuver","Concentrate"],"picked":"Poisoned Stab","floor":13.0},{"not_picked":["Dodge and Roll","Blade Dance"],"picked":"Malaise","floor":14.0}],"player_experience":3161121,"relics_obtained":[{"floor":7.0,"key":"Whetstone"},{"floor":9.0,"key":"Ginger"},{"floor":13.0,"key":"MealTicket"}],"event_choices":[{"damage_healed":0.0,"max_hp_gain":0.0,"max_hp_loss":0.0,"gold_gain":0.0,"event_name":"Living Wall","player_choice":"Grow","floor":2.0,"gold_loss":0.0,"damage_taken":0.0,"cards_upgraded":["Neutralize"]},{"cards_removed":["Strike_G"],"damage_healed":0.0,"max_hp_gain":0.0,"max_hp_loss":0.0,"gold_gain":0.0,"event_name":"Bonfire Elementals","player_choice":"Offered Basic","floor":5.0,"gold_loss":0.0,"damage_taken":0.0}],"is_beta":false,"boss_relics":[],"items_purged_floors":[],"is_endless":false,"potions_floor_spawned":[4,11],"killed_by":"Slime Boss","ascension_level":20}}