{"host":"ifd7sfhtlbe34qll","time":1612852601,"event":{"mods":["2.2 Compatiblity","Act Like it!","Ascension Unlocker","BaseMod","Block Reminder","Colored Map","Curses Come First","Downfall","Highlight Path","Minty Spire (QoL Compilation)","Potion Indicator Mod","Quick Restart","Random Character Button","Relic Stats","StSLib","SuperFastMode"],"gold_per_floor":[99,116,126,126,126,145,145,43,76,95,95,129,29,45,58,136,136,136,147,160,174,188,215,215,174,174,35,69,119,134,160,177,249,249,249,261,276,288,299,319,319,348,368,368,386,432,332,25,39,39],"floor_reached":51,"language":"ENG","playtime":6852,"items_purged":["Gremlin:Strike","Gremlin:Strike+1"],"score":1724,"play_id":"3b7fa1d0-72d1-45f6-857a-006f5abb0d00","local_time":"20210209003641","is_ascension_mode":true,"campfire_choices":[{"data":"Gremlin:CongaLine","floor":1.0,"key":"SMITH"},{"data":"Gremlin:Presto","floor":13.0,"key":"SMITH"},{"data":"Gremlin:TagTeam","floor":18.0,"key":"SMITH"},{"data":"Gremlin:ProperTools","floor":35,"key":"SMITH"},{"data":"Gremlin:MakeshiftArmor","floor":47,"key":"SMITH"}],"circlet_count":0,"master_deck":["AscendersBane","Gremlin:Defend","Gremlin:Defend","Gremlin:Defend","Gremlin:Defend","Gremlin:TagTeam+1","Gremlin:GremlinDance","Gremlin:Dazzle+1","Gremlin:CongaLine+1","Gremlin:Pretaliation+1","Gremlin:PourSalt","Gremlin:FlipOut","Gremlin:Presto+1","Gremlin:Pinprick","Gremlin:Tadah+1","Gremlin:Scatter+1","Gremlin:Tadah+1","Gremlin:Duplicate+1","Gremlin:Raid+1","Gremlin:BubbleBarrier+1","Gremlin:Changeo+1","Gremlin:Enthusiasm","Gremlin:Erupt+1","Gremlin:GlitterGuard+1","Gremlin:ProperTools+1","Gremlin:SharpenBlades+1","Gremlin:Raid+1","Gremlin:Unforgiving","Gremlin:GlitterGuard+1","Gremlin:MakeshiftArmor+1","Gremlin:ArmsTheft+1","Gremlin:Flurry+1","CurseOfTheBell","CurseOfTheBell","Gremlin:Revel+1","Gremlin:Revel+1","expansioncontent:InvincibleStrength","Gremlin:AggressiveDefense"],"relics":["Gremlin:GremlinKnob","Gremlin:StolenMerchandise","Gremlin:WizardHat","Toxic Egg 2","Pen Nib","downfall:HeartBlessingBlue","Snecko Eye","MealTicket","Meat on the Bone","Kunai","Potion Belt","Eternal Feather","champ:DuelingGlove","Philosopher\u0027s Stone","Gremlin:MagicalMallet","Dream Catcher","downfall:ExtraCursedBell","Orichalcum","Gremlin:WoundPoker","CaptainsWheel","Bag of Marbles","downfall:HeartBlessingGreen"],"acts_visited":["Exordium","TheCity","TheBeyond"],"potions_floor_usage":[30,38,43,46,50,50,50],"damage_taken":[{"damage":0.0,"enemies":"Small Slimes","floor":2.0,"turns":5.0},{"damage":1.0,"enemies":"Jaw Worm","floor":3.0,"turns":4.0},{"damage":0.0,"enemies":"Cultist","floor":6.0,"turns":2.0},{"damage":5.0,"enemies":"downfall:FleeingMerchant","floor":8.0,"turns":4.0},{"damage":13.0,"enemies":"Lagavulin","floor":9.0,"turns":6.0},{"damage":1.0,"enemies":"Red Slaver","floor":10.0,"turns":2.0},{"damage":3.0,"enemies":"3 Sentries","floor":12.0,"turns":6.0},{"damage":0.0,"enemies":"Exordium Thugs","floor":14.0,"turns":5.0},{"damage":0.0,"enemies":"Exordium Wildlife","floor":15.0,"turns":1.0},{"damage":11.0,"enemies":"SI_SHIV_ARCHETYPE","floor":16.0,"turns":8.0},{"damage":1.0,"enemies":"3 Byrds","floor":19.0,"turns":2.0},{"damage":0.0,"enemies":"Chosen","floor":20.0,"turns":4.0},{"damage":14.0,"enemies":"3 Cultists","floor":21.0,"turns":4.0},{"damage":0.0,"enemies":"Snecko","floor":22.0,"turns":1.0},{"damage":18.0,"enemies":"Slavers","floor":23.0,"turns":5.0},{"damage":1.0,"enemies":"downfall:FleeingMerchant","floor":25.0,"turns":4.0},{"damage":3,"enemies":"Book of Stabbing","floor":28,"turns":3},{"damage":0,"enemies":"Centurion and Healer","floor":29,"turns":5},{"damage":0,"enemies":"Cultist and Chosen","floor":30,"turns":4},{"damage":8,"enemies":"Slavers","floor":31,"turns":5},{"damage":0,"enemies":"Snecko","floor":32,"turns":3},{"damage":0,"enemies":"WA_ARCHETYPE_CALM","floor":33,"turns":3},{"damage":0,"enemies":"Orb Walker","floor":36,"turns":1},{"damage":0,"enemies":"3 Darklings","floor":37,"turns":2},{"damage":0,"enemies":"4 Shapes","floor":38,"turns":4},{"damage":0,"enemies":"Sphere and 2 Shapes","floor":39,"turns":2},{"damage":0,"enemies":"Jaw Worm Horde","floor":40,"turns":3},{"damage":0,"enemies":"Giant Head","floor":42,"turns":7},{"damage":0,"enemies":"3 Darklings","floor":43,"turns":4},{"damage":0,"enemies":"Maw","floor":45,"turns":5},{"damage":22,"enemies":"Reptomancer","floor":46,"turns":3},{"damage":0,"enemies":"Spire Growth","floor":49,"turns":4},{"damage":55,"enemies":"DF_ARCHETYPE_ORBS","floor":50,"turns":9}],"seed_played":"2805089168476858306","potions_obtained":[{"floor":3.0,"key":"LiquidMemories"},{"floor":6.0,"key":"Fire Potion"},{"floor":14.0,"key":"SkillPotion"},{"floor":16.0,"key":"Explosive Potion"},{"floor":22.0,"key":"Energy Potion"},{"floor":28,"key":"SpeedPotion"},{"floor":29,"key":"champ:CounterPotion"},{"floor":36,"key":"DuplicationPotion"},{"floor":42,"key":"sneckomod:MuddlingPotion"},{"floor":43,"key":"FairyPotion"},{"floor":45,"key":"Strength Potion"}],"is_trial":false,"path_per_floor":["R","M","M","?","?","M","T","$","E","M","?","E","R","M","M","B",null,"R","M","M","M","M","E","T","$","T","$","E","M","M","E","M","B",null,"R","M","M","M","M","M","T","E","M","?","M","E","R","$","M","B",null],"character_chosen":"GREMLIN","items_purchased":["Gremlin:FlipOut","Gremlin:StolenMerchandise","Kunai","Gremlin:Enthusiasm","Gremlin:Revel+1","bronze:BurnAndBuffPotion","ColorlessPotion","expansioncontent:InvincibleStrength"],"campfire_rested":0,"item_purchase_floors":[8,8,25,27,48,48,48,48],"current_hp_per_floor":[17,18,17,17,17,17,17,18,18,16,16,4,6,12,18,20,20,20,20,20,20,15,5,5,20,20,20,20,20,15,14,20,14,19,20,20,18,20,18,20,20,20,20,20,20,18,20,20,20,13],"gold":39,"neow_bonus":"TRANSFORM_TWO_CARDS","is_daily":false,"chose_seed":false,"campfire_upgraded":5,"win_rate":0.0,"timestamp":1612852601,"path_taken":["R","M","M","?","?","M","T","$","E","M","?","E","R","M","M","BOSS","R","M","?","M","M","E","T","?","?","?","E","M","?","E","M","BOSS","R","M","M","M","M","M","T","E","M","?","M","E","R","$","M","BOSS"],"items_purchased_type":["Card","Relic","Relic","Card","Card","Potion","Potion","Card"],"build_version":"2020-12-22","purchased_purges":2,"victory":true,"max_hp_per_floor":[18,18,18,18,18,18,18,18,18,18,18,18,20,20,20,20,20,20,20,20,20,20,20,20,20,20,20,20,20,20,20,20,20,20,20,20,20,20,20,20,20,20,20,20,20,20,20,20,20,20],"relic_stats":{"Dream Catcher":0,"counters":[33,130],"Snecko Eye":[129,150,117,123],"MealTicket":15,"Eternal Feather":3,"Pen Nib":[27],"Kunai":[41],"Orichalcum":[12],"obtain_stats":[{"Potion Belt":26,"champ:DuelingGlove":31,"Gremlin:WoundPoker":44,"Gremlin:StolenMerchandise":8,"Eternal Feather":28,"downfall:HeartBlessingGreen":47,"Pen Nib":12,"Orichalcum":44,"Gremlin:MagicalMallet":41,"Dream Catcher":42,"CaptainsWheel":44,"downfall:HeartBlessingBlue":13,"Gremlin:GremlinKnob":0,"Snecko Eye":17,"MealTicket":23,"Philosopher\u0027s Stone":34,"Gremlin:WizardHat":9,"Bag of Marbles":46,"Kunai":25,"Toxic Egg 2":11,"downfall:ExtraCursedBell":44,"Meat on the Bone":24},{"Potion Belt":16,"champ:DuelingGlove":20,"Gremlin:WoundPoker":29,"Gremlin:StolenMerchandise":4,"Eternal Feather":17,"downfall:HeartBlessingGreen":31,"Pen Nib":7,"Orichalcum":29,"Gremlin:MagicalMallet":27,"Dream Catcher":28,"CaptainsWheel":29,"downfall:HeartBlessingBlue":7,"Gremlin:GremlinKnob":0,"Snecko Eye":10,"MealTicket":15,"Philosopher\u0027s Stone":22,"Gremlin:WizardHat":5,"Bag of Marbles":31,"Kunai":16,"Toxic Egg 2":6,"downfall:ExtraCursedBell":29,"Meat on the Bone":15},{"Potion Belt":63,"champ:DuelingGlove":80,"Gremlin:WoundPoker":109,"Gremlin:StolenMerchandise":15,"Eternal Feather":66,"downfall:HeartBlessingGreen":117,"Pen Nib":29,"Orichalcum":109,"Gremlin:MagicalMallet":98,"Dream Catcher":105,"CaptainsWheel":109,"downfall:HeartBlessingBlue":29,"Gremlin:GremlinKnob":0,"Snecko Eye":43,"MealTicket":59,"Philosopher\u0027s Stone":86,"Gremlin:WizardHat":21,"Bag of Marbles":117,"Kunai":63,"Toxic Egg 2":23,"downfall:ExtraCursedBell":109,"Meat on the Bone":59}],"Meat on the Bone":22},"card_choices":[{"not_picked":["Gremlin:Jeer","Gremlin:GremlinMeal"],"picked":"Gremlin:Pretaliation","floor":2.0},{"not_picked":["Gremlin:Stupend","Gremlin:Irritability"],"picked":"Gremlin:PourSalt","floor":3.0},{"not_picked":["Gremlin:Changeo","Gremlin:BulkUp","Gremlin:RageBreak"],"picked":"SKIP","floor":6.0},{"not_picked":["Gremlin:GremlinMeal","Gremlin:Irritability","Gremlin:PourSalt"],"picked":"SKIP","floor":8.0},{"not_picked":["Gremlin:Changeo","Gremlin:DaggerDance"],"picked":"Gremlin:Presto","floor":9.0},{"not_picked":["Gremlin:Heckle","Gremlin:Irritability"],"picked":"Gremlin:Pinprick","floor":10.0},{"not_picked":["Gremlin:Patsy+1","Gremlin:BrokenShin+1"],"picked":"Gremlin:Tadah+1","floor":12.0},{"not_picked":["Gremlin:Tricksy+1","Gremlin:Pinprick"],"picked":"Gremlin:Scatter+1","floor":14.0},{"not_picked":["Gremlin:ToeStub","Gremlin:Presto"],"picked":"Gremlin:Tadah+1","floor":15.0},{"not_picked":["Gremlin:Fury","Gremlin:Erupt+1"],"picked":"Gremlin:Duplicate+1","floor":16.0},{"not_picked":["Gremlin:PourSalt","Gremlin:Pinprick","Gremlin:Stupend"],"picked":"SKIP","floor":19.0},{"not_picked":["Gremlin:DaggerDance","Gremlin:GremlinMeal+1","Gremlin:PourSalt"],"picked":"SKIP","floor":20.0},{"not_picked":["Gremlin:Dazzle","Gremlin:PourSalt","Gremlin:Whiz+1"],"picked":"SKIP","floor":21.0},{"not_picked":["Gremlin:FanOfKnives","Gremlin:Patsy+1"],"picked":"Gremlin:Raid+1","floor":22.0},{"not_picked":["Gremlin:FeelTheAudience","Gremlin:DaggerDance"],"picked":"Gremlin:BubbleBarrier+1","floor":23.0},{"not_picked":["Gremlin:IrksomeBlow","Gremlin:ToeStub"],"picked":"Gremlin:Changeo+1","floor":25.0},{"not_picked":["Gremlin:PourSalt","Gremlin:Exacerbate"],"picked":"Gremlin:Erupt+1","floor":28},{"not_picked":["Gremlin:BubbleBarrier+1","Gremlin:Irritability+1"],"picked":"Gremlin:GlitterGuard+1","floor":29},{"not_picked":["Gremlin:Whiz+1","Gremlin:Wizardry"],"picked":"Gremlin:ProperTools","floor":30},{"not_picked":["Gremlin:ProperTools","Gremlin:Stupend"],"picked":"Gremlin:SharpenBlades+1","floor":31},{"not_picked":["Gremlin:Polish","Gremlin:IrksomeBlow"],"picked":"Gremlin:Raid+1","floor":32},{"not_picked":["Gremlin:TargetWeakness","Gremlin:Erupt+1"],"picked":"Gremlin:Unforgiving","floor":33},{"not_picked":["Gremlin:BulkUp+1","Gremlin:Pinprick"],"picked":"Gremlin:GlitterGuard+1","floor":36},{"not_picked":["Gremlin:Astound+1","Gremlin:PourSalt"],"picked":"Gremlin:MakeshiftArmor","floor":37},{"not_picked":["Gremlin:Glimmer","Gremlin:PinNeedle+1","Gremlin:CatScratch"],"picked":"SKIP","floor":38},{"not_picked":["Gremlin:CatScratch","Gremlin:ShankStone+1","Gremlin:GremlinArms+1"],"picked":"SKIP","floor":39},{"not_picked":["Gremlin:Presto","Gremlin:Changeo+1"],"picked":"Gremlin:ArmsTheft+1","floor":40},{"not_picked":["Gremlin:InfiniteBlocks","Gremlin:Tricksy+1","Gremlin:CatScratch"],"picked":"SKIP","floor":42},{"not_picked":["Gremlin:InfiniteBlocks","Gremlin:GlitterGuard+1"],"picked":"Gremlin:Flurry+1","floor":43},{"not_picked":["Gremlin:Kablamo","Gremlin:BulkUp+1","Gremlin:GremlinOffensive"],"picked":"SKIP","floor":45},{"not_picked":["Gremlin:Scatter+1","Gremlin:Patsy+1"],"picked":"Gremlin:Revel+1","floor":46},{"not_picked":["Gremlin:FanOfKnives","Gremlin:Dazzle"],"picked":"Gremlin:AggressiveDefense","floor":49}],"player_experience":1740705,"relics_obtained":[{"floor":9.0,"key":"Gremlin:WizardHat"},{"floor":11.0,"key":"Toxic Egg 2"},{"floor":12.0,"key":"Pen Nib"},{"floor":23.0,"key":"MealTicket"},{"floor":24.0,"key":"Meat on the Bone"},{"floor":26.0,"key":"Potion Belt"},{"floor":28,"key":"Eternal Feather"},{"floor":31,"key":"champ:DuelingGlove"},{"floor":41,"key":"Gremlin:MagicalMallet"},{"floor":42,"key":"Dream Catcher"},{"floor":44,"key":"Orichalcum"},{"floor":44,"key":"Gremlin:WoundPoker"},{"floor":44,"key":"CaptainsWheel"},{"floor":46,"key":"Bag of Marbles"}],"event_choices":[{"cards_removed":["downfall:Malfunctioning"],"damage_healed":0.0,"max_hp_gain":0.0,"max_hp_loss":0.0,"gold_gain":0.0,"event_name":"The Cleric","player_choice":"Card Removal","floor":5.0,"gold_loss":0.0,"damage_taken":0.0},{"damage_healed":0.0,"max_hp_gain":0.0,"max_hp_loss":0.0,"gold_gain":0.0,"event_name":"Wheel of Change","player_choice":"Relic","floor":11.0,"gold_loss":0.0,"damage_taken":0.0}],"is_beta":false,"boss_relics":[{"not_picked":["Runic Pyramid","Calling Bell"],"picked":"Snecko Eye"},{"not_picked":["sneckomod:SneckoTalon","Astrolabe"],"picked":"Philosopher\u0027s Stone"}],"items_purged_floors":[25,27],"is_endless":false,"potions_floor_spawned":[3,6,14,16,21,22,28,29,36,37,42,43,45],"ascension_level":20}}