{"host":"nwd160me4iqdtr8u","time":1612871983,"event":{"mods":["AchievementEnabler","Act Like it!","BaseMod","Colored Map","DeckTracker","Keyboard Shortcuts","Minty Spire (QoL Compilation)","Quick Restart","Rare Cards Sparkle","Smile Girya","StSLib","SuperFastMode","everything is the same but u backflip on backflip"],"gold_per_floor":[109,123,137,62,77,77,97,127,127,127,140,160,178,196,196,196,196],"floor_reached":16,"language":"KOR","playtime":863,"items_purged":["Strike_R"],"score":135,"play_id":"d21d62ce-cf82-47a2-83d2-0c5d473d1cdc","local_time":"20210209205943","is_ascension_mode":true,"campfire_choices":[{"data":"Barricade","floor":6,"key":"SMITH"},{"floor":10,"key":"REST"},{"data":"Power Through","floor":15,"key":"SMITH"}],"circlet_count":0,"master_deck":["Strike_R","Strike_R","Strike_R","Strike_R","Defend_R","Defend_R","Defend_R","Defend_R","Bash","Battle Trance","Power Through+1","Shrug It Off","Barricade+1","Armaments","Bloodletting+1","Warcry+1","Inflame","Shockwave+1"],"relics":["Burning Blood","NeowsBlessing","Toxic Egg 2","Ornamental Fan"],"acts_visited":["Exordium"],"potions_floor_usage":[8,11,14,16],"damage_taken":[{"damage":0,"enemies":"Cultist","floor":1,"turns":1},{"damage":0,"enemies":"Small Slimes","floor":2,"turns":1},{"damage":0,"enemies":"2 Louse","floor":3,"turns":1},{"damage":12,"enemies":"Looter","floor":5,"turns":4},{"damage":5,"enemies":"Blue Slaver","floor":7,"turns":8},{"damage":47,"enemies":"3 Sentries","floor":8,"turns":21},{"damage":17,"enemies":"Gremlin Gang","floor":11,"turns":11},{"damage":0,"enemies":"Red Slaver","floor":12,"turns":8},{"damage":3,"enemies":"2 Fungi Beasts","floor":13,"turns":5},{"damage":3,"enemies":"Exordium Wildlife","floor":14,"turns":9},{"damage":77,"enemies":"Hexaghost","floor":16,"turns":16}],"seed_played":"7124137825347677163","potions_obtained":[{"floor":3,"key":"SteroidPotion"},{"floor":7,"key":"EssenceOfSteel"},{"floor":12,"key":"EssenceOfSteel"},{"floor":13,"key":"BloodPotion"}],"is_trial":false,"path_per_floor":["M","M","M","$","M","R","M","E","T","R","M","M","M","M","R","B"],"character_chosen":"IRONCLAD","items_purchased":[],"campfire_rested":1,"item_purchase_floors":[],"current_hp_per_floor":[80,80,80,80,74,74,75,34,34,58,47,53,56,59,59,0,0],"gold":196,"neow_bonus":"THREE_ENEMY_KILL","is_daily":false,"chose_seed":false,"campfire_upgraded":2,"win_rate":0.0,"timestamp":1612871983,"path_taken":["M","?","M","$","M","R","M","E","T","R","M","M","M","M","R","BOSS"],"items_purchased_type":[],"build_version":"2020-12-22","purchased_purges":1,"victory":false,"max_hp_per_floor":[80,80,80,80,80,80,80,80,80,80,80,80,80,80,80,80,80],"card_choices":[{"not_picked":["Flex","Dual Wield"],"picked":"Battle Trance","floor":1},{"not_picked":["Body Slam","Pommel Strike"],"picked":"Power Through","floor":2},{"not_picked":["Perfected Strike","Wild Strike"],"picked":"Shrug It Off","floor":3},{"not_picked":["Twin Strike","Ghostly Armor"],"picked":"Barricade","floor":5},{"not_picked":["Iron Wave","Rage"],"picked":"Armaments","floor":7},{"not_picked":["Dual Wield+1","Evolve"],"picked":"Bloodletting+1","floor":8},{"not_picked":["Havoc+1","Pommel Strike"],"picked":"Warcry+1","floor":11},{"not_picked":["Battle Trance+1","Heavy Blade","Dark Embrace"],"picked":"SKIP","floor":12},{"not_picked":["Battle Trance+1","Heavy Blade","Dark Embrace"],"picked":"SKIP","floor":12},{"not_picked":["Exhume+1","Cleave"],"picked":"Inflame","floor":13},{"not_picked":["Battle Trance+1","Searing Blow"],"picked":"Shockwave+1","floor":14}],"player_experience":410492,"relics_obtained":[{"floor":8,"key":"Toxic Egg 2"},{"floor":9,"key":"Ornamental Fan"}],"event_choices":[],"is_beta":false,"boss_relics":[],"items_purged_floors":[4],"is_endless":false,"potions_floor_spawned":[3,7,12,13],"killed_by":"Hexaghost","ascension_level":5}}