{"host":"0u8wq8q0l49hd262","time":1612889533,"event":{"mods":["2.2 Compatiblity","AchievementEnabler","Act Like it!","Aspiration","BaseMod","Better Match","Better Note","Better Sensory Stone","Better Third Choice","Block Reminder","Colored Map","Colored Powertips","GifTheSpireLib","Highlight Path","Minty Spire (QoL Compilation)","Pale of the Ancients","Permanent Neow","Quick Restart","Rare Cards Sparkle","Relic Sorter","Relic Stats","StSLib","Transform Curses","egg","everything is the same but u backflip on backflip"],"gold_per_floor":[110,124,299,314,142,142,142],"floor_reached":6,"language":"ENG","playtime":346,"items_purged":["Doubt"],"score":47,"play_id":"6c009f71-0b36-4f01-a16f-bb1a382c2da7","local_time":"20210209175213","is_ascension_mode":true,"campfire_choices":[],"circlet_count":0,"master_deck":["Strike_P","Strike_P","Strike_P","Strike_P","Defend_P","Defend_P","Defend_P","Eruption","Vigilance","WaveOfTheHand","EmptyBody","CutThroughFate"],"relics":["PureWater"],"acts_visited":["Exordium"],"potions_floor_usage":[5],"damage_taken":[{"damage":0,"enemies":"Small Slimes","floor":1,"turns":2},{"damage":0,"enemies":"2 Louse","floor":2,"turns":3},{"damage":0,"enemies":"Jaw Worm","floor":4,"turns":3},{"damage":30,"enemies":"3 Sentries","floor":6,"turns":4}],"seed_played":"-8431048875355466520","potions_obtained":[{"floor":1,"key":"Energy Potion"}],"is_trial":false,"path_per_floor":["M","M","?","M","$","E"],"character_chosen":"WATCHER","items_purchased":["Fruit Juice"],"campfire_rested":0,"item_purchase_floors":[5],"current_hp_per_floor":[65,65,65,65,70,40,40],"gold":142,"neow_bonus":"REMOVE_CARD","is_daily":false,"chose_seed":false,"campfire_upgraded":0,"win_rate":0.0,"timestamp":1612889533,"path_taken":["M","M","?","M","$","E"],"items_purchased_type":["Potion"],"build_version":"2020-12-22","purchased_purges":1,"victory":false,"max_hp_per_floor":[72,72,72,72,77,77,77],"relic_stats":{"counters":[4,12],"obtain_stats":[{"PureWater":0},{"PureWater":0},{"PureWater":0}]},"card_choices":[{"not_picked":["Crescendo","CrushJoints"],"picked":"WaveOfTheHand","floor":1},{"not_picked":["Protect","Halt"],"picked":"EmptyBody","floor":2},{"not_picked":["Sanctity","DevaForm"],"picked":"CutThroughFate","floor":4}],"player_experience":415946,"relics_obtained":[],"event_choices":[{"damage_healed":0,"gold_gain":175,"player_choice":"AGREE","damage_taken":124,"max_hp_gain":0,"max_hp_loss":0,"event_name":"betterThird:BetterSerpent","floor":3,"gold_loss":0}],"is_beta":false,"boss_relics":[],"items_purged_floors":[5],"is_endless":false,"potions_floor_spawned":[1],"killed_by":"3 Sentries","ascension_level":6}}