{"host":"8z0h4areh8sio1k0","time":1612834949,"event":{"mods":["10 clothes from DAL","Act Like it!","Arknights（明日方舟）","Aspiration","BaseMod","Colored Map","Conspire","Crowbot","Hubris","Library of Ruina Extra","Mimic Mod","Minty Spire (QoL Compilation)","NanayaShiki（七夜志贵）","Replay The Spire","StSLib","TestMod","The Blue Laboratory","The Fake Hero","The Hierophant","TheWitcherMod","[Fun]BeWhatYouAte","theHeart","【功能Mod】精心准备","【遗物Mod】死灵法师NEW","老伊莉雅"],"gold_per_floor":[115,129,147,147,147,147,147,147],"floor_reached":7,"language":"ZHS","playtime":357,"items_purged":[],"score":41,"play_id":"e021f9d3-237a-4914-9ad5-87d70650b217","local_time":"20210209094229","is_ascension_mode":false,"campfire_choices":[{"data":"PrismaMod:ChloeExcalibur","floor":6,"key":"SMITH"}],"circlet_count":0,"master_deck":["PrismaMod:ChloeCommonAttack","PrismaMod:ChloeCommonAttack+1","PrismaMod:ChloeCommonAttack","PrismaMod:ChloeCommonAttack","PrismaMod:ChloeCommonAttack","PrismaMod:ChloeCommonDefend","PrismaMod:ChloeCommonDefend","PrismaMod:ChloeCommonDefend","PrismaMod:ChloeCommonDefend","PrismaMod:ChloeCommonDefend","PrismaMod:ChloeCheapAttack","PrismaMod:ChloeCheapDefend","Arknights_Angel","Arknights_Eyjafjalla","Arknights_Bluep","PrismaMod:ChloeCheapAttack","Arknights_Liskarm","PrismaMod:ChloeUncommonAOEAttack","Arknights_Gitano","PrismaMod:ChloeExcalibur+1","PrismaMod:ChloeRuleBreaker+1"],"relics":["PrismaMod:PrismaTraceOn","testmod-TestBox","Arknights_BattleRecord","testmod-IntensifyImprint"],"acts_visited":["Exordium"],"potions_floor_usage":[7],"damage_taken":[{"damage":6,"enemies":"2 Louse","floor":1,"turns":5},{"damage":17,"enemies":"Jaw Worm","floor":2,"turns":4},{"damage":6,"enemies":"Small Slimes","floor":3,"turns":4},{"damage":13,"enemies":"Lagavulin","floor":7,"turns":6}],"seed_played":"-3548789399469304853","potions_obtained":[{"floor":2,"key":"blueLaboratory:LouseDecoction"}],"is_trial":false,"path_per_floor":["M","M","M","?","?","R","E"],"character_chosen":"CHLOE","items_purchased":[],"campfire_rested":0,"item_purchase_floors":[],"current_hp_per_floor":[69,52,46,46,39,39,26,26],"gold":147,"neow_bonus":"RANDOM_EVENT","is_daily":false,"chose_seed":false,"campfire_upgraded":1,"win_rate":0.0,"timestamp":1612834949,"path_taken":["M","M","M","?","?","R","E"],"items_purchased_type":[],"build_version":"2020-12-22","purchased_purges":0,"victory":false,"max_hp_per_floor":[75,75,75,75,75,75,75,75],"card_choices":[{"not_picked":["Arknights_Red","Arknights_Orchid"],"picked":"Arknights_Bluep","floor":1},{"not_picked":["PrismaMod:ChloeDiscardRecovery","PrismaMod:ChloeExhaustOne"],"picked":"PrismaMod:ChloeCheapAttack","floor":1},{"not_picked":["Arknights_SilverAsh","Arknights_Orchid"],"picked":"Arknights_Liskarm","floor":2},{"not_picked":["PrismaMod:ChloeCheapAttackTwo","PrismaMod:ChloeDiscardRecovery"],"picked":"PrismaMod:ChloeUncommonAOEAttack","floor":2},{"not_picked":["Arknights_Rangers","Arknights_Adnachiel"],"picked":"Arknights_Gitano","floor":3},{"not_picked":["PrismaMod:ChloeCheapAttack","PrismaMod:ChloeRhongomyniad"],"picked":"PrismaMod:ChloeExcalibur","floor":3}],"player_experience":548439,"relics_obtained":[],"event_choices":[{"damage_healed":0,"gold_gain":0,"player_choice":"Ignored","damage_taken":7,"max_hp_gain":0,"max_hp_loss":0,"event_name":"恩洛斯的盘子","floor":5,"gold_loss":0}],"is_beta":false,"boss_relics":[],"items_purged_floors":[],"is_endless":false,"potions_floor_spawned":[2],"killed_by":"Lagavulin","ascension_level":0}}