{"host":"5d650f9wg0zoukwt","time":1612856635,"event":{"mods":["BaseMod","Colored Powertips","Downfall","Minty Spire (QoL Compilation)","Reimu£®≤©¿ˆ¡È√Œ£©","Remilia£®¿Ÿ√◊¿Ú—«£©","Ryuuou¡˙Õı","Shop Mod","Spicy Shops","StSLib","The Servant 0.9.4","UnlockEverythingMod","Youmu£®ªÍ∆«—˝√Œ£©","°æ“≈ŒÔø®≈∆°øREMEMod"],"gold_per_floor":[116,44,61,136,311,342,342,353,378,398,72,83,139,139,139,139,139],"floor_reached":16,"language":"ZHS","playtime":739,"items_purged":["Doubt","Strike_S"],"score":125,"play_id":"f8a117d2-f4e2-473b-b931-fa2ec6f4497b","local_time":"20210209154355","is_ascension_mode":false,"campfire_choices":[{"data":"KidneyShot","floor":7,"key":"SMITH"},{"data":"Advance","floor":15,"key":"SMITH"}],"circlet_count":0,"master_deck":["Strike_S","Strike_S","Strike_S","Defend_S","Defend_S","Defend_S","KidneyShot+1","Exchange","Corpse Explosion","Luminosity","Rearm","Advance+1","RealityMarble","Sunlight"],"relics":["Uniform","REME_ComplimentaryCards","NeowsBlessing","Frozen Eye","Dream Catcher","PreservedInsect","OrangePellets","The Courier"],"acts_visited":["Exordium"],"potions_floor_usage":[13,13,16],"damage_taken":[{"damage":0,"enemies":"2 Louse","floor":1,"turns":1},{"damage":0,"enemies":"Jaw Worm","floor":3,"turns":1},{"damage":0,"enemies":"Gremlin Nob","floor":6,"turns":1},{"damage":5,"enemies":"Small Slimes","floor":8,"turns":4},{"damage":27,"enemies":"Exordium Thugs","floor":10,"turns":4},{"damage":6,"enemies":"2 Fungi Beasts","floor":12,"turns":2},{"damage":2,"enemies":"Gremlin Nob","floor":13,"turns":3},{"damage":15,"enemies":"The Guardian","floor":16,"turns":5}],"seed_played":"-8753737711165553095","potions_obtained":[{"floor":6,"key":"Fire Potion"},{"floor":10,"key":"LiquidBronze"},{"floor":12,"key":"Fire Potion"},{"floor":13,"key":"SkillPotion"}],"is_trial":false,"path_per_floor":["M","$","M","?","?","E","R","M","T","M","$","M","?","?","R","B"],"character_chosen":"THE_SERVANT","items_purchased":["Frozen Eye","OrangePellets"],"campfire_rested":0,"item_purchase_floors":[2,11],"current_hp_per_floor":[65,65,65,54,54,54,54,49,49,22,22,16,14,14,14,0,0],"gold":139,"neow_bonus":"THREE_ENEMY_KILL","is_daily":false,"chose_seed":false,"campfire_upgraded":2,"win_rate":0.0,"timestamp":1612856635,"path_taken":["M","$","M","?","?","E","R","M","T","M","$","?","?","?","R","BOSS"],"items_purchased_type":["Relic","Relic"],"build_version":"2020-12-22","purchased_purges":2,"victory":false,"max_hp_per_floor":[65,65,65,65,65,65,65,65,65,65,65,65,65,65,65,65,65],"card_choices":[{"not_picked":["Hightail","Revamp"],"picked":"Luminosity","floor":1},{"not_picked":["MoonPhase","TimeWarp","Revamp"],"picked":"SKIP","floor":3},{"not_picked":["ShatteredReality","Comet"],"picked":"Rearm","floor":6},{"not_picked":["Unruled","TimeWarp","SpecialFormula"],"picked":"SKIP","floor":8},{"not_picked":["GearUp","Contraction"],"picked":"Advance","floor":10},{"not_picked":["Starlight","FastForward"],"picked":"RealityMarble","floor":12},{"not_picked":["Moonlight","Rearm"],"picked":"Sunlight","floor":13}],"player_experience":21499,"relics_obtained":[{"floor":6,"key":"Dream Catcher"},{"floor":9,"key":"PreservedInsect"},{"floor":13,"key":"The Courier"}],"event_choices":[{"damage_healed":0,"gold_gain":75,"player_choice":"Gather Gold","damage_taken":11,"max_hp_gain":0,"max_hp_loss":0,"event_name":"World of Goop","floor":4,"gold_loss":0},{"damage_healed":0,"gold_gain":175,"player_choice":"AGREE","damage_taken":0,"max_hp_gain":0,"max_hp_loss":0,"event_name":"Liars Game","floor":5,"gold_loss":0,"cards_obtained":["Doubt"]},{"damage_healed":0,"gold_gain":30,"player_choice":"Searched \u00272\u0027 times","damage_taken":0,"max_hp_gain":0,"max_hp_loss":0,"event_name":"Dead Adventurer","floor":13,"gold_loss":0},{"cards_removed":["Defend_S"],"damage_healed":0,"gold_gain":0,"player_choice":"Forget","damage_taken":0,"max_hp_gain":0,"max_hp_loss":0,"event_name":"Living Wall","floor":14,"gold_loss":0}],"is_beta":false,"boss_relics":[],"items_purged_floors":[11,11],"is_endless":false,"potions_floor_spawned":[6,10,12,13],"killed_by":"The Guardian","ascension_level":0}}