{"host":"qekv59dthhdg54sz","time":1612866687,"event":{"mods":["AchievementEnabler","BaseMod","Colored Map","DeckTracker","KOR Keyword Fix","Minty Spire (QoL Compilation)","Rare Cards Sparkle","StSLib","SuperFastMode"],"gold_per_floor":[116,116,41,41,41,41,70,88,112,112,37,48,67,82,82,82,82],"floor_reached":16,"language":"KOR","playtime":195,"items_purged":["Strike_G"],"score":250,"play_id":"d4457462-2c53-4e6e-964d-4d3c90e60d46","local_time":"20210209193127","is_ascension_mode":true,"campfire_choices":[{"data":"Masterful Stab","floor":6,"key":"SMITH"},{"data":"Tactician","floor":10,"key":"SMITH"},{"data":"Acrobatics","floor":15,"key":"SMITH"}],"circlet_count":0,"master_deck":["AscendersBane","Strike_G","Strike_G","Strike_G+1","Defend_G","Defend_G","Defend_G","Defend_G","Survivor","Neutralize+1","Masterful Stab+1","Tactician+1","Terror","Acrobatics+1","Wraith Form v2","Riddle With Holes"],"relics":["Ring of the Snake","NeowsBlessing","Omamori","Toy Ornithopter"],"acts_visited":["Exordium"],"potions_floor_usage":[13,16,16],"damage_taken":[{"damage":0,"enemies":"2 Louse","floor":1,"turns":1},{"damage":0,"enemies":"Lagavulin","floor":7,"turns":1},{"damage":0,"enemies":"Jaw Worm","floor":8,"turns":1},{"damage":0,"enemies":"Cultist","floor":12,"turns":3},{"damage":13,"enemies":"Exordium Wildlife","floor":13,"turns":5},{"damage":3,"enemies":"Blue Slaver","floor":14,"turns":3},{"damage":9,"enemies":"Slime Boss","floor":16,"turns":9}],"seed_played":"902646418590038907","potions_obtained":[{"floor":12,"key":"Explosive Potion"},{"floor":13,"key":"Dexterity Potion"},{"floor":14,"key":"Explosive Potion"}],"is_trial":false,"path_per_floor":["M","?","?","?","$","R","E","M","T","R","$","M","M","M","R","B"],"character_chosen":"THE_SILENT","items_purchased":[],"campfire_rested":0,"item_purchase_floors":[],"current_hp_per_floor":[59,39,39,39,39,39,39,39,39,39,39,39,31,28,28,29,29],"gold":82,"neow_bonus":"THREE_ENEMY_KILL","is_daily":false,"chose_seed":false,"campfire_upgraded":3,"win_rate":0.0,"timestamp":1612866687,"path_taken":["M","?","?","?","?","R","E","M","T","R","$","M","?","M","R","BOSS"],"items_purchased_type":[],"build_version":"2020-12-22","purchased_purges":1,"victory":false,"max_hp_per_floor":[66,66,66,66,66,66,66,66,66,66,66,66,66,66,66,66,66],"card_choices":[{"not_picked":["Deflect","Slice"],"picked":"Masterful Stab","floor":1},{"not_picked":["Underhanded Strike","Slice"],"picked":"Tactician","floor":7},{"not_picked":["Flechettes","Blade Dance"],"picked":"Terror","floor":8},{"not_picked":["Slice","PiercingWail"],"picked":"Acrobatics","floor":12},{"not_picked":["Setup","Acrobatics"],"picked":"Wraith Form v2","floor":13},{"not_picked":["Flying Knee","Bouncing Flask"],"picked":"Riddle With Holes","floor":14}],"player_experience":882323,"relics_obtained":[{"floor":7,"key":"Omamori"},{"floor":9,"key":"Toy Ornithopter"}],"event_choices":[{"damage_healed":0,"gold_gain":0,"player_choice":"Entered Light","damage_taken":20,"max_hp_gain":0,"max_hp_loss":0,"event_name":"Shining Light","floor":2,"gold_loss":0,"cards_upgraded":["Strike_G","Neutralize"]},{"cards_removed":["Strike_G"],"damage_healed":0,"gold_gain":0,"player_choice":"Card Removal","damage_taken":0,"max_hp_gain":0,"max_hp_loss":0,"event_name":"The Cleric","floor":3,"gold_loss":75},{"cards_removed":["Defend_G"],"damage_healed":0,"gold_gain":0,"player_choice":"Forget","damage_taken":0,"max_hp_gain":0,"max_hp_loss":0,"event_name":"Living Wall","floor":4,"gold_loss":0}],"is_beta":false,"boss_relics":[],"items_purged_floors":[11],"is_endless":false,"potions_floor_spawned":[12,13,14],"killed_by":"Slime Boss","ascension_level":20}}