{"host":"bw00wb7p5bw58om7","time":1612909021,"event":{"mods":["100% Spire Juice","Act Like it!","BaseMod","Better Third Choice","CapriCore","Chen","Downfall","Gensokyo","Hermit","KinomotoSakuraMod(????)","Koishi","KomeijiMod","Mari Mod (Legacy)","Mari\u0027s V1 Patch","Marisa????????","Minty Spire (QoL Compilation)","Onozuka Komachi Mod","Permanent Neow","Prisma Mod","Railgun Mod","Reimu??????","Remilia_Scarlet Moed?????·?????3.3.5","Remilia??????","Replay The Spire","Spicy Shops","StSLib","The Administrix","The Alterego","The Death Knight","The Immortal","The Mystic","The Senshi","The Servant 0.9.4","TheSwordswoman","TheVelvet","WarShipGirlsR/????R mod","Yakumo Yukari mod","Youmu??????","Yuyuko"],"gold_per_floor":[110,10,20,20,37,37,69,88,115,115,115,133,144,156,156,259,559,559,559],"floor_reached":18,"language":"ENG","playtime":1030,"items_purged":[],"score":214,"play_id":"ca246602-865d-470f-94f4-2323064936b3","local_time":"20210209221701","is_ascension_mode":false,"campfire_choices":[{"data":"InherentArray:ReiMu","floor":6,"key":"SMITH"},{"data":"NB:ReiMu","floor":11,"key":"SMITH"},{"floor":15,"key":"DIG"}],"circlet_count":0,"master_deck":["Strike_Lin:ReiMu","Strike_Lin:ReiMu","Strike_Lin:ReiMu","Strike_Lin:ReiMu","Defend_Lin:ReiMu","Defend_Lin:ReiMu","Defend_Lin:ReiMu","Defend_Lin:ReiMu","NB:ReiMu+1","Stagnation:ReiMu","InherentArray:ReiMu+1","Amulet:ReiMu","Amnesia","Gathering:ReiMu","LovePray:ReiMu","DoubleButterfly:ReiMu+1","AlertArray:ReiMu","WonderfulDomain:ReiMu","Revelation:ReiMu","Authority:ReiMu","Writhe","CommonCold","Gensokyo:AllTheWorldsEvil"],"relics":["FlyPower:ReiMu","Centennial Puzzle","Mercury Hourglass","Ring of Searing","Ring of Fury","Gremlin Food","ReplayTheSpireMod:TigerMarble","ScarletDevilRocket","Replay:Ancient Bell","Vajra","The Courier","Old Coin"],"acts_visited":["Gensokyo:Gensokyo","Gensokyo:Gensokyoer"],"potions_floor_usage":[],"damage_taken":[{"damage":5,"enemies":"Gensokyo:3_Fairies","floor":1,"turns":6},{"damage":3,"enemies":"Gensokyo:Python","floor":3,"turns":6},{"damage":10,"enemies":"Gensokyo:Gryphon","floor":5,"turns":4},{"damage":21,"enemies":"Gensokyo:Cirno","floor":7,"turns":7},{"damage":1,"enemies":"Gensokyo:2_Rabbits","floor":8,"turns":4},{"damage":3,"enemies":"Gensokyo:3_Kodama","floor":12,"turns":3},{"damage":0,"enemies":"Gensokyo:VengefulSpirit","floor":13,"turns":4},{"damage":0,"enemies":"Gensokyo:LivingMonolith","floor":14,"turns":3},{"damage":0,"enemies":"Gensokyo:Reimu","floor":16,"turns":6},{"damage":5,"enemies":"Gensokyo:Chomper","floor":18,"turns":2}],"seed_played":"-5933218990318541870","potions_obtained":[{"floor":1,"key":"GrandPatriotsElixir:ReiMu"},{"floor":5,"key":"Elixir"},{"floor":13,"key":"AttackPotion"}],"is_trial":false,"path_per_floor":["M","?","M","?","M","R","E","M","T","?","R","M","M","M","R","B",null,"M"],"character_chosen":"REIMU","items_purchased":[],"campfire_rested":0,"item_purchase_floors":[],"current_hp_per_floor":[60,60,57,57,47,47,26,25,25,25,25,22,22,22,22,22,65,60,60],"gold":559,"neow_bonus":"RANDOM_COMMON_RELIC","is_daily":false,"chose_seed":false,"campfire_upgraded":2,"win_rate":0.0,"timestamp":1612909021,"path_taken":["M","?","M","?","M","R","E","M","T","?","R","M","?","M","R","BOSS","M"],"items_purchased_type":[],"build_version":"2020-12-22","purchased_purges":0,"victory":false,"max_hp_per_floor":[65,65,65,65,65,65,65,65,65,65,65,65,65,65,65,65,65,65,65],"card_choices":[{"not_picked":["NineCharacters:ReiMu","Amulet:ReiMu"],"picked":"InherentArray:ReiMu","floor":1},{"not_picked":["AirStrike:ReiMu","FantasyBorder:ReiMu"],"picked":"Amulet:ReiMu","floor":3},{"not_picked":["Amulet:ReiMu","Intuition:ReiMu"],"picked":"Gathering:ReiMu","floor":5},{"not_picked":["TightArray:ReiMu","AirStrike:ReiMu"],"picked":"LovePray:ReiMu","floor":7},{"not_picked":["Meditation:ReiMu","Dreaming:ReiMu"],"picked":"DoubleButterfly:ReiMu","floor":8},{"not_picked":["OrbThrow:ReiMu","UpKicking:ReiMu"],"picked":"AlertArray:ReiMu","floor":12},{"not_picked":["SubAcupoint:ReiMu","BarrageOfMoneybags:ReiMu"],"picked":"WonderfulDomain:ReiMu","floor":13},{"not_picked":["Amulet:ReiMu","PrepareRite:ReiMu"],"picked":"Revelation:ReiMu","floor":14},{"not_picked":["KyokaiOfKami:ReiMu","CeremonyResonance:ReiMu"],"picked":"Authority:ReiMu","floor":16},{"not_picked":["Decay","Parasite"],"picked":"Writhe","floor":17},{"not_picked":["downfall:Haunted","Amnesia"],"picked":"CommonCold","floor":17},{"not_picked":["Overencumbered","Wrath_TH"],"picked":"Gensokyo:AllTheWorldsEvil","floor":17}],"player_experience":338634,"relics_obtained":[{"floor":4,"key":"Ring of Searing"},{"floor":4,"key":"Ring of Fury"},{"floor":7,"key":"Gremlin Food"},{"floor":9,"key":"ReplayTheSpireMod:TigerMarble"},{"floor":15,"key":"ScarletDevilRocket"}],"event_choices":[],"is_beta":false,"boss_relics":[{"not_picked":["Cursed Key","RedLine:ReiMu"],"picked":"Replay:Ancient Bell"},{"not_picked":["Nunchaku","Replay:Rubber Ducky"],"picked":"Vajra"},{"not_picked":["BodyOfKamiR:ReiMu","Replay:Bottled Steam"],"picked":"The Courier"},{"not_picked":["Counterbalance","ShirouKen"],"picked":"Old Coin"}],"items_purged_floors":[],"is_endless":false,"potions_floor_spawned":[1,5,13,16],"killed_by":"Gensokyo:Chomper","ascension_level":0}}