{"host":"o6nndy8fvkon49s1","time":1612834063,"event":{"mods":["BaseMod","CapriCore","Hermit","Marisa????????","Minty Spire (QoL Compilation)","Prisma Mod","StSLib","Td1madao Mod","The Administrix","The Fake Hero","The Forsaken","The Immortal","The Marked","The Necromancer","The Servant 0.9.4"],"gold_per_floor":[517,59,75,30,30,30,43,57,57,6,17,17,17,29,29,132,132,143,153,68,82,102,102,102,102,102],"floor_reached":25,"language":"ENG","playtime":653,"items_purged":["luka_mod:Surrender"],"score":195,"play_id":"9bd4680b-07f8-4b34-9bfa-db1fc7964e76","local_time":"20210208192743","is_ascension_mode":false,"campfire_choices":[{"floor":6,"key":"REST"},{"data":"luka_mod:StrikeLukaTwo","floor":12,"key":"SMITH"},{"floor":15,"key":"REST"},{"data":"luka_mod:Intense","floor":23,"key":"SMITH"}],"circlet_count":0,"master_deck":["luka_mod:StrikeLukaOne","luka_mod:StrikeLukaTwo+1","luka_mod:StrikeLukaThree","luka_mod:StrikeLukaFour","luka_mod:StrikeLukaFive","luka_mod:StrikeLukaSix","luka_mod:Salt","luka_mod:Guard","luka_mod:Edging","luka_mod:FlailWildly","luka_mod:Meditation","luka_mod:WaterSlash","luka_mod:SmallBody","luka_mod:RestrictedStrike","luka_mod:AlicesGuard","luka_mod:Sara","luka_mod:Salamander","luka_mod:AlicesFist","luka_mod:Erubetie","CurseOfTheBell","luka_mod:Intense+1"],"relics":["luka_mod:KeepsakeRing","Lee\u0027s Waffle","Dream Catcher","Shuriken","Calling Bell","Blood Vial","Meat on the Bone","Incense Burner","Frozen Egg 2"],"acts_visited":["Exordium","TheCity"],"potions_floor_usage":[16,18,25],"damage_taken":[{"damage":0,"enemies":"Small Slimes","floor":1,"turns":2},{"damage":8,"enemies":"Jaw Worm","floor":3,"turns":2},{"damage":0,"enemies":"2 Louse","floor":7,"turns":3},{"damage":13,"enemies":"Exordium Wildlife","floor":8,"turns":4},{"damage":0,"enemies":"2 Fungi Beasts","floor":11,"turns":3},{"damage":3,"enemies":"Red Slaver","floor":14,"turns":3},{"damage":22,"enemies":"Hexaghost","floor":16,"turns":5},{"damage":5,"enemies":"3 Byrds","floor":18,"turns":5},{"damage":10,"enemies":"Spheric Guardian","floor":19,"turns":3},{"damage":17,"enemies":"Centurion and Healer","floor":21,"turns":5},{"damage":44,"enemies":"Snake Plant","floor":22,"turns":6},{"damage":15,"enemies":"3 Cultists","floor":25,"turns":2}],"seed_played":"6597824277916969161","potions_obtained":[{"floor":1,"key":"Energy Potion"},{"floor":16,"key":"FearPotion"},{"floor":22,"key":"SkillPotion"}],"is_trial":false,"path_per_floor":["M","$","M","?","?","R","M","M","T","$","M","R","$","M","R","B",null,"M","M","?","M","M","R","?","M"],"character_chosen":"LUKA_CLASS","items_purchased":["luka_mod:SmallBody","Lee\u0027s Waffle","Dream Catcher","PowerPotion"],"campfire_rested":2,"item_purchase_floors":[2,2,2,10],"current_hp_per_floor":[40,47,39,39,32,46,46,47,47,47,47,47,47,44,47,39,47,47,37,37,45,13,13,13,0,0],"gold":102,"neow_bonus":"THREE_CARDS","is_daily":false,"chose_seed":false,"campfire_upgraded":2,"win_rate":0.0,"timestamp":1612834063,"path_taken":["M","$","M","?","?","R","M","M","T","?","M","R","$","M","R","BOSS","M","M","?","M","M","R","?","M"],"items_purchased_type":["Card","Relic","Relic","Potion"],"build_version":"2020-12-22","purchased_purges":1,"victory":false,"max_hp_per_floor":[40,47,47,47,47,47,47,47,47,47,47,47,47,47,47,47,47,47,47,47,47,47,47,47,47,47],"card_choices":[{"not_picked":["luka_mod:Cutscene","luka_mod:RestrictedStrike"],"picked":"luka_mod:WaterSlash","floor":0},{"not_picked":["luka_mod:EarthRumblingDecapitation","luka_mod:Request","luka_mod:WindSlash"],"picked":"SKIP","floor":1},{"not_picked":["luka_mod:FlashKill","luka_mod:StrikeLuka"],"picked":"luka_mod:RestrictedStrike","floor":3},{"not_picked":["luka_mod:Feel","luka_mod:TouchFluffyTail"],"picked":"luka_mod:AlicesGuard","floor":6},{"not_picked":["luka_mod:Intense","luka_mod:IliasesJudgement","luka_mod:BladeOfHowlingWind"],"picked":"SKIP","floor":7},{"not_picked":["luka_mod:HeroicStrike","luka_mod:SmallBody"],"picked":"luka_mod:Sara","floor":8},{"not_picked":["luka_mod:IliasesJudgement","luka_mod:Intense"],"picked":"luka_mod:Salamander","floor":11},{"not_picked":["luka_mod:PrayToIlias","luka_mod:HeroicStrike","luka_mod:WindSlash"],"picked":"SKIP","floor":14},{"not_picked":["luka_mod:Undine","luka_mod:Overexert"],"picked":"luka_mod:AlicesFist","floor":15},{"not_picked":["luka_mod:SpoilerDance","luka_mod:Daystar"],"picked":"luka_mod:Erubetie","floor":16},{"not_picked":["luka_mod:ThunderThrust+1","luka_mod:NotVerySharp","luka_mod:WindSlash"],"picked":"SKIP","floor":18},{"not_picked":["luka_mod:StrikeLuka+1","luka_mod:RestrictedStrike+1","luka_mod:PerfectTiming+1"],"picked":"SKIP","floor":19},{"not_picked":["luka_mod:DemonSkullBeheading","luka_mod:EarthSlash","luka_mod:WaterSlash+1"],"picked":"SKIP","floor":21},{"not_picked":["luka_mod:BladeOfHowlingWind+1","luka_mod:UnusedPoison"],"picked":"luka_mod:Intense","floor":22}],"player_experience":218228,"relics_obtained":[{"floor":9,"key":"Shuriken"},{"floor":17,"key":"Blood Vial"},{"floor":17,"key":"Meat on the Bone"},{"floor":17,"key":"Incense Burner"}],"event_choices":[{"damage_healed":0,"gold_gain":0,"player_choice":"Left Gold","damage_taken":0,"max_hp_gain":0,"max_hp_loss":0,"event_name":"World of Goop","floor":4,"gold_loss":45},{"cards_removed":["luka_mod:Wait"],"damage_healed":0,"gold_gain":0,"player_choice":"Card Removal","damage_taken":7,"max_hp_gain":0,"max_hp_loss":0,"event_name":"Golden Wing","floor":5,"gold_loss":0},{"damage_healed":0,"gold_gain":0,"player_choice":"Obtained Relic","damage_taken":0,"relics_obtained":["Frozen Egg 2"],"max_hp_gain":0,"max_hp_loss":0,"event_name":"Addict","floor":20,"gold_loss":85},{"damage_healed":0,"gold_gain":0,"player_choice":"Ignored","damage_taken":0,"max_hp_gain":0,"max_hp_loss":0,"event_name":"Beggar","floor":24,"gold_loss":0}],"is_beta":false,"boss_relics":[{"not_picked":["SacredBark","Busted Crown"],"picked":"Calling Bell"}],"items_purged_floors":[2],"is_endless":false,"potions_floor_spawned":[1,16,22],"killed_by":"3 Cultists","ascension_level":0}}