{"host":"5jdby9iqu3ct6557","time":1612830481,"event":{"mods":["BaseMod","DeckTracker","Highlight Path","Minty Spire (QoL Compilation)","Relic Stats","StSLib"],"gold_per_floor":[116,135,147,147,160,191,191,220,243,243,258,8,40,85,85,157,157,172,172,172],"floor_reached":19,"language":"ENG","playtime":2297,"items_purged":[],"score":378,"play_id":"7d7b4842-d911-491b-9609-b1f7d8185841","local_time":"20210208192801","is_ascension_mode":true,"campfire_choices":[{"floor":7,"key":"REST"},{"floor":10,"key":"REST"},{"floor":15,"key":"REST"}],"circlet_count":0,"master_deck":["AscendersBane","Strike_P","Strike_P","Strike_P","Strike_P+1","Defend_P","Defend_P","Defend_P","Defend_P+1","Eruption+1","Vigilance+1","CutThroughFate+1","CutThroughFate","Protect","Weave","Wish","JustLucky","LessonLearned","MentalFortress","Meditate","Conclude","Blasphemy","Meditate"],"relics":["PureWater","Incense Burner","FaceOfCleric","Orichalcum","MealTicket","Whetstone","Smiling Mask","Runic Dome"],"acts_visited":["Exordium","TheCity"],"potions_floor_usage":[5,8,16,18,19],"damage_taken":[{"damage":4.0,"enemies":"Small Slimes","floor":1.0,"turns":4.0},{"damage":0,"enemies":"Cultist","floor":2,"turns":2},{"damage":7,"enemies":"Jaw Worm","floor":3,"turns":3},{"damage":21,"enemies":"Lots of Slimes","floor":5,"turns":7},{"damage":15,"enemies":"3 Sentries","floor":6,"turns":11},{"damage":10,"enemies":"Gremlin Nob","floor":8,"turns":4},{"damage":0,"enemies":"Exordium Wildlife","floor":11,"turns":2},{"damage":30,"enemies":"3 Sentries","floor":13,"turns":13},{"damage":2,"enemies":"Blue Slaver","floor":14,"turns":9},{"damage":11,"enemies":"The Guardian","floor":16,"turns":11},{"damage":6,"enemies":"Shell Parasite","floor":18,"turns":8},{"damage":58,"enemies":"Masked Bandits","floor":19,"turns":3}],"seed_played":"3718919425699777719","potions_obtained":[{"floor":2,"key":"Ancient Potion"},{"floor":6,"key":"GamblersBrew"},{"floor":8,"key":"LiquidMemories"},{"floor":11,"key":"LiquidMemories"},{"floor":18,"key":"BlessingOfTheForge"}],"is_trial":false,"path_per_floor":["M","M","M","?","M","E","R","E","T","R","M","$","E","M","R","B",null,"M","?"],"character_chosen":"WATCHER","items_purchased":["LessonLearned","MentalFortress","Meditate"],"campfire_rested":3,"item_purchase_floors":[12,12,12],"current_hp_per_floor":[57,57,50,50,30,16,35,26,26,45,46,61,32,31,51,41,62,57,0,0],"gold":172,"neow_bonus":"ONE_RARE_RELIC","is_daily":false,"chose_seed":false,"campfire_upgraded":0,"win_rate":0.0,"timestamp":1612830481,"path_taken":["M","M","M","?","?","E","R","E","T","R","M","$","E","M","R","BOSS","M","?"],"items_purchased_type":["Card","Card","Card"],"build_version":"2020-12-22","purchased_purges":0,"victory":false,"max_hp_per_floor":[62,62,62,62,63,64,64,65,65,65,66,66,67,68,68,69,69,70,70,70],"relic_stats":{"FaceOfCleric":8,"counters":[12,77],"MealTicket":15,"Whetstone":["Strike_P","Eruption"],"Orichalcum":[54],"Smiling Mask":0,"obtain_stats":[{"Runic Dome":17,"FaceOfCleric":4,"MealTicket":8,"Incense Burner":0,"Whetstone":9,"PureWater":0,"Orichalcum":6,"Smiling Mask":13},{"Runic Dome":10,"FaceOfCleric":3,"MealTicket":6,"Incense Burner":0,"Whetstone":6,"PureWater":0,"Orichalcum":5,"Smiling Mask":8},{"Runic Dome":66,"FaceOfCleric":9,"MealTicket":31,"Incense Burner":0,"Whetstone":31,"PureWater":0,"Orichalcum":27,"Smiling Mask":46}]},"card_choices":[{"not_picked":["ThirdEye","FollowUp"],"picked":"CutThroughFate","floor":1},{"not_picked":["ThirdEye","Meditate"],"picked":"CutThroughFate","floor":2},{"not_picked":["EmptyBody","WindmillStrike"],"picked":"Protect","floor":3},{"not_picked":["JustLucky","CutThroughFate"],"picked":"Weave","floor":5},{"not_picked":["Swivel","BattleHymn"],"picked":"Wish","floor":8},{"not_picked":["CrushJoints","PathToVictory"],"picked":"JustLucky","floor":11},{"not_picked":["BowlingBash","FlyingSleeves"],"picked":"Conclude","floor":13},{"not_picked":["DeusExMachina","DevaForm"],"picked":"Blasphemy","floor":16},{"not_picked":["PathToVictory","Evaluate+1"],"picked":"Meditate","floor":18}],"player_experience":2598949,"relics_obtained":[{"floor":6,"key":"Orichalcum"},{"floor":8,"key":"MealTicket"},{"floor":9,"key":"Whetstone"},{"floor":13,"key":"Smiling Mask"}],"event_choices":[{"damage_healed":0,"gold_gain":0,"player_choice":"Trade","damage_taken":0,"relics_obtained":["FaceOfCleric"],"max_hp_gain":0,"max_hp_loss":0,"event_name":"FaceTrader","floor":4,"gold_loss":0},{"damage_healed":0,"gold_gain":0,"player_choice":"Fought Bandits","damage_taken":0,"max_hp_gain":0,"max_hp_loss":0,"event_name":"Masked Bandits","floor":19,"gold_loss":0}],"is_beta":false,"boss_relics":[{"not_picked":["Busted Crown","Ectoplasm"],"picked":"Runic Dome"}],"items_purged_floors":[],"is_endless":false,"potions_floor_spawned":[2,6,8,11,13,18],"killed_by":"Masked Bandits","ascension_level":20}}