{"host":"kokp9cirgkksa174","time":1612841299,"event":{"mods":["AchievementEnabler","BaseMod","Best Route Mod","Bestiary","Better Third Choice","Block Reminder","Colored Map","Colored Powertips","DeckTracker","Exacting","Jorbs\u0027s Wanderer Trilogy","Key Reminder","Minty Spire (QoL Compilation)","Permanent Neow","Random Character Button","Rare Cards Sparkle","Relic Stats","Slay the Relics Exporter","StSLib","Unceasing Turn Reminder"],"gold_per_floor":[115,129,144,161,171,246,279,244,244,270,6,37,57,82,82,177,177,189,206,216,196,215,242,258,273,297,297,297],"floor_reached":27,"language":"ENG","playtime":4712,"items_purged":[],"score":274,"play_id":"08bd7ea8-7194-4e5f-a2ba-a3e136c16b3a","local_time":"20210208222819","is_ascension_mode":true,"campfire_choices":[{"data":"DevaForm","floor":15,"key":"SMITH"}],"circlet_count":0,"master_deck":["Eruption","Vigilance","ReachHeaven","ReachHeaven","PathToVictory","Devotion","Conclude","EmptyBody","SpiritShield","WaveOfTheHand","JustLucky","CrushJoints","Judgement","WheelKick","Prostrate","InnerPeace","WindmillStrike","Prostrate","Study","CutThroughFate","DevaForm+1","Alpha","EmptyFist+1","BattleHymn","ThirdEye+1","FlyingSleeves+1","FollowUp","InnerPeace","Adaptation+1"],"relics":["Pandora\u0027s Box","Matryoshka","Damaru","Gremlin Horn","HornCleat","Pear","Orichalcum","keyreminder:keyreminder","VioletLotus","Pantograph","Ancient Tea Set"],"acts_visited":["Exordium","TheCity"],"potions_floor_usage":[14,16,16,23,23],"damage_taken":[{"damage":0.0,"enemies":"2 Louse","floor":1.0,"turns":1.0},{"damage":0.0,"enemies":"Jaw Worm","floor":2.0,"turns":3.0},{"damage":0,"enemies":"Cultist","floor":3,"turns":3},{"damage":0,"enemies":"2 Fungi Beasts","floor":4,"turns":2},{"damage":26,"enemies":"Exordium Thugs","floor":5,"turns":4},{"damage":15,"enemies":"3 Sentries","floor":7,"turns":5},{"damage":2,"enemies":"Lagavulin","floor":10,"turns":4},{"damage":0,"enemies":"3 Louse","floor":12,"turns":2},{"damage":1,"enemies":"Blue Slaver","floor":13,"turns":3},{"damage":18,"enemies":"Gremlin Nob","floor":14,"turns":4},{"damage":22,"enemies":"The Guardian","floor":16,"turns":8},{"damage":1,"enemies":"Shell Parasite","floor":18,"turns":3},{"damage":11,"enemies":"2 Thieves","floor":19,"turns":4},{"damage":29,"enemies":"Chosen and Byrds","floor":20,"turns":3},{"damage":8,"enemies":"Shelled Parasite and Fungi","floor":22,"turns":4},{"damage":27,"enemies":"Gremlin Leader","floor":23,"turns":5},{"damage":18,"enemies":"3 Cultists","floor":24,"turns":5},{"damage":0,"enemies":"Sentry and Sphere","floor":25,"turns":2},{"damage":15,"enemies":"Snake Plant","floor":27,"turns":1}],"seed_played":"-3731403132964081546","potions_obtained":[{"floor":3,"key":"BottledMiracle"},{"floor":5,"key":"BottledMiracle"},{"floor":10,"key":"Ancient Potion"},{"floor":14,"key":"FairyPotion"},{"floor":16,"key":"Weak Potion"},{"floor":21,"key":"BlessingOfTheForge"},{"floor":24,"key":"Strength Potion"}],"is_trial":false,"path_per_floor":["M","M","M","M","M","?","E","?","T","E","$","M","M","E","R","B",null,"M","M","M","?","M","E","M","M","T","M"],"character_chosen":"WATCHER","items_purchased":["Pear","Prostrate"],"campfire_rested":0,"item_purchase_floors":[11,11],"current_hp_per_floor":[72,72,72,72,46,35,20,38,38,36,46,46,45,27,27,5,82,81,70,41,41,33,6,12,12,12,0,0],"gold":297,"neow_bonus":"BOSS_RELIC","is_daily":false,"chose_seed":false,"campfire_upgraded":1,"win_rate":0.0,"timestamp":1612841299,"path_taken":["M","M","M","M","M","?","E","?","T","E","?","M","?","E","R","BOSS","M","M","M","?","M","E","M","M","T","M"],"items_purchased_type":["Relic","Card"],"build_version":"2020-12-22","purchased_purges":0,"victory":false,"max_hp_per_floor":[72,72,72,72,72,72,72,72,72,72,82,82,82,82,82,82,82,82,82,82,82,82,82,82,82,82,82,82],"relic_stats":{"Gremlin Horn":[11,11],"counters":[19,66],"Pantograph":0,"Pandora\u0027s Box":["ReachHeaven","ReachHeaven","PathToVictory","Devotion","Conclude","EmptyBody","SpiritShield","WaveOfTheHand"],"VioletLotus":[3],"Orichalcum":[36],"obtain_stats":[{"keyreminder:keyreminder":14,"Matryoshka":7,"HornCleat":10,"Pear":11,"Gremlin Horn":9,"Pantograph":23,"Damaru":9,"Pandora\u0027s Box":0,"VioletLotus":17,"PureWater":0,"Orichalcum":14,"Ancient Tea Set":26},{"keyreminder:keyreminder":10,"Matryoshka":6,"HornCleat":7,"Pear":7,"Gremlin Horn":6,"Pantograph":16,"Damaru":6,"Pandora\u0027s Box":0,"VioletLotus":11,"PureWater":0,"Orichalcum":10,"Ancient Tea Set":18},{"keyreminder:keyreminder":31,"Matryoshka":18,"HornCleat":22,"Pear":22,"Gremlin Horn":18,"Pantograph":58,"Damaru":18,"Pandora\u0027s Box":0,"VioletLotus":39,"PureWater":0,"Orichalcum":31,"Ancient Tea Set":65}]},"card_choices":[{"not_picked":["ClearTheMind","Halt"],"picked":"JustLucky","floor":1.0},{"not_picked":["InnerPeace","Prostrate"],"picked":"CrushJoints","floor":2.0},{"not_picked":["WindmillStrike","ClearTheMind"],"picked":"Judgement","floor":3},{"not_picked":["EmptyFist","BowlingBash"],"picked":"WheelKick","floor":4},{"not_picked":["Halt","PathToVictory"],"picked":"Prostrate","floor":5},{"not_picked":["EmptyBody","SashWhip"],"picked":"InnerPeace","floor":7},{"not_picked":["FlurryOfBlows","BowlingBash"],"picked":"WindmillStrike","floor":10},{"not_picked":["EmptyFist","PathToVictory"],"picked":"Study","floor":12},{"not_picked":["ClearTheMind","EmptyFist"],"picked":"CutThroughFate","floor":13},{"not_picked":["JustLucky","CutThroughFate"],"picked":"DevaForm","floor":14},{"not_picked":["DeusExMachina","SpiritShield"],"picked":"Alpha","floor":16},{"not_picked":["Tantrum","Adaptation"],"picked":"EmptyFist+1","floor":18},{"not_picked":["JustLucky","Evaluate+1"],"picked":"BattleHymn","floor":19},{"not_picked":["Worship+1","Vengeance"],"picked":"ThirdEye+1","floor":20},{"not_picked":["WreathOfFlame","ForeignInfluence"],"picked":"FlyingSleeves+1","floor":22},{"not_picked":["FlyingSleeves","Adaptation"],"picked":"FollowUp","floor":23},{"not_picked":["Tantrum","Prostrate"],"picked":"InnerPeace","floor":24},{"not_picked":["InnerPeace","EmptyFist"],"picked":"Adaptation+1","floor":25}],"player_experience":163466,"relics_obtained":[{"floor":7,"key":"Matryoshka"},{"floor":9,"key":"Damaru"},{"floor":9,"key":"Gremlin Horn"},{"floor":10,"key":"HornCleat"},{"floor":14,"key":"Orichalcum"},{"floor":23,"key":"Pantograph"},{"floor":26,"key":"Ancient Tea Set"}],"event_choices":[{"damage_healed":0,"gold_gain":75,"player_choice":"Gold","damage_taken":11,"max_hp_gain":0,"max_hp_loss":0,"event_name":"betterThird:BetterGoop","floor":6,"gold_loss":0},{"damage_healed":18,"gold_gain":0,"player_choice":"Healed","damage_taken":0,"max_hp_gain":0,"max_hp_loss":0,"event_name":"The Cleric","floor":8,"gold_loss":35},{"damage_healed":0,"gold_gain":0,"player_choice":"Bought 1 Potion","damage_taken":0,"max_hp_gain":0,"max_hp_loss":0,"event_name":"The Woman in Blue","floor":21,"gold_loss":0}],"is_beta":false,"boss_relics":[{"not_picked":["Coffee Dripper","Runic Dome"],"picked":"VioletLotus"}],"items_purged_floors":[],"is_endless":false,"potions_floor_spawned":[3,5,10,12,16,22,24],"killed_by":"Snake Plant","ascension_level":1}}