{"host":"ypzb5vvnu9f3ii1t","time":1612886606,"event":{"mods":["AchievementEnabler","BaseMod","Colored Map","DeckTracker","Keyboard Shortcuts","Minty Spire (QoL Compilation)","Permanent Neow","Quick Restart","SuperFastMode"],"gold_per_floor":[109,37,37,48,48,82,82,101,101,101,51,51,51,69,69,69,69],"floor_reached":16,"language":"KOR","playtime":310,"items_purged":["Defend_P"],"score":141,"play_id":"70439892-ad99-4261-a846-f9a2fd9e88d7","local_time":"20210210010326","is_ascension_mode":true,"campfire_choices":[{"data":"MentalFortress","floor":10.0,"key":"SMITH"},{"data":"Eruption","floor":12.0,"key":"SMITH"},{"data":"MentalFortress","floor":15.0,"key":"SMITH"}],"circlet_count":0,"master_deck":["Strike_P","Strike_P","Strike_P","Strike_P","Defend_P","Defend_P","Defend_P","Eruption+1","Vigilance","MentalFortress+1","MentalFortress","MentalFortress+1"],"relics":["PureWater","NeowsBlessing","TeardropLocket","MealTicket","CloakClasp","Smiling Mask"],"acts_visited":["Exordium"],"potions_floor_usage":[16],"damage_taken":[{"damage":0.0,"enemies":"Jaw Worm","floor":1.0,"turns":1.0},{"damage":0.0,"enemies":"Small Slimes","floor":4.0,"turns":2.0},{"damage":0.0,"enemies":"Gremlin Nob","floor":6.0,"turns":1.0},{"damage":0.0,"enemies":"2 Louse","floor":8.0,"turns":1.0},{"damage":0.0,"enemies":"Exordium Wildlife","floor":14.0,"turns":5.0},{"damage":73,"enemies":"Hexaghost","floor":16,"turns":9}],"seed_played":"-2476585452671870162","potions_obtained":[{"floor":1.0,"key":"ColorlessPotion"}],"is_trial":false,"path_per_floor":["M","$","?","M","$","E","T","M","T","R","$","R","?","M","R","B"],"character_chosen":"WATCHER","items_purchased":["MentalFortress"],"campfire_rested":0,"item_purchase_floors":[2],"current_hp_per_floor":[72,72,69,69,69,69,69,69,69,69,72,72,72,72,72,0,0],"gold":69,"neow_bonus":"THREE_ENEMY_KILL","is_daily":false,"chose_seed":false,"campfire_upgraded":3,"win_rate":0.0,"timestamp":1612886606,"path_taken":["M","$","?","M","$","E","?","M","T","R","?","R","?","?","R","BOSS"],"items_purchased_type":["Card"],"build_version":"2020-12-22","purchased_purges":1,"victory":false,"max_hp_per_floor":[72,72,72,72,72,72,72,72,72,72,72,72,72,72,72,72,72],"card_choices":[{"not_picked":["Consecrate","JustLucky"],"picked":"MentalFortress","floor":1.0},{"not_picked":["FlurryOfBlows","Weave","FlyingSleeves"],"picked":"SKIP","floor":4.0},{"not_picked":["Pray","FlurryOfBlows"],"picked":"MentalFortress","floor":6.0},{"not_picked":["Meditate","ForeignInfluence","Consecrate"],"picked":"SKIP","floor":8.0},{"not_picked":["Nirvana","Fasting2","ThirdEye"],"picked":"SKIP","floor":14.0}],"player_experience":199846,"relics_obtained":[{"floor":6.0,"key":"MealTicket"},{"floor":7.0,"key":"CloakClasp"},{"floor":9.0,"key":"Smiling Mask"}],"event_choices":[{"damage_healed":0.0,"max_hp_gain":0.0,"max_hp_loss":0.0,"gold_gain":0.0,"event_name":"Scrap Ooze","player_choice":"Success","floor":3.0,"gold_loss":0.0,"damage_taken":3.0,"relics_obtained":["TeardropLocket"]},{"damage_healed":0.0,"max_hp_gain":0.0,"max_hp_loss":0.0,"gold_gain":0.0,"event_name":"Shining Light","player_choice":"Ignored","floor":13.0,"gold_loss":0.0,"damage_taken":0.0}],"is_beta":false,"boss_relics":[],"items_purged_floors":[11],"is_endless":false,"potions_floor_spawned":[1],"killed_by":"Hexaghost","ascension_level":3}}