{"host":"5yoj846f700ld8qy","time":1612879468,"event":{"mods":["AchievementEnabler","BaseMod","Better Altar","Better Match","Better Note","Better Sensory Stone","Better Skull","Better Third Choice","Colored Map","Colored Powertips","Minty Spire (QoL Compilation)","StSLib","UnlockEverythingMod"],"gold_per_floor":[119,119,3,18,18,45,45,68,68,80,51,51,67,96,96,96,96],"floor_reached":16,"language":"ENG","playtime":440,"items_purged":["Strike_R"],"score":266,"play_id":"0df62877-4392-4dc7-bcfa-1657a7791db7","local_time":"20210209160428","is_ascension_mode":true,"campfire_choices":[{"data":"Bludgeon","floor":7,"key":"SMITH"},{"data":"Entrench","floor":12,"key":"SMITH"},{"data":"Warcry","floor":15,"key":"SMITH"}],"circlet_count":0,"master_deck":["AscendersBane","Strike_R","Strike_R","Strike_R","Strike_R","Defend_R","Defend_R","Defend_R","Defend_R","Bash","Perfected Strike","Battle Trance","Second Wind","Bludgeon+1","Entrench+1","Flame Barrier","Shrug It Off","Warcry+1","Infernal Blade"],"relics":["Burning Blood","NeowsBlessing","Happy Flower","Dream Catcher","Odd Mushroom","Meat on the Bone","Blood Vial"],"acts_visited":["Exordium"],"potions_floor_usage":[5,14,16],"damage_taken":[{"damage":0,"enemies":"2 Louse","floor":1,"turns":1},{"damage":0,"enemies":"Small Slimes","floor":4,"turns":1},{"damage":0,"enemies":"3 Sentries","floor":6,"turns":2},{"damage":18,"enemies":"The Mushroom Lair","floor":8,"turns":4},{"damage":0,"enemies":"Jaw Worm","floor":10,"turns":3},{"damage":6,"enemies":"3 Louse","floor":13,"turns":4},{"damage":15,"enemies":"Lagavulin","floor":14,"turns":5},{"damage":55,"enemies":"The Guardian","floor":16,"turns":11}],"seed_played":"7072109370772988800","potions_obtained":[{"floor":4,"key":"BloodPotion"},{"floor":13,"key":"Weak Potion"},{"floor":14,"key":"Weak Potion"}],"is_trial":false,"path_per_floor":["M","?","$","M","?","E","R","?","T","M","$","R","M","E","R","B"],"character_chosen":"IRONCLAD","items_purchased":["Battle Trance","Shrug It Off"],"campfire_rested":0,"item_purchase_floors":[3,11],"current_hp_per_floor":[74,74,74,75,64,70,70,58,58,64,64,64,64,55,55,2,2],"gold":96,"neow_bonus":"THREE_ENEMY_KILL","is_daily":false,"chose_seed":false,"campfire_upgraded":3,"win_rate":0.0,"timestamp":1612879468,"path_taken":["M","?","$","M","?","E","R","?","T","M","?","R","M","E","R","BOSS"],"items_purchased_type":["Card","Card"],"build_version":"2020-12-22","purchased_purges":1,"victory":false,"max_hp_per_floor":[75,75,75,75,75,75,75,75,75,75,75,75,75,75,75,75,75],"card_choices":[{"not_picked":["Sword Boomerang","Havoc"],"picked":"Perfected Strike","floor":1},{"not_picked":["Seeing Red","Iron Wave"],"picked":"Second Wind","floor":4},{"not_picked":["Exhume","Dropkick"],"picked":"Bludgeon","floor":6},{"not_picked":["Evolve","Warcry"],"picked":"Entrench","floor":8},{"not_picked":["Blood for Blood","Fire Breathing"],"picked":"Flame Barrier","floor":10},{"not_picked":["Heavy Blade","Havoc"],"picked":"Warcry","floor":13},{"not_picked":["Wild Strike","Anger"],"picked":"Infernal Blade","floor":14}],"player_experience":441495,"relics_obtained":[{"floor":6,"key":"Dream Catcher"},{"floor":8,"key":"Odd Mushroom"},{"floor":9,"key":"Meat on the Bone"},{"floor":14,"key":"Blood Vial"}],"event_choices":[{"damage_healed":0,"gold_gain":0,"player_choice":"Leave","damage_taken":0,"max_hp_gain":0,"max_hp_loss":0,"event_name":"The Cleric","floor":2,"gold_loss":0},{"damage_healed":0,"gold_gain":0,"player_choice":"Relic ","damage_taken":26,"max_hp_gain":0,"max_hp_loss":0,"event_name":"betterThird:BetterScrap","floor":5,"gold_loss":0,"cards_obtained":["Die Die Die"]},{"damage_healed":0,"gold_gain":0,"player_choice":"Fought Mushrooms","damage_taken":0,"max_hp_gain":0,"max_hp_loss":0,"event_name":"Mushrooms","floor":8,"gold_loss":0}],"is_beta":false,"boss_relics":[],"items_purged_floors":[3],"is_endless":false,"potions_floor_spawned":[4,13,14],"killed_by":"The Guardian","ascension_level":20}}