{"host":"824exx23qlyrdtjz","time":1612901148,"event":{"mods":["BaseMod","Colored Map","Downfall","Minty Spire (QoL Compilation)","StSLib"],"gold_per_floor":[99,119,139,155,174,74,98,98,98,98,116,130,155,12,32,129,129,129,144,144,156,156,180,180,180,180,180],"floor_reached":25,"language":"ENG","playtime":706,"items_purged":["downfall:Malfunctioning"],"score":203,"play_id":"919257b2-e044-4c4c-a7ce-a8dd01e01e51","local_time":"20210209150548","is_ascension_mode":false,"campfire_choices":[{"floor":1.0,"key":"RECALL"},{"data":"bronze:BuggyMess","floor":6.0,"key":"SMITH"},{"data":"bronze:DelayedSlice","floor":9.0,"key":"SMITH"},{"data":"bronze:AlphaBuild","floor":18,"key":"SMITH"}],"circlet_count":0,"master_deck":["bronze:Strike+1","bronze:Defend","bronze:Defend","bronze:Defend+1","bronze:Defend+1","bronze:Replicate","bronze:Goto","bronze:Repair","bronze:BuggyMess+1","bronze:DelayedSlice+1","bronze:GetLatest","bronze:WhirlingStrike","bronze:WhirlingStrike","bronze:BuggyMess","bronze:WhirlingStrike","bronze:BronzeArmor","bronze:AlphaBuild+1","bronze:DelayedSlice","bronze:Terminator+1"],"relics":["SlaversCollar","downfall:HeartBlessingRed","Tiny Chest","Vajra","Empty Cage","Pantograph"],"acts_visited":["Exordium","TheCity"],"potions_floor_usage":[16],"damage_taken":[{"damage":15.0,"enemies":"Cultist","floor":2.0,"turns":4.0},{"damage":8.0,"enemies":"Jaw Worm","floor":3.0,"turns":4.0},{"damage":10.0,"enemies":"2 Louse","floor":4.0,"turns":4.0},{"damage":12.0,"enemies":"Large Slime","floor":5.0,"turns":5.0},{"damage":0.0,"enemies":"Exordium Wildlife","floor":11.0,"turns":2.0},{"damage":0.0,"enemies":"Blue Slaver","floor":12.0,"turns":3.0},{"damage":16.0,"enemies":"Gremlin Nob","floor":13.0,"turns":3.0},{"damage":0.0,"enemies":"downfall:FleeingMerchant","floor":14.0,"turns":4.0},{"damage":14,"enemies":"Large Slime","floor":15,"turns":4},{"damage":36,"enemies":"DF_ARCHETYPE_STREAMLINE","floor":16,"turns":9},{"damage":7,"enemies":"Spheric Guardian","floor":19,"turns":4},{"damage":0,"enemies":"Chosen","floor":20,"turns":1},{"damage":16,"enemies":"Centurion and Healer","floor":21,"turns":4},{"damage":59,"enemies":"Snecko","floor":25,"turns":6}],"seed_played":"3672504776420919165","potions_obtained":[{"floor":2.0,"key":"Swift Potion"},{"floor":3.0,"key":"PowerPotion"},{"floor":4.0,"key":"ColorlessPotion"},{"floor":15,"key":"LiquidMemories"}],"is_trial":false,"path_per_floor":["R","M","M","M","M","R","T","?","R","?","M","M","E","$","M","B",null,"R","M","M","M","?","T","T","M"],"character_chosen":"THE_AUTOMATON","items_purchased":["bronze:WhirlingStrike"],"campfire_rested":0,"item_purchase_floors":[14],"current_hp_per_floor":[70,55,54,51,46,46,46,46,46,46,46,53,44,51,44,15,70,70,63,63,54,54,54,54,0,0,0],"gold":180,"neow_bonus":"BOSS_RELIC","is_daily":false,"chose_seed":false,"campfire_upgraded":3,"win_rate":0.0,"timestamp":1612901148,"path_taken":["R","M","M","?","M","R","T","?","R","?","M","M","E","$","M","BOSS","R","M","M","M","?","?","T","M"],"items_purchased_type":["Card"],"build_version":"2020-12-22","purchased_purges":1,"victory":false,"max_hp_per_floor":[70,70,70,70,70,70,70,70,70,70,70,70,70,70,70,70,70,70,70,70,70,70,70,70,70,70,70],"card_choices":[{"not_picked":["bronze:ClassDefault","bronze:BitShift"],"picked":"bronze:Repair","floor":2.0},{"not_picked":["bronze:Overheat","bronze:Fortify"],"picked":"bronze:BuggyMess","floor":3.0},{"not_picked":["bronze:WhirlingStrike","bronze:MaxOutput"],"picked":"bronze:DelayedSlice","floor":4.0},{"not_picked":["bronze:Repulsor","bronze:Deprecate"],"picked":"bronze:GetLatest","floor":5.0},{"not_picked":["bronze:DelayedGuard","bronze:Flail"],"picked":"bronze:WhirlingStrike","floor":11.0},{"not_picked":["bronze:Optimize","bronze:FineTuning"],"picked":"bronze:WhirlingStrike","floor":12.0},{"not_picked":["bronze:AlphaBuild","bronze:Deprecate"],"picked":"bronze:BuggyMess","floor":13.0},{"not_picked":["bronze:Separator","bronze:Return","bronze:Flail"],"picked":"SKIP","floor":14},{"not_picked":["bronze:BugBarrage","bronze:Overheat"],"picked":"bronze:BronzeArmor","floor":15},{"not_picked":["bronze:RecursiveStrike","bronze:HardenedForm"],"picked":"bronze:AlphaBuild","floor":16},{"not_picked":["bronze:CutThrough","bronze:Shield","bronze:WildBeam"],"picked":"SKIP","floor":19},{"not_picked":["bronze:BitShift","bronze:BugBarrage"],"picked":"bronze:DelayedSlice","floor":20},{"not_picked":["bronze:WildBeam","bronze:FineTuning+1"],"picked":"bronze:Terminator+1","floor":21}],"player_experience":204817,"relics_obtained":[{"floor":7.0,"key":"Tiny Chest"},{"floor":13.0,"key":"Vajra"},{"floor":24,"key":"Pantograph"}],"event_choices":[],"is_beta":false,"boss_relics":[{"not_picked":["Tiny House","Snecko Eye"],"picked":"Empty Cage"}],"items_purged_floors":[14],"is_endless":false,"potions_floor_spawned":[2,3,4,15],"killed_by":"Snecko","ascension_level":0}}