{"host":"kpyf5rnb72uwap8k","time":1612887973,"event":{"mods":["AchievementEnabler","BaseMod","Colored Map","Colored Powertips","DeckTracker","Minty Spire (QoL Compilation)","Permanent Neow","Quick Restart","StSLib","SuperFastMode"],"gold_per_floor":[115,290,300,320,195,195,211,225,225,225,254,267,282,282,282,379,379,389,389,389],"floor_reached":19,"language":"KOR","playtime":682,"items_purged":["Doubt"],"score":188,"play_id":"31a55e1f-70f1-4983-93c6-c2cb35d7ecab","local_time":"20210210012613","is_ascension_mode":true,"campfire_choices":[{"data":"Zap","floor":6.0,"key":"SMITH"},{"data":"Dualcast","floor":15.0,"key":"SMITH"}],"circlet_count":0,"master_deck":["Strike_B","Strike_B","Strike_B","Defend_B","Defend_B","Defend_B","Zap+1","Dualcast+1","Cold Snap","Coolheaded","Conserve Battery","Chill","Self Repair","Loop","Seek","White Noise"],"relics":["Cracked Core","PreservedInsect","DataDisk","SlaversCollar"],"acts_visited":["Exordium","TheCity"],"potions_floor_usage":[16,16],"damage_taken":[{"damage":0.0,"enemies":"2 Louse","floor":1.0,"turns":2.0},{"damage":8.0,"enemies":"Jaw Worm","floor":3.0,"turns":4.0},{"damage":1.0,"enemies":"Cultist","floor":4.0,"turns":3.0},{"damage":7.0,"enemies":"Looter","floor":7.0,"turns":3.0},{"damage":4.0,"enemies":"Blue Slaver","floor":8.0,"turns":3.0},{"damage":5.0,"enemies":"Gremlin Nob","floor":11.0,"turns":4.0},{"damage":0.0,"enemies":"2 Fungi Beasts","floor":12.0,"turns":5.0},{"damage":4.0,"enemies":"Looter","floor":13.0,"turns":3.0},{"damage":26,"enemies":"Slime Boss","floor":16,"turns":15},{"damage":4,"enemies":"Chosen","floor":18,"turns":7},{"damage":75,"enemies":"Masked Bandits","floor":19,"turns":7}],"seed_played":"-4940489337228280178","potions_obtained":[{"floor":3.0,"key":"ColorlessPotion"},{"floor":8.0,"key":"SneckoOil"},{"floor":11.0,"key":"Dexterity Potion"},{"floor":18,"key":"SmokeBomb"}],"is_trial":false,"path_per_floor":["M","?","M","M","$","R","M","M","T","?","E","M","M","?","R","B",null,"M","?"],"character_chosen":"DEFECT","items_purchased":["Coolheaded"],"campfire_rested":0,"item_purchase_floors":[5],"current_hp_per_floor":[75,75,67,66,66,66,59,55,55,60,55,62,65,58,58,39,75,75,0,0],"gold":389,"neow_bonus":"REMOVE_CARD","is_daily":false,"chose_seed":false,"campfire_upgraded":2,"win_rate":0.0,"timestamp":1612887973,"path_taken":["M","?","M","M","$","R","M","M","T","?","E","?","M","?","R","BOSS","M","?"],"items_purchased_type":["Card"],"build_version":"2020-12-22","purchased_purges":1,"victory":false,"max_hp_per_floor":[75,75,75,75,75,75,75,75,75,75,75,75,75,75,75,75,75,75,75,75],"card_choices":[{"not_picked":["Undo","Go for the Eyes"],"picked":"Beam Cell","floor":1.0},{"not_picked":["Steam","Sweeping Beam"],"picked":"Cold Snap","floor":3.0},{"not_picked":["Genetic Algorithm","Gash","Barrage"],"picked":"SKIP","floor":4.0},{"not_picked":["Stack","Compile Driver"],"picked":"Conserve Battery","floor":7.0},{"not_picked":["Recycle","White Noise"],"picked":"Chill","floor":8.0},{"not_picked":["Meteor Strike","Ball Lightning"],"picked":"Self Repair","floor":11.0},{"not_picked":["Lockon","Barrage"],"picked":"Loop","floor":12.0},{"not_picked":["Leap","Ball Lightning","Steam Power"],"picked":"SKIP","floor":13.0},{"not_picked":["Biased Cognition","Fission"],"picked":"Seek","floor":16},{"not_picked":["Beam Cell+1","Gash"],"picked":"White Noise","floor":18}],"player_experience":265029,"relics_obtained":[{"floor":9.0,"key":"PreservedInsect"},{"floor":11.0,"key":"DataDisk"}],"event_choices":[{"damage_healed":0.0,"max_hp_gain":0.0,"max_hp_loss":0.0,"gold_gain":175.0,"event_name":"Liars Game","player_choice":"AGREE","floor":2.0,"gold_loss":0.0,"damage_taken":0.0,"cards_obtained":["Doubt"]},{"cards_removed":["Beam Cell"],"damage_healed":5.0,"max_hp_gain":0.0,"max_hp_loss":0.0,"gold_gain":0.0,"event_name":"Bonfire Elementals","player_choice":"Offered Common","floor":10.0,"gold_loss":0.0,"damage_taken":0.0},{"cards_removed":["Beam Cell"],"damage_healed":5.0,"max_hp_gain":0.0,"max_hp_loss":0.0,"gold_gain":0.0,"event_name":"Bonfire Elementals","player_choice":"Offered Special","floor":10.0,"gold_loss":0.0,"damage_taken":0.0},{"cards_removed":["Defend_B"],"damage_healed":0.0,"max_hp_gain":0.0,"max_hp_loss":0.0,"gold_gain":0.0,"event_name":"Golden Wing","player_choice":"Card Removal","floor":14.0,"gold_loss":0.0,"damage_taken":7.0},{"damage_healed":0,"gold_gain":0,"player_choice":"Fought Bandits","damage_taken":0,"max_hp_gain":0,"max_hp_loss":0,"event_name":"Masked Bandits","floor":19,"gold_loss":0}],"is_beta":false,"boss_relics":[{"not_picked":["Fusion Hammer","Runic Pyramid"],"picked":"SlaversCollar"}],"items_purged_floors":[5],"is_endless":false,"potions_floor_spawned":[3,8,11,13,18],"killed_by":"Masked Bandits","ascension_level":2}}