{"host":"8u1cu4kisw6g21am","time":1612893647,"event":{"mods":["AchievementEnabler","BaseMod","Bestiary","BetterRewards","Minty Spire (QoL Compilation)","Quick Restart","Shop Mod","StSLib"],"gold_per_floor":[117,140,153,164,181,181,208,208,234,234,250,261,261,272,272,370,370,381,394,166,178,198,198,232,232,282,282,29,57,70,70,70,70,70],"floor_reached":33,"language":"ENG","playtime":10034,"items_purged":["Defend_R","Defend_R"],"score":389,"play_id":"9c50d60f-ac71-43b4-8f06-3a2eb8413df0","local_time":"20210209130047","is_ascension_mode":false,"campfire_choices":[{"data":"Perfected Strike","floor":6.0,"key":"SMITH"},{"data":"Perfected Strike","floor":8.0,"key":"SMITH"},{"data":"Strike_R","floor":10.0,"key":"SMITH"},{"data":"Wild Strike","floor":13.0,"key":"SMITH"},{"data":"Combust","floor":15.0,"key":"SMITH"},{"data":"Pommel Strike","floor":23.0,"key":"SMITH"},{"data":"Twin Strike","floor":25.0,"key":"SMITH"},{"data":"Combust","floor":27.0,"key":"SMITH"},{"data":"Barricade","floor":32,"key":"SMITH"}],"circlet_count":0,"master_deck":["Strike_R+1","Strike_R","Strike_R","Strike_R","Strike_R","Defend_R","Defend_R","Bash","Combust+1","Perfected Strike+1","Perfected Strike+1","Wild Strike+1","Dropkick","Berserk","CurseOfTheBell","Combust+1","Pommel Strike+1","Dropkick","Twin Strike+1","Bloodletting+1","Power Through+1","Barricade+1"],"relics":["Burning Blood","ClockworkSouvenir","Pen Nib","Calipers","Orichalcum","Toy Ornithopter","Letter Opener","Magic Flower","MerchantsRug","Centennial Puzzle","Boot","Bag of Marbles","Nunchaku"],"acts_visited":["Exordium","TheCity"],"potions_floor_usage":[29],"damage_taken":[{"damage":1.0,"enemies":"Cultist","floor":1.0,"turns":4.0},{"damage":5.0,"enemies":"Jaw Worm","floor":3.0,"turns":2.0},{"damage":4.0,"enemies":"2 Louse","floor":4.0,"turns":3.0},{"damage":0.0,"enemies":"Looter","floor":5.0,"turns":1.0},{"damage":19.0,"enemies":"Gremlin Nob","floor":7.0,"turns":4.0},{"damage":1.0,"enemies":"3 Louse","floor":11.0,"turns":3.0},{"damage":11.0,"enemies":"Lots of Slimes","floor":12.0,"turns":3.0},{"damage":6.0,"enemies":"Large Slime","floor":14.0,"turns":2.0},{"damage":31.0,"enemies":"The Guardian","floor":16.0,"turns":8.0},{"damage":29.0,"enemies":"2 Thieves","floor":18.0,"turns":3.0},{"damage":13.0,"enemies":"Shell Parasite","floor":19.0,"turns":3.0},{"damage":23.0,"enemies":"Centurion and Healer","floor":21.0,"turns":4.0},{"damage":4.0,"enemies":"Cultist and Chosen","floor":22.0,"turns":3.0},{"damage":22.0,"enemies":"Gremlin Leader","floor":24.0,"turns":5.0},{"damage":30,"enemies":"Slavers","floor":29,"turns":3},{"damage":7,"enemies":"Sentry and Sphere","floor":30,"turns":3},{"damage":39,"enemies":"Automaton","floor":33,"turns":5}],"seed_played":"3064694280293500071","potions_obtained":[{"floor":1.0,"key":"HeartOfIron"},{"floor":7.0,"key":"SneckoOil"},{"floor":12.0,"key":"Strength Potion"},{"floor":14.0,"key":"Fire Potion"},{"floor":19.0,"key":"Dexterity Potion"},{"floor":22.0,"key":"Dexterity Potion"},{"floor":24.0,"key":"PowerPotion"}],"is_trial":false,"path_per_floor":["M","T","M","M","M","R","E","R","T","R","M","M","R","M","R","B",null,"M","M","$","M","M","R","E","R","T","R","$","E","M","?","R","B"],"character_chosen":"IRONCLAD","items_purchased":["ClockworkSouvenir","Dropkick","MerchantsRug","Bag of Marbles"],"campfire_rested":0,"item_purchase_floors":[0,20,20,28],"current_hp_per_floor":[80,80,80,80,80,80,67,67,67,67,72,67,67,67,67,42,80,60,56,56,42,47,47,50,50,50,50,50,37,39,39,39,0,0],"gold":70,"neow_bonus":"","is_daily":false,"chose_seed":false,"campfire_upgraded":9,"win_rate":0.0,"timestamp":1612893647,"path_taken":["M","?","?","M","?","R","E","R","T","R","M","M","R","M","R","BOSS","M","M","$","M","?","R","E","R","T","R","$","E","M","?","R","BOSS"],"items_purchased_type":["Relic","Card","Relic","Relic"],"build_version":"2020-12-22","purchased_purges":2,"victory":false,"max_hp_per_floor":[80,80,80,80,80,80,80,80,80,80,80,80,80,80,80,80,80,80,80,80,80,80,80,80,80,80,80,80,80,80,80,80,80,80],"card_choices":[{"not_picked":["Iron Wave","Anger"],"picked":"Combust","floor":1.0},{"not_picked":["Pommel Strike","Combust"],"picked":"Perfected Strike","floor":3.0},{"not_picked":["Feed","Clash"],"picked":"Perfected Strike","floor":4.0},{"not_picked":["Warcry","Intimidate","Metallicize"],"picked":"SKIP","floor":5.0},{"not_picked":["Headbutt","Power Through","Anger"],"picked":"SKIP","floor":7.0},{"not_picked":["Power Through","Blood for Blood","Dropkick"],"picked":"SKIP","floor":11.0},{"not_picked":["Anger","Headbutt"],"picked":"Wild Strike","floor":12.0},{"not_picked":["Cleave","Clash"],"picked":"Dropkick","floor":14.0},{"not_picked":["Corruption","Bludgeon"],"picked":"Berserk","floor":16.0},{"not_picked":["Flex+1","Warcry"],"picked":"Combust","floor":18.0},{"not_picked":["Twin Strike","Corruption"],"picked":"Pommel Strike","floor":19.0},{"not_picked":["Iron Wave+1","Dual Wield"],"picked":"Twin Strike","floor":21.0},{"not_picked":["Headbutt","Cleave"],"picked":"Bloodletting+1","floor":22.0},{"not_picked":["Body Slam","Twin Strike"],"picked":"Power Through+1","floor":24.0},{"not_picked":["Cleave","Limit Break"],"picked":"Barricade","floor":29},{"not_picked":["Havoc","Clash","Flex"],"picked":"SKIP","floor":30}],"player_experience":40508,"relics_obtained":[{"floor":2.0,"key":"Pen Nib"},{"floor":7.0,"key":"Calipers"},{"floor":9.0,"key":"Orichalcum"},{"floor":17.0,"key":"Toy Ornithopter"},{"floor":17.0,"key":"Letter Opener"},{"floor":17.0,"key":"Magic Flower"},{"floor":24.0,"key":"Centennial Puzzle"},{"floor":26.0,"key":"Boot"},{"floor":29,"key":"Nunchaku"}],"event_choices":[{"damage_healed":0,"gold_gain":0,"player_choice":"0 cards matched","damage_taken":0,"max_hp_gain":0,"max_hp_loss":0,"event_name":"Match and Keep!","floor":31,"gold_loss":0,"cards_obtained":[]}],"is_beta":false,"boss_relics":[{"not_picked":["Mark of Pain","Runic Pyramid"],"picked":"Calling Bell"}],"items_purged_floors":[20,28],"is_endless":false,"potions_floor_spawned":[1,7,12,14,19,22,24],"killed_by":"Automaton","ascension_level":0}}