{"host":"d4km6p8r92tm3vpl","time":1612910163,"event":{"mods":["AchievementEnabler","BaseMod","Colored Map","Colored Powertips","DeckTracker","Minty Spire (QoL Compilation)","Relic Stats","StSLib"],"gold_per_floor":[113,113,125,136,209,209,242,242,242,276,276,289,308,333,333,406,406,426,351,351,369,389,389,424,424,494,508,508,525,435,462,462,462,462],"floor_reached":33,"language":"ENG","playtime":1196,"items_purged":[],"score":519,"play_id":"10443d29-f637-43db-9d82-1659c83a9145","local_time":"20210209173603","is_ascension_mode":true,"campfire_choices":[{"data":"Doppelganger","floor":6,"key":"SMITH"},{"data":"Noxious Fumes","floor":8,"key":"SMITH"},{"floor":11,"key":"REST"},{"data":"Bane","floor":15,"key":"SMITH"},{"floor":23,"key":"REST"},{"floor":25,"key":"REST"},{"floor":28,"key":"REST"},{"floor":32,"key":"REST"}],"circlet_count":0,"master_deck":["AscendersBane","Strike_G","Defend_G","Defend_G+1","Defend_G","Defend_G","Defend_G","Survivor","Neutralize","Noxious Fumes+1","Doppelganger+1","Deadly Poison","Flechettes","Slice","Bane+1","Sucker Punch","Poisoned Stab","After Image","Backflip","Prepared","Acrobatics+1","Cloak And Dagger","Blade Dance+1","Blur"],"relics":["Ring of the Snake","Blood Vial","Question Card","Mercury Hourglass","Bag of Preparation","Shuriken","Bag of Marbles","Runic Dome","InkBottle","Bottled Lightning"],"acts_visited":["Exordium","TheCity"],"potions_floor_usage":[12],"damage_taken":[{"damage":4,"enemies":"Cultist","floor":1,"turns":6},{"damage":1,"enemies":"Jaw Worm","floor":3,"turns":6},{"damage":1,"enemies":"2 Louse","floor":4,"turns":4},{"damage":13,"enemies":"Lagavulin","floor":7,"turns":7},{"damage":15,"enemies":"3 Sentries","floor":10,"turns":6},{"damage":0,"enemies":"Lots of Slimes","floor":12,"turns":3},{"damage":0,"enemies":"Exordium Wildlife","floor":13,"turns":2},{"damage":10,"enemies":"Lagavulin","floor":14,"turns":6},{"damage":8,"enemies":"Slime Boss","floor":16,"turns":7},{"damage":10,"enemies":"3 Byrds","floor":18,"turns":5},{"damage":0,"enemies":"Shell Parasite","floor":21,"turns":5},{"damage":29,"enemies":"Snake Plant","floor":22,"turns":6},{"damage":41,"enemies":"Gremlin Leader","floor":24,"turns":8},{"damage":12,"enemies":"Centurion and Healer","floor":27,"turns":5},{"damage":0,"enemies":"Chosen and Byrds","floor":29,"turns":4},{"damage":26,"enemies":"Slavers","floor":31,"turns":6},{"damage":68,"enemies":"Collector","floor":33,"turns":7}],"seed_played":"-9730512918898728","potions_obtained":[{"floor":4,"key":"GhostInAJar"},{"floor":12,"key":"Swift Potion"},{"floor":16,"key":"Ancient Potion"}],"is_trial":false,"path_per_floor":["M","?","M","M","T","R","E","R","T","E","R","M","M","E","R","B",null,"M","?","?","M","M","R","E","R","T","M","R","M","?","E","R","B"],"character_chosen":"THE_SILENT","items_purchased":[],"campfire_rested":5,"item_purchase_floors":[],"current_hp_per_floor":[57,57,58,59,59,59,48,48,48,35,54,56,58,50,50,44,61,53,53,53,55,28,47,8,27,27,17,36,38,38,14,33,0,0],"gold":462,"neow_bonus":"RANDOM_COMMON_RELIC","is_daily":false,"chose_seed":false,"campfire_upgraded":3,"win_rate":0.0,"timestamp":1612910163,"path_taken":["M","?","M","M","?","R","E","R","T","E","R","M","M","E","R","BOSS","M","?","?","?","M","R","E","R","T","M","R","M","?","E","R","BOSS"],"items_purchased_type":[],"build_version":"2020-12-22","purchased_purges":0,"victory":false,"max_hp_per_floor":[66,66,66,66,66,66,66,66,66,66,66,66,66,66,66,66,66,66,66,66,66,66,66,66,66,66,66,66,66,66,66,66,66,66],"relic_stats":{"Blood Vial":34,"counters":[17,91],"Shuriken":[30],"Bag of Preparation":[26],"Question Card":13,"obtain_stats":[{"Blood Vial":0,"Runic Dome":17,"Shuriken":10,"Bag of Preparation":9,"Bag of Marbles":14,"Bottled Lightning":31,"Question Card":5,"InkBottle":24,"Ring of the Snake":0,"Mercury Hourglass":7},{"Blood Vial":0,"Runic Dome":9,"Shuriken":5,"Bag of Preparation":4,"Bag of Marbles":8,"Bottled Lightning":16,"Question Card":3,"InkBottle":13,"Ring of the Snake":0,"Mercury Hourglass":4},{"Blood Vial":0,"Runic Dome":45,"Shuriken":29,"Bag of Preparation":23,"Bag of Marbles":38,"Bottled Lightning":84,"Question Card":16,"InkBottle":69,"Ring of the Snake":0,"Mercury Hourglass":23}],"InkBottle":[14],"Ring of the Snake":[34],"Mercury Hourglass":[340]},"card_choices":[{"not_picked":["Dagger Throw","Setup"],"picked":"Noxious Fumes","floor":1},{"not_picked":["Outmaneuver","Riddle With Holes"],"picked":"Deadly Poison","floor":3},{"not_picked":["Escape Plan","Eviscerate"],"picked":"Flechettes","floor":4},{"not_picked":["Riddle With Holes","Masterful Stab","Choke"],"picked":"Slice","floor":7},{"not_picked":["All Out Attack","Setup","Blur"],"picked":"Bane","floor":10},{"not_picked":["Distraction","Quick Slash","Finisher","Expertise"],"picked":"SKIP","floor":12},{"not_picked":["Prepared","Finisher","Reflex"],"picked":"Sucker Punch","floor":13},{"not_picked":["Sucker Punch","Slice","Riddle With Holes"],"picked":"Poisoned Stab","floor":14},{"not_picked":["Envenom","A Thousand Cuts","Burst"],"picked":"After Image","floor":16},{"not_picked":["Quick Slash","Setup+1","Caltrops"],"picked":"Backflip","floor":18},{"not_picked":["Bane","All Out Attack","Quick Slash"],"picked":"Prepared","floor":21},{"not_picked":["Expertise+1","Blur","Caltrops+1"],"picked":"Acrobatics+1","floor":22},{"not_picked":["Underhanded Strike","Distraction","Tools of the Trade"],"picked":"Cloak And Dagger","floor":24},{"not_picked":["Well Laid Plans","Infinite Blades","Deadly Poison","Quick Slash"],"picked":"SKIP","floor":27},{"not_picked":["Cloak And Dagger","Flechettes","Bane+1"],"picked":"Blade Dance+1","floor":29},{"not_picked":["Acrobatics","PiercingWail","Caltrops"],"picked":"Blur","floor":31}],"player_experience":848226,"relics_obtained":[{"floor":5,"key":"Question Card"},{"floor":7,"key":"Mercury Hourglass"},{"floor":9,"key":"Bag of Preparation"},{"floor":10,"key":"Shuriken"},{"floor":14,"key":"Bag of Marbles"},{"floor":24,"key":"InkBottle"},{"floor":31,"key":"Bottled Lightning"}],"event_choices":[{"damage_healed":0,"gold_gain":0,"cards_transformed":["Strike_G"],"player_choice":"Change","damage_taken":0,"max_hp_gain":0,"max_hp_loss":0,"event_name":"Living Wall","floor":2,"gold_loss":0,"cards_obtained":["Doppelganger"]},{"cards_removed":["Strike_G"],"damage_healed":0,"gold_gain":0,"player_choice":"Gave Gold","damage_taken":0,"max_hp_gain":0,"max_hp_loss":0,"event_name":"Beggar","floor":19,"gold_loss":75},{"cards_removed":["Strike_G"],"damage_healed":0,"gold_gain":0,"player_choice":"Offered Basic","damage_taken":0,"max_hp_gain":0,"max_hp_loss":0,"event_name":"Bonfire Elementals","floor":20,"gold_loss":0},{"cards_removed":["Strike_G"],"damage_healed":0,"gold_gain":0,"player_choice":"Upgrade and Remove","damage_taken":0,"max_hp_gain":0,"max_hp_loss":0,"event_name":"Designer","floor":30,"gold_loss":90,"cards_upgraded":["Defend_G"]}],"is_beta":false,"boss_relics":[{"not_picked":["Runic Pyramid","Snecko Eye"],"picked":"Runic Dome"}],"items_purged_floors":[],"is_endless":false,"potions_floor_spawned":[4,12,16,18,27],"killed_by":"Collector","ascension_level":14}}