{"host":"g2yp6paluzgljz05","time":1612853961,"event":{"mods":["BaseMod","Bestiary","Colored Powertips","DeckTracker","Highlight Path","Minty Spire (QoL Compilation)","Quick Restart"],"gold_per_floor":[111,61,136,61,61,75,75,108,108,125,125,150,50,68,68,68,68],"floor_reached":16,"language":"ENG","playtime":663,"items_purged":["Strike_R","Defend_R"],"score":206,"play_id":"32a955e9-4f75-405b-8baa-7330c07f3cf1","local_time":"20210209175921","is_ascension_mode":true,"campfire_choices":[{"data":"Evolve","floor":7,"key":"SMITH"},{"data":"Shockwave","floor":11,"key":"SMITH"},{"data":"Bash","floor":15,"key":"SMITH"}],"circlet_count":0,"master_deck":["AscendersBane","Strike_R","Strike_R","Strike_R","Defend_R","Defend_R","Defend_R","Bash+1","Evolve+1","Shockwave+1","Corruption"],"relics":["Burning Blood","NeowsBlessing","Ornamental Fan","Pantograph","Pear"],"acts_visited":["Exordium"],"potions_floor_usage":[],"damage_taken":[{"damage":0,"enemies":"Jaw Worm","floor":1,"turns":1},{"damage":0,"enemies":"2 Louse","floor":6,"turns":1},{"damage":0,"enemies":"Lagavulin","floor":8,"turns":2},{"damage":16,"enemies":"Cultist","floor":10,"turns":4},{"damage":45,"enemies":"3 Sentries","floor":12,"turns":9},{"damage":7,"enemies":"Large Slime","floor":14,"turns":6},{"damage":94,"enemies":"The Guardian","floor":16,"turns":9}],"seed_played":"-5401958839397318467","potions_obtained":[{"floor":10,"key":"FairyPotion"},{"floor":12,"key":"Dexterity Potion"}],"is_trial":false,"path_per_floor":["M","?","?","$","?","M","R","E","T","M","R","E","$","M","R","B"],"character_chosen":"IRONCLAD","items_purchased":[],"campfire_rested":0,"item_purchase_floors":[],"current_hp_per_floor":[78,78,67,67,67,73,73,79,79,69,69,40,40,39,39,0,0],"gold":68,"neow_bonus":"THREE_ENEMY_KILL","is_daily":false,"chose_seed":false,"campfire_upgraded":3,"win_rate":0.0,"timestamp":1612853961,"path_taken":["M","?","?","$","?","M","R","E","T","M","R","E","?","M","R","BOSS"],"items_purchased_type":[],"build_version":"2020-12-22","purchased_purges":2,"victory":false,"max_hp_per_floor":[80,80,80,80,80,80,80,80,80,80,80,90,90,90,90,90,90],"card_choices":[{"not_picked":["Perfected Strike","Cleave"],"picked":"Evolve","floor":1},{"not_picked":["Infernal Blade","Armaments","Warcry"],"picked":"SKIP","floor":6},{"not_picked":["Infernal Blade","Armaments","Warcry"],"picked":"SKIP","floor":6},{"not_picked":["Pummel","Armaments","Clash"],"picked":"SKIP","floor":8},{"not_picked":["Bloodletting","Sentinel"],"picked":"Shockwave","floor":10},{"not_picked":["Perfected Strike","Evolve","Sever Soul"],"picked":"SKIP","floor":12},{"not_picked":["Metallicize","Cleave"],"picked":"Corruption","floor":14}],"player_experience":342077,"relics_obtained":[{"floor":8,"key":"Ornamental Fan"},{"floor":9,"key":"Pantograph"},{"floor":12,"key":"Pear"}],"event_choices":[{"cards_removed":["Strike_R"],"damage_healed":0,"gold_gain":0,"player_choice":"Card Removal","damage_taken":0,"max_hp_gain":0,"max_hp_loss":0,"event_name":"The Cleric","floor":2,"gold_loss":50},{"damage_healed":0,"gold_gain":75,"player_choice":"Gather Gold","damage_taken":11,"max_hp_gain":0,"max_hp_loss":0,"event_name":"World of Goop","floor":3,"gold_loss":0},{"damage_healed":0,"gold_gain":0,"player_choice":"Ignored","damage_taken":0,"max_hp_gain":0,"max_hp_loss":0,"event_name":"Liars Game","floor":5,"gold_loss":0}],"is_beta":false,"boss_relics":[],"items_purged_floors":[4,13],"is_endless":false,"potions_floor_spawned":[10,12],"killed_by":"The Guardian","ascension_level":11}}