{"host":"fl6c84p0pqwjbhud","time":1612892112,"event":{"mods":["AchievementEnabler","BaseMod","Better Altar","Better Match","Better Note","Better Sensory Stone","Better Skull","Better Third Choice","Better Vampires","Better-Laid Plans","Colored Map","Defuse TimeMaze Blight","Displayed Cursed Tome","Energized Spire","Highlight Path","Minty Spire (QoL Compilation)","Permanent Neow","Quick Restart","Relic Sorter","StSLib","Synergy Search","Transform Curses"],"gold_per_floor":[109,123,48,48,63,63,63,63,63,63,392,8,25,45,45,147,147,167,442,442,23,23,54,54,81,136,136,154,182,217,217,217,315,315,355,355,104,51,51,69,199,199,199,234,234,261,273,297,297,297],"floor_reached":51,"language":"ENG","playtime":1401,"items_purged":["Recycle","Prepared","Regret","Masterful Stab"],"score":1165,"play_id":"2a3f8cf0-9810-4952-b535-c6413e0ca10d","local_time":"20210209183512","daily_mods":["SealedDeck","Vintage","Allstar","Red Cards","Green Cards","Blue Cards","Colorless Cards","Heirloom","Time Dilation","Flight","Elite Swarm","Lethality"],"is_ascension_mode":false,"campfire_choices":[{"floor":6,"key":"DIG"},{"floor":7,"key":"DIG"},{"floor":8,"key":"DIG"},{"floor":15,"key":"REST"},{"data":"Magnetism","floor":32,"key":"SMITH"},{"data":"Infinite Blades","floor":42,"key":"SMITH"},{"data":"Evolve","floor":45,"key":"SMITH"},{"data":"Go for the Eyes","floor":49,"key":"SMITH"}],"circlet_count":0,"master_deck":["Beam Cell+1","Clash","Rage","Infinite Blades+1","Flash of Steel+1","Bandage Up+1","Evolve+1","Adrenaline+1","Jack Of All Trades+1","J.A.X.+1","Venomology+1","Berserk","Magnetism+1","Go for the Eyes+1","Panache+1","Sadistic Nature+1","Magnetism+1"],"relics":["Unceasing Top","Shovel","Bag of Preparation","Toxic Egg 2","Prayer Wheel","Toy Ornithopter","Vajra","Eternal Feather","Matryoshka","Akabeko","Cauldron","Oddly Smooth Stone","Incense Burner","Philosopher\u0027s Stone","Whetstone","Frozen Eye","Omamori","PreservedInsect","Tiny Chest","Nunchaku","Bag of Marbles","FaceOfCleric","Peace Pipe","Pear","FossilizedHelix","Du-Vu Doll","energizedSpire:UnstableMolecules","Bottled Flame","Potion Belt","Frozen Egg 2","Meat on the Bone","Mercury Hourglass","Blue Candle","Bird Faced Urn","Mummified Hand","MealTicket","CeramicFish"],"acts_visited":["Exordium","TheCity","TheBeyond"],"potions_floor_usage":[23,29,30,33,35,40,40,44,46,46,47,50,50,50,50],"damage_taken":[{"damage":0,"enemies":"Small Slimes","floor":1,"turns":1},{"damage":0,"enemies":"Cultist","floor":2,"turns":1},{"damage":0,"enemies":"Jaw Worm","floor":5,"turns":1},{"damage":0,"enemies":"2 Fungi Beasts","floor":13,"turns":1},{"damage":0,"enemies":"Exordium Thugs","floor":14,"turns":1},{"damage":0,"enemies":"Slime Boss","floor":16,"turns":1},{"damage":0,"enemies":"Shell Parasite","floor":18,"turns":1},{"damage":3,"enemies":"Book of Stabbing","floor":23,"turns":1},{"damage":3,"enemies":"Gremlin Leader","floor":25,"turns":1},{"damage":3,"enemies":"Chosen","floor":28,"turns":1},{"damage":0,"enemies":"Book of Stabbing","floor":29,"turns":1},{"damage":0,"enemies":"Slavers","floor":30,"turns":1},{"damage":3,"enemies":"Champ","floor":33,"turns":1},{"damage":0,"enemies":"Orb Walker","floor":35,"turns":1},{"damage":0,"enemies":"3 Darklings","floor":40,"turns":1},{"damage":0,"enemies":"Nemesis","floor":44,"turns":1},{"damage":1,"enemies":"Giant Head","floor":46,"turns":1},{"damage":0,"enemies":"Maw","floor":47,"turns":1},{"damage":57,"enemies":"Time Eater","floor":50,"turns":3}],"seed_played":"-7635172153412967561","potions_obtained":[{"floor":1,"key":"Dexterity Potion"},{"floor":12,"key":"Swift Potion"},{"floor":12,"key":"PotionOfCapacity"},{"floor":13,"key":"Weak Potion"},{"floor":16,"key":"Swift Potion"},{"floor":18,"key":"Ancient Potion"},{"floor":23,"key":"Fruit Juice"},{"floor":41,"key":"FairyPotion"},{"floor":46,"key":"FearPotion"}],"is_trial":true,"path_per_floor":["M","M","$","?","M","R","R","R","T","?","?","$","M","M","R","B",null,"M","?","?","$","?","E","$","E","T","?","M","E","E","?","R","B",null,"M","T","$","$","?","M","?","R","T","E","R","E","M","T","R","B",null],"character_chosen":"DEFECT","items_purchased":["Bandage Up+1","Evolve","Cauldron","Frozen Eye","Omamori","ColorlessPotion","PowerPotion","Go for the Eyes"],"campfire_rested":1,"item_purchase_floors":[12,12,12,21,21,37,37,38],"current_hp_per_floor":[75,75,75,75,75,75,75,75,75,75,33,33,39,45,70,75,75,75,75,75,75,75,80,80,77,77,77,81,92,93,93,93,91,94,95,95,95,95,90,91,91,91,91,92,92,92,94,94,94,53],"gold":297,"neow_bonus":"","is_daily":false,"chose_seed":false,"campfire_upgraded":4,"win_rate":0.0,"timestamp":1612892112,"path_taken":["M","M","$","?","?","R","R","R","T","?","?","$","M","?","R","BOSS","M","?","?","$","?","E","$","E","T","?","?","E","E","?","R","BOSS","M","?","$","$","?","M","?","R","T","E","R","E","?","?","R","BOSS"],"items_purchased_type":["Card","Card","Relic","Relic","Relic","Potion","Potion","Card"],"build_version":"2020-12-22","purchased_purges":4,"victory":true,"max_hp_per_floor":[75,75,75,75,75,75,75,75,75,75,75,75,75,75,75,75,75,75,75,75,75,75,80,80,80,80,80,81,92,93,93,93,94,94,95,95,95,95,90,91,91,91,91,92,92,93,94,94,94,95],"card_choices":[{"not_picked":["Limit Break+1","Thunder Strike"],"picked":"Adrenaline+1","floor":16},{"not_picked":["Storm of Steel+1","Chrysalis+1"],"picked":"Venomology+1","floor":23},{"not_picked":["Multi-Cast+1","Juggernaut"],"picked":"Berserk","floor":25},{"not_picked":["Creative AI","All For One","Tools of the Trade"],"picked":"SKIP","floor":29},{"not_picked":["All For One","Thunder Strike"],"picked":"Magnetism","floor":30},{"not_picked":["Dark Shackles+1","Swift Strike"],"picked":"Panache+1","floor":41},{"not_picked":["Creative AI+1","Juggernaut+1"],"picked":"Sadistic Nature+1","floor":44},{"not_picked":["Demon Form+1","The Bomb+1"],"picked":"Magnetism+1","floor":46}],"player_experience":495966,"relics_obtained":[{"floor":1,"key":"Bag of Preparation"},{"floor":2,"key":"Toxic Egg 2"},{"floor":5,"key":"Prayer Wheel"},{"floor":6,"key":"Toy Ornithopter"},{"floor":7,"key":"Vajra"},{"floor":8,"key":"Eternal Feather"},{"floor":9,"key":"Matryoshka"},{"floor":13,"key":"Oddly Smooth Stone"},{"floor":14,"key":"Incense Burner"},{"floor":18,"key":"Whetstone"},{"floor":23,"key":"PreservedInsect"},{"floor":25,"key":"Tiny Chest"},{"floor":26,"key":"Nunchaku"},{"floor":26,"key":"Bag of Marbles"},{"floor":28,"key":"Peace Pipe"},{"floor":29,"key":"Pear"},{"floor":30,"key":"FossilizedHelix"},{"floor":35,"key":"Bottled Flame"},{"floor":36,"key":"Potion Belt"},{"floor":36,"key":"Frozen Egg 2"},{"floor":40,"key":"Meat on the Bone"},{"floor":41,"key":"Mercury Hourglass"},{"floor":43,"key":"Blue Candle"},{"floor":44,"key":"Bird Faced Urn"},{"floor":46,"key":"Mummified Hand"},{"floor":47,"key":"MealTicket"},{"floor":48,"key":"CeramicFish"}],"event_choices":[{"damage_healed":0,"gold_gain":0,"player_choice":"Full Heal","damage_taken":0,"max_hp_gain":0,"max_hp_loss":0,"event_name":"Wheel of Change","floor":4,"gold_loss":0},{"cards_removed":["Steam Power"],"damage_healed":0,"gold_gain":0,"player_choice":"Forget","damage_taken":0,"max_hp_gain":0,"max_hp_loss":0,"event_name":"Living Wall","floor":10,"gold_loss":0},{"damage_healed":0,"gold_gain":329,"player_choice":"GO RE GO GO ","damage_taken":47,"relics_obtained":["Akabeko"],"max_hp_gain":0,"max_hp_loss":0,"event_name":"betterSkull:BetterSkull","floor":11,"gold_loss":0,"cards_upgraded":[]},{"damage_healed":0,"gold_gain":275,"player_choice":"Desecrate","damage_taken":0,"max_hp_gain":0,"max_hp_loss":0,"event_name":"Golden Shrine","floor":19,"gold_loss":0,"cards_obtained":["Regret"]},{"cards_removed":["Bandage Up"],"damage_healed":0,"gold_gain":0,"player_choice":"Take \u0026 Give","damage_taken":0,"max_hp_gain":0,"max_hp_loss":0,"event_name":"betterNote:BetterNote","floor":20,"gold_loss":0,"cards_obtained":["Jack Of All Trades"]},{"damage_healed":0,"gold_gain":0,"player_choice":"Obtain J.A.X.","damage_taken":0,"max_hp_gain":0,"max_hp_loss":0,"event_name":"Drug Dealer","floor":22,"gold_loss":0,"cards_obtained":["J.A.X."]},{"damage_healed":0,"gold_gain":0,"player_choice":"Trade","damage_taken":0,"relics_obtained":["FaceOfCleric"],"max_hp_gain":0,"max_hp_loss":0,"event_name":"FaceTrader","floor":27,"gold_loss":0},{"cards_removed":["Warcry"],"damage_healed":0,"gold_gain":0,"player_choice":"Gave Card","damage_taken":0,"relics_obtained":["Du-Vu Doll"],"max_hp_gain":0,"max_hp_loss":0,"event_name":"WeMeetAgain","floor":31,"gold_loss":0},{"damage_healed":0,"gold_gain":0,"player_choice":"Max HP","damage_taken":0,"max_hp_gain":0,"max_hp_loss":5,"event_name":"Winding Halls","floor":39,"gold_loss":0},{"damage_healed":0,"gold_gain":0,"player_choice":"Random: Red","damage_taken":0,"max_hp_gain":0,"max_hp_loss":0,"event_name":"betterThird:BetterPortal","floor":41,"gold_loss":0}],"is_beta":false,"boss_relics":[{"not_picked":["energizedSpire:StickyHand","Runic Dome"],"picked":"Philosopher\u0027s Stone"},{"not_picked":["Black Star","energizedSpire:NeverEndingSparkler"],"picked":"energizedSpire:UnstableMolecules"}],"items_purged_floors":[3,12,21,37],"is_endless":false,"potions_floor_spawned":[1,13,16,18,23,25,28,46],"ascension_level":0}}