{"host":"hf83sijwe64ts2lm","time":1612835558,"event":{"mods":["2.2 Compatiblity","BaseMod","Better Altar","Better Match","Better Note","Better Sensory Stone","Better Skull","Better Third Choice","Colored Map","Colored Powertips","Highlight Path","Hubris","Infinite Spire","Minty Spire (QoL Compilation)","Quick Restart","Rare Cards Sparkle","Relic Stats","Reliquary","Replay The Spire","Shop Mod","Spicy Shops","Spire Arcade","StSLib","Thieving Mod"],"gold_per_floor":[114,114,114,36,0,0,19,35,35,35,35,35,35,61,61,161,161,176,91,91,91,116,109,181,200,214,289,289,60,60,159,159,173,183,203,213,213,213,238,238,238,250,250,250,250,250],"floor_reached":50,"language":"ENG","playtime":2026,"items_purged":[],"score":599,"play_id":"2d0ed87d-5f5f-4bc2-811b-aa8d603d8efd","local_time":"20210208205238","is_ascension_mode":true,"campfire_choices":[{"floor":6,"key":"RECALL"},{"floor":10,"key":"REST"},{"floor":15,"key":"REST"},{"data":"After Image","floor":23,"key":"SMITH"},{"floor":30,"key":"REST"},{"floor":32,"key":"DIG"},{"floor":40,"key":"REST"},{"floor":45,"key":"REST"},{"floor":49,"key":"REST"}],"circlet_count":0,"master_deck":["Strike_G","Strike_G","Strike_G","Strike_G+1","Strike_G","Defend_G","Defend_G","Defend_G","Defend_G","Defend_G+1","Survivor","Neutralize","Distraction","White Noise+1","Deadly Poison","Poisoned Stab","Enlightenment","Deadly Poison","Poisoned Stab","hubris:Fate","Poisoned Stab","After Image+1","Crippling Poison","Accuracy","Parasite","Accuracy+1","Slice+1","Poisoned Stab","Slice","Bullet Time","ReplayTheSpireMod:Speed Training","Flying Knee","Footwork","Caltrops+1","Noxious Fumes+1","infinitespire:Starlight","Replay:Fractal Strike"],"relics":["Ring of the Snake","reliquary:ExpiredCoupon","reliquary:Firecrackers","hubris:Teleporter","hubris:Backtick","Mummified Hand","reliquary:Buckler","Shovel","ReplayTheSpireMod:CursedCoin","TwistedFunnel","infinitespire:WardingShard","Snake Skull","Replay:Accelerometer","Black Star","FossilizedHelix","Replay:Wax Seal","hubris:Towel","Turnip"],"acts_visited":["Exordium","TheCity","TheBeyond"],"potions_floor_usage":[16,16,18,24,24,33,37,38,46],"damage_taken":[{"damage":3,"enemies":"Small Slimes","floor":1,"turns":4},{"damage":2,"enemies":"Jaw Worm","floor":7,"turns":4},{"damage":0,"enemies":"2 Louse","floor":8,"turns":3},{"damage":0,"enemies":"Lagavulin","floor":14,"turns":5},{"damage":23,"enemies":"Hexaghost","floor":16,"turns":7},{"damage":0,"enemies":"Spheric Guardian","floor":18,"turns":3},{"damage":18,"enemies":"Slavers","floor":24,"turns":6},{"damage":0,"enemies":"3 Byrds","floor":27,"turns":2},{"damage":5,"enemies":"Centurion and Healer","floor":28,"turns":5},{"damage":44,"enemies":"hubris:MusketHawk","floor":33,"turns":8},{"damage":10,"enemies":"Orb Walker","floor":35,"turns":3},{"damage":21,"enemies":"3 Shapes","floor":36,"turns":3},{"damage":3,"enemies":"Jaw Worm Horde","floor":37,"turns":4},{"damage":10,"enemies":"4 Shapes","floor":38,"turns":4},{"damage":40,"enemies":"Spire Growth","floor":46,"turns":5}],"seed_played":"9081571074368751741","potions_obtained":[{"floor":8,"key":"Swift Potion"},{"floor":14,"key":"FearPotion"},{"floor":16,"key":"Toxic Potion"},{"floor":22,"key":"Dexterity Potion"},{"floor":22,"key":"CultistPotion"},{"floor":22,"key":"FairyPotion"},{"floor":28,"key":"Fire Potion"},{"floor":36,"key":"Fire Potion"},{"floor":37,"key":"Adrenaline Potion"},{"floor":38,"key":"CunningPotion"}],"is_trial":false,"path_per_floor":["M","?","?","$","?","R","M","M","T","R","?","$","T","E","R","B",null,"M","?","?","R","E","$","T","M","M","?","R","$","R","B",null,"M","M","M","M","R","?","T","?","R","M","AVR","R","B"],"character_chosen":"THE_SILENT","items_purchased":["Deadly Poison","Poisoned Stab","ReplayTheSpireMod:CursedCoin","TwistedFunnel","Snake Skull","Poisoned Stab","Slice"],"campfire_rested":6,"item_purchase_floors":[4,4,25,25,31,31,31],"current_hp_per_floor":[74,74,62,62,68,68,66,66,66,83,62,62,62,62,83,60,83,83,83,83,83,65,65,65,65,60,52,76,76,76,32,83,73,52,49,39,63,63,63,63,83,43,43,67,67,67],"gold":250,"neow_bonus":"TEN_PERCENT_HP_BONUS","is_daily":false,"chose_seed":false,"campfire_upgraded":1,"win_rate":0.0,"timestamp":1612835558,"path_taken":["M","?","?","$","?","R","M","M","T","R","?","$","?","E","R","BOSS","M","?","?","R","E","$","T","?","M","?","R","$","R","BOSS","M","?","M","M","R","?","T","?","R","M","AVR","R","BOSS"],"items_purchased_type":["Card","Card","Relic","Relic","Relic","Card","Card"],"build_version":"2020-12-22","purchased_purges":0,"victory":false,"max_hp_per_floor":[77,77,77,77,83,83,83,83,83,83,83,83,83,83,83,83,83,83,83,83,83,83,83,83,83,83,83,83,83,83,83,83,83,83,83,83,83,83,83,83,83,83,83,83,83,83],"relic_stats":{"Shovel":1,"counters":[16,67],"Mummified Hand":[20],"Snake Skull":[45],"Turnip":[0],"Black Star":0,"obtain_stats":[{"TwistedFunnel":25,"Replay:Accelerometer":32,"hubris:Teleporter":14,"ReplayTheSpireMod:CursedCoin":25,"reliquary:Firecrackers":13,"Snake Skull":31,"hubris:Towel":44,"reliquary:ExpiredCoupon":3,"hubris:Backtick":17,"Shovel":24,"infinitespire:WardingShard":26,"Mummified Hand":17,"reliquary:Buckler":20,"Turnip":47,"Black Star":34,"Replay:Wax Seal":43,"FossilizedHelix":41,"Ring of the Snake":0},{"TwistedFunnel":7,"Replay:Accelerometer":9,"hubris:Teleporter":4,"ReplayTheSpireMod:CursedCoin":7,"reliquary:Firecrackers":3,"Snake Skull":9,"hubris:Towel":14,"reliquary:ExpiredCoupon":1,"hubris:Backtick":5,"Shovel":7,"infinitespire:WardingShard":7,"Mummified Hand":5,"reliquary:Buckler":6,"Turnip":15,"Black Star":10,"Replay:Wax Seal":14,"FossilizedHelix":14,"Ring of the Snake":0},{"TwistedFunnel":32,"Replay:Accelerometer":39,"hubris:Teleporter":16,"ReplayTheSpireMod:CursedCoin":32,"reliquary:Firecrackers":11,"Snake Skull":39,"hubris:Towel":61,"reliquary:ExpiredCoupon":4,"hubris:Backtick":23,"Shovel":32,"infinitespire:WardingShard":32,"Mummified Hand":23,"reliquary:Buckler":26,"Turnip":66,"Black Star":47,"Replay:Wax Seal":61,"FossilizedHelix":61,"Ring of the Snake":0}],"Ring of the Snake":[32]},"card_choices":[{"not_picked":["Quick Slash","Expertise"],"picked":"Distraction","floor":1},{"not_picked":["Tactician","Quick Slash"],"picked":"Deadly Poison","floor":7},{"not_picked":["Expertise","PiercingWail"],"picked":"Poisoned Stab","floor":8},{"not_picked":["infinitespire:FinalStrike","infinitespire:Menacing"],"picked":"hubris:Fate","floor":11},{"not_picked":["Blur","Underhanded Strike"],"picked":"Poisoned Stab","floor":14},{"not_picked":["Storm of Steel","Adrenaline"],"picked":"After Image","floor":16},{"not_picked":["Poisoned Stab","Underhanded Strike"],"picked":"Crippling Poison","floor":18},{"not_picked":["Replay:Poison Smokescreen","Deadly Poison"],"picked":"Accuracy","floor":24},{"not_picked":["Blade Dance+1","Hidden Blade"],"picked":"Accuracy+1","floor":27},{"not_picked":["Dodge and Roll","Prepared"],"picked":"Slice+1","floor":28},{"not_picked":["Doppelganger","Night Terror"],"picked":"Bullet Time","floor":33},{"not_picked":["Sucker Punch+1","Slice"],"picked":"ReplayTheSpireMod:Speed Training","floor":35},{"not_picked":["PiercingWail","Flechettes"],"picked":"Flying Knee","floor":36},{"not_picked":["PiercingWail+1","Phantasmal Killer"],"picked":"Footwork","floor":37},{"not_picked":["Prepared+1","Underhanded Strike+1"],"picked":"Caltrops+1","floor":38},{"not_picked":["Slice","hubris:TrickCloak+1"],"picked":"Noxious Fumes+1","floor":46}],"player_experience":166113,"relics_obtained":[{"floor":13,"key":"reliquary:Firecrackers"},{"floor":14,"key":"hubris:Teleporter"},{"floor":24,"key":"Shovel"},{"floor":26,"key":"infinitespire:WardingShard"},{"floor":32,"key":"Replay:Accelerometer"},{"floor":41,"key":"FossilizedHelix"},{"floor":43,"key":"Replay:Wax Seal"}],"event_choices":[{"damage_healed":0,"gold_gain":0,"player_choice":"Leave","damage_taken":0,"max_hp_gain":0,"max_hp_loss":0,"event_name":"The Cleric","floor":2,"gold_loss":0},{"damage_healed":0,"gold_gain":0,"player_choice":"RENOUNCE","damage_taken":36,"max_hp_gain":0,"max_hp_loss":0,"event_name":"betterThird:BetterSerpent","floor":5,"gold_loss":36,"cards_obtained":["Enlightenment"]},{"damage_healed":0,"gold_gain":0,"player_choice":"Obtained Relic","damage_taken":0,"relics_obtained":["reliquary:Buckler"],"max_hp_gain":0,"max_hp_loss":0,"event_name":"Addict","floor":20,"gold_loss":85},{"damage_healed":0,"gold_gain":0,"player_choice":"Got Potions","damage_taken":0,"max_hp_gain":0,"max_hp_loss":0,"event_name":"Lab","floor":22,"gold_loss":0},{"damage_healed":0,"gold_gain":75,"player_choice":"Touch","damage_taken":8,"max_hp_gain":0,"max_hp_loss":0,"event_name":"FaceTrader","floor":29,"gold_loss":0}],"is_beta":false,"boss_relics":[{"not_picked":["Ring of the Serpent","Painkiller Herb"],"picked":"hubris:Backtick"},{"not_picked":["Abe\u0027s Treasure","Kintsugi"],"picked":"Black Star"}],"items_purged_floors":[],"is_endless":false,"potions_floor_spawned":[8,14,16,28,36,37,38],"killed_by":"Awakened One","ascension_level":3}}