{"host":"sup1rd0ujr5jgopq","time":1612890866,"event":{"mods":["BaseMod","Colored Map","Minty Spire (QoL Compilation)","StSLib"],"gold_per_floor":[115,40,40,52,52,78,78,106,131,131,146,161,190,206,206,304,304,321,321,321,91,102,102,127,139,164,164,184,209,209,223,223,319,319,334,383,283,283,296,296,171,181,181,32,32,43,43,61,61,61],"floor_reached":51,"playtime":4095,"items_purged":["Clumsy","Strike_G","Strike_G"],"score":705,"play_id":"3df015b1-66c0-412b-afe6-9c4e2099ce1d","local_time":"20210209121425","is_ascension_mode":false,"campfire_choices":[{"data":"Apotheosis","floor":7,"key":"SMITH"},{"data":"Well Laid Plans","floor":10,"key":"SMITH"},{"floor":15,"key":"REST"},{"data":"Tactician","floor":23,"key":"SMITH"},{"floor":30,"key":"REST"},{"data":"Tools of the Trade","floor":32,"key":"SMITH"},{"data":"Adrenaline","floor":40,"key":"SMITH"},{"data":"Outmaneuver","floor":45,"key":"SMITH"},{"data":"Calculated Gamble","floor":49,"key":"SMITH"}],"circlet_count":0,"master_deck":["Strike_G+1","Strike_G","Defend_G","Defend_G","Defend_G","Defend_G","Survivor","Neutralize+1","Apotheosis+1","Predator","Tactician+1","Well Laid Plans+1","Outmaneuver+1","Dagger Spray+1","Poisoned Stab+1","Backflip","Tools of the Trade+1","Blur","Backflip","Acrobatics","Prepared+1","Escape Plan","Adrenaline+1","PiercingWail+1","Escape Plan","Envenom","Calculated Gamble+1","Sadistic Nature"],"relics":["Ring of the Snake","Regal Pillow","Molten Egg 2","Nunchaku","Matryoshka","HoveringKite","PreservedInsect","CaptainsWheel","Whetstone","Lantern","Enchiridion","Torii","Sozu","Prayer Wheel","Oddly Smooth Stone","Darkstone Periapt","Happy Flower"],"acts_visited":["Exordium","TheCity","TheBeyond"],"potions_floor_usage":[24,24,50],"damage_taken":[{"damage":0,"enemies":"Jaw Worm","floor":1,"turns":4},{"damage":0,"enemies":"2 Louse","floor":4,"turns":2},{"damage":2,"enemies":"Lagavulin","floor":6,"turns":7},{"damage":11,"enemies":"3 Sentries","floor":8,"turns":7},{"damage":0,"enemies":"Cultist","floor":11,"turns":3},{"damage":0,"enemies":"Blue Slaver","floor":12,"turns":3},{"damage":18,"enemies":"Lagavulin","floor":13,"turns":5},{"damage":3,"enemies":"Exordium Wildlife","floor":14,"turns":3},{"damage":12,"enemies":"The Guardian","floor":16,"turns":10},{"damage":0,"enemies":"Shell Parasite","floor":18,"turns":4},{"damage":2,"enemies":"3 Byrds","floor":22,"turns":4},{"damage":5,"enemies":"Book of Stabbing","floor":24,"turns":4},{"damage":0,"enemies":"Snecko","floor":25,"turns":6},{"damage":0,"enemies":"Cultist and Chosen","floor":28,"turns":5},{"damage":19,"enemies":"Slavers","floor":29,"turns":5},{"damage":1,"enemies":"Shelled Parasite and Fungi","floor":31,"turns":6},{"damage":7,"enemies":"Automaton","floor":33,"turns":10},{"damage":0,"enemies":"Orb Walker","floor":35,"turns":4},{"damage":18,"enemies":"2 Orb Walkers","floor":36,"turns":6},{"damage":0,"enemies":"3 Darklings","floor":39,"turns":4},{"damage":0,"enemies":"Maw","floor":42,"turns":7},{"damage":1,"enemies":"Writhing Mass","floor":46,"turns":6},{"damage":0,"enemies":"Transient","floor":48,"turns":5},{"damage":0,"enemies":"Donu and Deca","floor":50,"turns":8}],"seed_played":"-9056132668320437076","potions_obtained":[{"floor":8,"key":"SneckoOil"},{"floor":11,"key":"PowerPotion"},{"floor":13,"key":"SteroidPotion"},{"floor":14,"key":"CunningPotion"},{"floor":29,"key":"Energy Potion"},{"floor":33,"key":"LiquidMemories"}],"is_trial":false,"path_per_floor":["M","$","?","M","?","E","R","E","T","R","M","M","E","M","R","B",null,"M","?","?","$","M","R","E","M","T","?","M","E","R","M","R","B",null,"M","?","$","?","M","R","$","M","T","$","R","M","?","M","R","B",null],"character_chosen":"THE_SILENT","items_purchased":["PreservedInsect","Blur","Happy Flower"],"campfire_rested":2,"item_purchase_floors":[21,21,44],"current_hp_per_floor":[70,70,63,63,68,66,66,55,55,55,55,55,37,34,71,59,75,75,61,61,61,59,59,54,54,54,38,38,19,58,57,57,50,80,80,62,62,62,62,62,62,62,62,62,62,61,51,51,51,51],"gold":61,"neow_bonus":"RANDOM_COLORLESS_2","is_daily":false,"chose_seed":false,"campfire_upgraded":7,"win_rate":0.0,"timestamp":1612890865,"path_taken":["M","$","?","M","?","E","R","E","T","R","M","M","E","M","R","BOSS","M","?","?","$","M","R","E","M","T","?","M","E","R","M","R","BOSS","M","?","$","?","M","R","$","M","T","$","R","M","?","M","R","BOSS"],"items_purchased_type":["Relic","Card","Relic"],"build_version":"2020-12-13","purchased_purges":3,"victory":true,"max_hp_per_floor":[70,70,70,70,75,75,75,75,75,75,75,75,75,75,75,75,75,75,80,80,80,80,80,80,80,80,80,80,80,80,80,80,80,80,80,80,80,80,80,80,80,80,80,80,80,80,80,80,80,80],"card_choices":[{"not_picked":["Violence","Magnetism"],"picked":"Apotheosis","floor":0},{"not_picked":["Blur","Dagger Throw"],"picked":"Predator","floor":1},{"not_picked":["Acrobatics","PiercingWail"],"picked":"Tactician","floor":4},{"not_picked":["Sucker Punch","Quick Slash"],"picked":"Well Laid Plans","floor":6},{"not_picked":["Flying Knee+1","Dodge and Roll"],"picked":"Outmaneuver","floor":8},{"not_picked":["Heel Hook+1","Bouncing Flask"],"picked":"Dagger Spray+1","floor":11},{"not_picked":["Sucker Punch+1","Deadly Poison"],"picked":"Poisoned Stab+1","floor":12},{"not_picked":["Endless Agony+1","Outmaneuver","Poisoned Stab+1"],"picked":"SKIP","floor":13},{"not_picked":["Poisoned Stab+1","Quick Slash+1"],"picked":"Backflip","floor":14},{"not_picked":["Wraith Form v2","Doppelganger"],"picked":"Tools of the Trade","floor":16},{"not_picked":["Dagger Spray+1","Blade Dance","Deflect"],"picked":"SKIP","floor":18},{"not_picked":["Caltrops","Dagger Throw+1"],"picked":"Backflip","floor":22},{"not_picked":["Blade Dance","Underhanded Strike+1"],"picked":"Acrobatics","floor":24},{"not_picked":["Dagger Spray+1","Skewer+1"],"picked":"Prepared+1","floor":25},{"not_picked":["Expertise","Dodge and Roll+1","Underhanded Strike+1"],"picked":"SKIP","floor":28},{"not_picked":["Dagger Throw+1","A Thousand Cuts","Prepared"],"picked":"SKIP","floor":29},{"not_picked":["Finisher+1","PiercingWail"],"picked":"Escape Plan","floor":31},{"not_picked":["Night Terror","Die Die Die+1"],"picked":"Adrenaline","floor":33},{"not_picked":["Skewer+1","Dash+1","Acrobatics"],"picked":"SKIP","floor":35},{"not_picked":["Predator+1","Dagger Throw+1"],"picked":"PiercingWail+1","floor":36},{"not_picked":["Deadly Poison+1","Acrobatics+1","Flying Knee+1"],"picked":"SKIP","floor":39},{"not_picked":["Endless Agony+1","Flechettes+1","Prepared+1"],"picked":"SKIP","floor":39},{"not_picked":["Riddle With Holes+1","Deadly Poison+1"],"picked":"Escape Plan","floor":42},{"not_picked":["Dash+1","Blade Dance","Leg Sweep+1"],"picked":"SKIP","floor":42},{"not_picked":["Blade Dance","Dash+1"],"picked":"Envenom","floor":46},{"not_picked":["Distraction+1","Slice+1"],"picked":"Calculated Gamble","floor":46},{"not_picked":["Madness","Deep Breath"],"picked":"Sadistic Nature","floor":47},{"not_picked":["Quick Slash+1","Dagger Throw+1","Deflect+1"],"picked":"SKIP","floor":48},{"not_picked":["PiercingWail+1","Flying Knee+1","Prepared"],"picked":"SKIP","floor":48}],"player_experience":8609,"relics_obtained":[{"floor":6,"key":"Regal Pillow"},{"floor":8,"key":"Molten Egg 2"},{"floor":9,"key":"Nunchaku"},{"floor":13,"key":"Matryoshka"},{"floor":24,"key":"CaptainsWheel"},{"floor":26,"key":"Whetstone"},{"floor":26,"key":"Lantern"},{"floor":27,"key":"Enchiridion"},{"floor":29,"key":"Torii"},{"floor":36,"key":"Prayer Wheel"},{"floor":43,"key":"Oddly Smooth Stone"},{"floor":43,"key":"Darkstone Periapt"}],"event_choices":[{"cards_removed":["Defend_G"],"damage_healed":0,"gold_gain":0,"player_choice":"Card Removal","damage_taken":7,"max_hp_gain":0,"max_hp_loss":0,"event_name":"Golden Wing","floor":3,"gold_loss":0},{"damage_healed":0,"gold_gain":0,"player_choice":"Donut","damage_taken":0,"max_hp_gain":5,"max_hp_loss":0,"event_name":"Big Fish","floor":5,"gold_loss":0},{"damage_healed":0,"gold_gain":0,"player_choice":"Shed Blood","damage_taken":19,"max_hp_gain":5,"max_hp_loss":0,"event_name":"Forgotten Altar","floor":19,"gold_loss":0},{"damage_healed":0,"gold_gain":0,"player_choice":"Ignored","damage_taken":0,"max_hp_gain":0,"max_hp_loss":0,"event_name":"Ghosts","floor":20,"gold_loss":0},{"damage_healed":0,"gold_gain":0,"player_choice":"Obtained Book","damage_taken":16,"max_hp_gain":0,"max_hp_loss":0,"event_name":"Cursed Tome","floor":27,"gold_loss":0},{"damage_healed":0,"gold_gain":0,"player_choice":"Fight","damage_taken":0,"max_hp_gain":0,"max_hp_loss":0,"event_name":"Mysterious Sphere","floor":36,"gold_loss":0},{"cards_removed":["Strike_G"],"damage_healed":0,"gold_gain":0,"player_choice":"Removed Attack","damage_taken":0,"max_hp_gain":0,"max_hp_loss":0,"event_name":"Falling","floor":38,"gold_loss":0},{"damage_healed":0,"gold_gain":0,"player_choice":"Memory 3","damage_taken":10,"max_hp_gain":0,"max_hp_loss":0,"event_name":"SensoryStone","floor":47,"gold_loss":0}],"is_beta":false,"boss_relics":[{"not_picked":["Astrolabe","Runic Dome"],"picked":"HoveringKite"},{"not_picked":["Philosopher\u0027s Stone","Busted Crown"],"picked":"Sozu"}],"items_purged_floors":[2,37,41],"is_endless":false,"potions_floor_spawned":[8,11,13,14,29,33,35,36],"ascension_level":0}}