{"host":"w05x4i13f2m9joq1","time":1612848968,"event":{"mods":["100% Spire Juice","Act Like it!","BaseMod","Better Altar","Better Match","Better Note","Better Sensory Stone","Better Skull","Better Third Choice","BetterRewards","CapriCore","Colored Map","Colored Powertips","Defective Defect","Downfall","Duelist Mod","Gensokyo","GifTheSpireLib","Googly Eyes","Infinite Spire","Ironclad Rager","Lobotomy","LobotomyExtend","Marisa????????","Melee Mod","Minty Spire (QoL Compilation)","Morshu Shopkeeper - ENHANCED","MostiFishMod","Quick Restart","Rare Cards Sparkle","Reliquary","Replay The Spire","Shop Mod","Spicy Shops","Spire Birthday Party","StSLib","The IronCluck","Uncapped","everything is the same but u backflip on backflip","slay the spire mod where everything is the same but ironclad has a cowboy hat"],"gold_per_floor":[116,116,16,36,-1364,-1331,-1318,-1298,-1251,-1232,-1203,-1185,-1185,-1185,-1185,-1086,-1086,19,39,58,77,77,77,77,77,77,77,123,123,123,123,123,276,276,303,63,102,102,17,57,57],"floor_reached":40,"language":"ENG","playtime":4202,"items_purged":["Moonworks:Strike","Moonworks:Strike","Decay","Regret","Pride","Normality"],"score":714,"play_id":"04b6e034-ba36-4c4f-b2e5-71ee2f270e6b","local_time":"20210209003608","is_ascension_mode":false,"campfire_choices":[{"floor":13.0,"key":"REST"},{"floor":15.0,"key":"REST"},{"floor":23,"key":"REST"},{"floor":25,"key":"REST"},{"data":"Moonworks:Accelerator","floor":30,"key":"SMITH"},{"floor":32,"key":"DIG"}],"circlet_count":0,"master_deck":["Moonworks:Strike","Moonworks:Strike","Moonworks:Defend","Moonworks:Defend","Moonworks:Defend","Moonworks:Defend","Moonworks:Ambush+1","Moonworks:LongDistanceShot+1","Moonworks:EvilSpyWorkPreparation","Moonworks:CloudOfSeagulls+1","Finesse","Moonworks:JonathanRush","Moonworks:JonathanRush","Moonworks:CloudOfSeagulls","Moonworks:SubspaceTunnel+1","Moonworks:CrystalBarrier+1","Moonworks:Accelerator+1","Moonworks:JonathanRush","Moonworks:SakisCookie+1","Moonworks:JonathanRush","Moonworks:JonathanRush+1","Moonworks:CloudOfSeagulls","MostiFishMod:OneDayCity","Secret Technique","Flash of Steel","Moonworks:JonathanRush","Moonworks:JonathanRush+1","Moonworks:EvilSpyWorkPreparation+1","Moonworks:EvilSpyWorkPreparation","Moonworks:CloudOfSeagulls","Flash of Steel","Moonworks:Accelerator","Moonworks:EvilSpyWorkPreparation+1","Moonworks:Dash+1","Moonworks:NicePresent"],"relics":["Moonworks:BrokenBomb","Moonworks:Homemark","DaveBox","DiscerningMonocle","SynthV:TestCard","LetterFromLob","OrangePellets","Garlic","reliquary:SharkskinSheath","Ying","Guardian:PocketSentry","Orichalcum","ChiLing","Chi","Ling","Gremlin Food","Simple Rune","MealTicket","Dream Catcher","SynthV:MejaisSoulstealer","Pen Nib","Odd Mushroom","Whetstone","Oddly Smooth Stone","ChiXiaoBlade","PreservedInsect","Toy Ornithopter","reliquary:SilkGlove","Moonworks:LittleGull","ReplayTheSpireMod:ShopPack","reliquary:FeatherDuster","infinitespire:Satchel","infinitespire:Lucky Rock","champ:Barbells","Gremlin Horn","Replay:Bandana","TimeFreeze","Nunchaku","HornCleat","ReplayTheSpireMod:Shallot","reliquary:Knoch","reliquary:PartyBalloon","reliquary:Bookmark","Sling","Replay:Bottled Snecko","reliquary:WeakTea","Replay:Bottled Flurry","TheAbacus","ReplayTheSpireMod:Ninjato","infinitespire:FocusingShard","reliquary:WritOfMandamus","Boot","hexamod:BolsterEngine","Guide Book","reliquary:FerryPass","infinitespire:Magic Flask","BargainBundle","Moonworks:SBBomb","Smiling Mask"],"acts_visited":["Exordium","TheCity","TheBeyond"],"potions_floor_usage":[28,33],"damage_taken":[{"damage":19.0,"enemies":"2 Louse","floor":1.0,"turns":3.0},{"damage":0.0,"enemies":"Small Slimes","floor":4.0,"turns":3.0},{"damage":14.0,"enemies":"Gremlin Nob","floor":6.0,"turns":3.0},{"damage":5.0,"enemies":"Cultist","floor":7.0,"turns":2.0},{"damage":0.0,"enemies":"The Mushroom Lair","floor":8.0,"turns":2.0},{"damage":5.0,"enemies":"Exordium Wildlife","floor":10.0,"turns":2.0},{"damage":13.0,"enemies":"3 Sentries","floor":11.0,"turns":2.0},{"damage":0.0,"enemies":"Blue Slaver","floor":12.0,"turns":2.0},{"damage":2.0,"enemies":"Slime Boss","floor":16.0,"turns":2.0},{"damage":2.0,"enemies":"2 Thieves","floor":18.0,"turns":2.0},{"damage":2.0,"enemies":"3 Byrds","floor":19.0,"turns":4.0},{"damage":23.0,"enemies":"3 Cultists","floor":20.0,"turns":4.0},{"damage":17.0,"enemies":"Sentry and Sphere","floor":21.0,"turns":4.0},{"damage":3,"enemies":"theDuelist:KaibaA2","floor":28,"turns":1},{"damage":3,"enemies":"Champ","floor":33,"turns":3},{"damage":0,"enemies":"Orb Walker","floor":35,"turns":2},{"damage":2,"enemies":"3 Darklings","floor":37,"turns":2},{"damage":1,"enemies":"4 Shapes","floor":39,"turns":1},{"damage":1,"enemies":"infinitespire:Three Voidlings","floor":40,"turns":1},{"damage":56,"enemies":"Nightmare_Alpha","floor":40,"turns":4}],"seed_played":"-7903871197600231828","potions_obtained":[{"floor":6.0,"key":"DuplicationPotion"},{"floor":8.0,"key":"SteroidPotion"},{"floor":21.0,"key":"Doom Potion"},{"floor":28,"key":"EssenceOfSteel"},{"floor":37,"key":"SkillPotion"},{"floor":39,"key":"PowerPotion"}],"is_trial":false,"path_per_floor":["M","?","$","M","$","E","M","?","T","M","E","M","R","?","R","B",null,"M","M","M","M","$","R","?","R","T","$","E","$","R","$","R_BF","B",null,"M","$","M","AVR","M","?"],"character_chosen":"THE_STARBREAKER","items_purchased":["Moonworks:EvilSpyWorkPreparation","Moonworks:CloudOfSeagulls","OrangePellets","Garlic","reliquary:SharkskinSheath","Ying","Guardian:PocketSentry","Orichalcum","hexamod:SoulburnPotion","infinitespire:BlackPotion","Dexterity Potion","Finesse","ChiLing","Gremlin Food","Simple Rune","MealTicket","Dream Catcher","SynthV:MejaisSoulstealer","PreservedInsect","Toy Ornithopter","reliquary:SilkGlove","Moonworks:LittleGull","ReplayTheSpireMod:ShopPack","Moonworks:JonathanRush","Moonworks:CloudOfSeagulls","Energy Potion","infinitespire:Satchel","infinitespire:Lucky Rock","champ:Barbells","Gremlin Horn","Replay:Bandana","TimeFreeze","HornCleat","ReplayTheSpireMod:Shallot","reliquary:Knoch","reliquary:PartyBalloon","reliquary:Bookmark","Sling","Moonworks:EvilSpyWorkPreparation","Moonworks:CloudOfSeagulls","Flash of Steel","Fire Potion","Replay:Bottled Snecko","reliquary:WeakTea","Replay:Bottled Flurry","TheAbacus","ReplayTheSpireMod:Ninjato","Moonworks:Dash+1","Boot","hexamod:BolsterEngine","Guide Book","reliquary:FerryPass","infinitespire:Magic Flask","BargainBundle"],"campfire_rested":4,"item_purchase_floors":[3,3,3,3,3,3,3,3,3,3,3,3,5,5,5,5,5,5,22,22,22,22,22,22,22,22,27,27,27,27,27,27,29,29,29,29,29,29,29,29,29,29,31,31,31,31,31,36,36,36,36,36,36,36],"current_hp_per_floor":[41,41,41,41,41,27,22,22,22,17,4,4,22,15,33,31,60,58,56,33,19,34,52,52,60,60,60,60,60,60,60,60,57,60,60,60,58,58,57,0,0],"gold":57,"neow_bonus":"RANDOM_EVENT","is_daily":false,"chose_seed":false,"campfire_upgraded":1,"win_rate":0.0,"timestamp":1612848968,"path_taken":["M","?","$","M","$","E","M","?","T","M","E","M","R","?","R","BOSS","M","M","M","M","$","R","?","R","T","?","E","?","R","$","R_BF","BOSS","M","$","M","AVR","M","?"],"items_purchased_type":["Card","Card","Relic","Relic","Relic","Relic","Relic","Relic","Potion","Potion","Potion","Card","Relic","Relic","Relic","Relic","Relic","Relic","Relic","Relic","Relic","Relic","Relic","Card","Card","Potion","Relic","Relic","Relic","Relic","Relic","Relic","Relic","Relic","Relic","Relic","Relic","Relic","Card","Card","Card","Potion","Relic","Relic","Relic","Relic","Relic","Card","Relic","Relic","Relic","Relic","Relic","Relic"],"build_version":"2020-12-22","purchased_purges":6,"victory":false,"max_hp_per_floor":[60,60,60,60,60,60,60,60,60,60,60,60,60,60,60,60,60,60,60,60,60,60,60,60,60,60,60,60,60,60,60,60,60,60,60,60,60,60,60,60,60],"card_choices":[{"not_picked":["Moonworks:Assault","Moonworks:IndiscriminateFireSupport"],"picked":"Moonworks:BigMagnum","floor":1.0},{"not_picked":["Purity","Deep Breath","Replay:Parry","Impatience"],"picked":"Discovery","floor":2.0},{"not_picked":["Moonworks:Assault","Moonworks:BigMagnum","Moonworks:SakisCookie","Moonworks:MiracleWalker","Moonworks:LulusLuckyEgg"],"picked":"SKIP","floor":4.0},{"not_picked":["Moonworks:ImOnFire","Moonworks:MiracleRedBeanIceCream","Moonworks:DeployBits","Moonworks:Assault"],"picked":"Moonworks:JonathanRush","floor":6.0},{"not_picked":["Moonworks:IndiscriminateFireSupport","Moonworks:ImmovableObject","Moonworks:MixPhenomenon","Moonworks:ExtendedPhotonRifle"],"picked":"Moonworks:JonathanRush","floor":7.0},{"not_picked":["Moonworks:JonathanRush","Moonworks:MixPhenomenon","Moonworks:SakisCookie","Moonworks:ImOnFire"],"picked":"Moonworks:CloudOfSeagulls","floor":8.0},{"not_picked":["Moonworks:BigBangBell","Moonworks:Poppoformation","Moonworks:Heat300Percent","Moonworks:BigMagnum","Moonworks:ReproductionOfRecords"],"picked":"SKIP","floor":10.0},{"not_picked":["Moonworks:DeployBits","Moonworks:Dinner","Moonworks:ImOnFire","Moonworks:IndiscriminateFireSupport"],"picked":"Moonworks:SubspaceTunnel","floor":11.0},{"not_picked":["Moonworks:BigBangBell","Moonworks:BackdoorTrade","Moonworks:Heat300Percent","Moonworks:ExtendedPhotonRifle","Moonworks:ReproductionOfRecords"],"picked":"SKIP","floor":12.0},{"not_picked":["Moonworks:FinalBattle","Moonworks:HolyNight","Moonworks:RocketCannon","Moonworks:EvilMastermind"],"picked":"Moonworks:CrystalBarrier","floor":16.0},{"not_picked":["Moonworks:SakisCookie","Moonworks:DeployBits+1","Moonworks:BigMagnum+1","Moonworks:Assault"],"picked":"Moonworks:Accelerator","floor":18.0},{"not_picked":["Moonworks:SakisCookie","Moonworks:BigMagnum","Moonworks:DeployBits","Moonworks:NicePresent+1"],"picked":"Moonworks:JonathanRush","floor":19.0},{"not_picked":["Moonworks:AwakeningOfTalent+1","Moonworks:FinalSurgery","Moonworks:Assault","Moonworks:Accelerator"],"picked":"Moonworks:SakisCookie+1","floor":20.0},{"not_picked":["Moonworks:FullSpeedAlicianrone","Moonworks:DeployBits+1","Moonworks:CastOff+1","Moonworks:SakisCookie+1"],"picked":"Moonworks:JonathanRush","floor":21.0},{"not_picked":["theDuelist:OrbMetronome","MostiFishMod:TheLastGuard","MostiFishMod:Awakening","Chrysalis"],"picked":"MostiFishMod:OneDayCity","floor":22},{"not_picked":["Replay:Sssssssssshield","Blind","MostiFishMod:JungleRules","ReplayTheSpireMod:Uncanny Aura"],"picked":"Secret Technique","floor":22},{"not_picked":["ReplayTheSpireMod:Trickstab","The Bomb","Replay:Parry","Impatience"],"picked":"Flash of Steel","floor":22},{"not_picked":["Moonworks:DeployBits","Moonworks:EvilSpyWorkPreparation","Moonworks:SakisCookie+1","Moonworks:MiracleRedBeanIceCream"],"picked":"Moonworks:JonathanRush","floor":23},{"not_picked":["Moonworks:SakisCookie","Moonworks:SelfDestruct+1","Moonworks:IndiscriminateFireSupport+1","Moonworks:OutOfAmmo"],"picked":"Moonworks:JonathanRush+1","floor":25},{"not_picked":["Moonworks:NicePresent","Moonworks:SakisCookie","Moonworks:Bloodlust","Moonworks:JonathanRush+1"],"picked":"Moonworks:EvilSpyWorkPreparation+1","floor":28},{"not_picked":["Moonworks:CrystalBarrier","Moonworks:AccelHyper","Moonworks:EvilMastermind","Moonworks:SubspaceTunnel"],"picked":"Moonworks:Accelerator","floor":33},{"not_picked":["Moonworks:Dinner","Moonworks:RagingMadness","Moonworks:NicePresent+1","Moonworks:Assault+1"],"picked":"Moonworks:EvilSpyWorkPreparation+1","floor":35},{"not_picked":["Moonworks:IndiscriminateFireSupport+1","Moonworks:DeployBits","Moonworks:ImOnFire","Moonworks:LulusLuckyEgg","Moonworks:FinalSurgery+1"],"picked":"SKIP","floor":37},{"not_picked":["Moonworks:Dinner+1","Moonworks:SakisCookie+1","Moonworks:RedAndBlue","Moonworks:Dash"],"picked":"Moonworks:NicePresent","floor":39}],"player_experience":179030,"relics_obtained":[{"floor":1.0,"key":"SynthV:TestCard"},{"floor":1.0,"key":"LetterFromLob"},{"floor":6.0,"key":"Pen Nib"},{"floor":8.0,"key":"Odd Mushroom"},{"floor":9.0,"key":"Whetstone"},{"floor":11.0,"key":"Oddly Smooth Stone"},{"floor":26,"key":"reliquary:FeatherDuster"},{"floor":28,"key":"Nunchaku"},{"floor":32,"key":"infinitespire:FocusingShard"}],"event_choices":[{"damage_healed":0.0,"max_hp_gain":0.0,"max_hp_loss":0.0,"gold_gain":0.0,"event_name":"Living Wall","player_choice":"Grow","floor":0.0,"gold_loss":0.0,"damage_taken":0.0,"cards_upgraded":["Moonworks:Ambush"]},{"damage_healed":0.0,"max_hp_gain":0.0,"max_hp_loss":0.0,"gold_gain":1.0,"event_name":"betterStone:BetterStone","player_choice":"1","floor":2.0,"gold_loss":0.0,"damage_taken":0.0},{"damage_healed":0.0,"max_hp_gain":0.0,"max_hp_loss":0.0,"gold_gain":0.0,"event_name":"Mushrooms","player_choice":"Fought Mushrooms","floor":8.0,"gold_loss":0.0,"damage_taken":0.0},{"cards_removed":["Moonworks:BigMagnum"],"damage_healed":0.0,"max_hp_gain":0.0,"max_hp_loss":0.0,"gold_gain":0.0,"event_name":"Golden Wing","player_choice":"Card Removal","floor":14.0,"gold_loss":0.0,"damage_taken":7.0},{"damage_healed":0,"gold_gain":0,"player_choice":"Ignored","damage_taken":0,"max_hp_gain":0,"max_hp_loss":0,"event_name":"N\u0027loth","floor":24,"gold_loss":0}],"is_beta":false,"boss_relics":[{"not_picked":["Runic Dome","SacredBark"],"picked":"ChiXiaoBlade"},{"not_picked":["Snecko Eye","Tiny House"],"picked":"reliquary:WritOfMandamus"}],"items_purged_floors":[3,3,5,22,29,31],"is_endless":false,"potions_floor_spawned":[6,8,11,21,28,37,39,40],"killed_by":"Nightmare_Alpha","ascension_level":0}}