{"host":"rlwsj8oje50c4na7","time":1612875197,"event":{"mods":["2.2 Compatiblity","Act Like it!","Arknights","Aspiration","BaseMod","Beaked The Cultist","Bestiary","Better Altar","Better Match","Better Note","Better Sensory Stone","Better Skull","Better Third Choice","Better Vampires","BetterRewards","Bossed Relics","Colored Map","Colored Powertips","Conspire","Defuse TimeMaze Blight","Energized Spire","Friendly Minions","Gensokyo","GifTheSpireLib","GungeonMod","Halation","Hallownest","Hermit","Highlight Path","Hubris","Infinite Spire","Ironclad Rager","Jedi Mod","JesterMod","Jorbs\u0027s Wanderer Trilogy","Mad Scientist","Minty Spire (QoL Compilation)","Pale of the Ancients","Quick Restart","Random Character Button","Relic Filter","Relic Stats","Reliquary","Reorder Act Four","Replay The Spire","Retaliation","Shade Mod","Shop Mod","Spicy Shops","StSLib","Stuff the Spire","The Administrix","The Blackbeard","The Bladedancer","The Blue Laboratory","The Bug Knight","The Construct","The Cursed","The Exalted","The Hierophant","The IronCluck","The Judge","The Kombatant","The Marked","The Mystic","The Necromancer","The Runesmith","The Servant 0.9.4","TheSwordswoman","Waifu the Spire","everything is the same but u backflip on backflip","slay the spire mod where everything is the same but ironclad has a cowboy hat"],"gold_per_floor":[115,134,234,252,267,267,277,296,320,335,347,373,373,393,393,490,490,508,525,525,193,206,206,218,218,218],"floor_reached":25,"language":"ENG","playtime":2884,"items_purged":[],"score":211,"play_id":"33b7341c-95ca-470f-b408-c35bbebc5fc2","local_time":"20210209145317","is_ascension_mode":false,"campfire_choices":[{"data":"theMarked:ParalyzingBlade","floor":6.0,"key":"SMITH"},{"floor":15.0,"key":"RECALL"},{"data":"theMarked:ThrowWeapon","floor":23,"key":"SMITH"}],"circlet_count":0,"master_deck":["theMarked:Strike","theMarked:Strike","theMarked:Strike","theMarked:Strike","theMarked:Strike","theMarked:Defend","theMarked:Defend","theMarked:Defend","theMarked:Defend","theMarked:SoldierOfQuellstein","theMarked:ParalyzingBlade+1","theMarked:SwordAndMagic","theMarked:ComboAttacks","theMarked:EmpowerWeapon","theMarked:Aftermath","theMarked:RepellingDischarge","theMarked:EternalStudent","theMarked:TwofoldDefense","theMarked:ThrowWeapon+1","theMarked:StartUp","theMarked:OneWithTheBlade","theMarked:Overcharge"],"relics":["theMarked:ArtifactOfAir","DemoMod:MonsterBlood","hubris:Towel","Black Star","HollowMod:LifeEnderRelic","DemoMod:GlassGuonStoneRelic"],"acts_visited":["Exordium","TheCity"],"potions_floor_usage":[16,16,19,19,24],"damage_taken":[{"damage":1.0,"enemies":"Jaw Worm","floor":1.0,"turns":4.0},{"damage":0.0,"enemies":"Cultist","floor":2.0,"turns":4.0},{"damage":0.0,"enemies":"2 Louse","floor":4.0,"turns":2.0},{"damage":0.0,"enemies":"Looter","floor":5.0,"turns":3.0},{"damage":1.0,"enemies":"Red Slaver","floor":7.0,"turns":4.0},{"damage":7.0,"enemies":"Exordium Wildlife","floor":8.0,"turns":5.0},{"damage":4.0,"enemies":"Looter","floor":10.0,"turns":3.0},{"damage":0.0,"enemies":"Exordium Thugs","floor":11.0,"turns":4.0},{"damage":19.0,"enemies":"Gremlin Nob","floor":12.0,"turns":4.0},{"damage":0.0,"enemies":"Large Slime","floor":14.0,"turns":6.0},{"damage":14,"enemies":"Fading Forest","floor":16,"turns":11},{"damage":6,"enemies":"Chosen","floor":18,"turns":4},{"damage":5,"enemies":"3 Byrds","floor":19,"turns":6},{"damage":29,"enemies":"Snake Plant","floor":22,"turns":4},{"damage":35,"enemies":"Sentry and Sphere","floor":24,"turns":7},{"damage":10,"enemies":"Snecko","floor":25,"turns":3}],"seed_played":"1852151643131411887","potions_obtained":[{"floor":4.0,"key":"blueLaboratory:PolymorphPotion"},{"floor":7.0,"key":"Elixir"},{"floor":10.0,"key":"blueLaboratory:FrostheartPotion"},{"floor":12.0,"key":"GamblersBrew"},{"floor":14.0,"key":"blueLaboratory:EmptyBottle"},{"floor":16,"key":"blueLaboratory:FrostheartPotion"},{"floor":22,"key":"Weak Potion"}],"is_trial":false,"path_per_floor":["M","M","?","M","M","R","M","M","T","M","M","E","?","M","R","B",null,"M","M","?","$","M","R","M","M"],"character_chosen":"THE_DEFAULT","items_purchased":["HollowMod:LifeEnderRelic","theMarked:StartUp"],"campfire_rested":0,"item_purchase_floors":[21,21],"current_hp_per_floor":[76,76,76,76,76,76,75,68,68,64,64,52,52,52,52,48,84,78,73,73,73,44,44,9,0,0],"gold":218,"neow_bonus":"TEN_PERCENT_HP_BONUS","is_daily":false,"chose_seed":false,"campfire_upgraded":2,"win_rate":0.0,"timestamp":1612875197,"path_taken":["M","M","?","M","M","R","M","M","T","?","M","E","?","M","R","BOSS","M","M","?","?","M","R","?","M"],"items_purchased_type":["Relic","Card"],"build_version":"2020-12-22","purchased_purges":0,"victory":false,"max_hp_per_floor":[77,77,77,77,77,77,77,77,77,77,77,84,84,84,84,84,84,84,84,84,84,84,84,84,84,84],"relic_stats":{"counters":[16,74],"Black Star":0,"obtain_stats":[{"theMarked:ArtifactOfAir":0,"HollowMod:LifeEnderRelic":21,"DemoMod:MonsterBlood":12,"DemoMod:GlassGuonStoneRelic":2,"Black Star":17,"hubris:Towel":13},{"theMarked:ArtifactOfAir":0,"HollowMod:LifeEnderRelic":13,"DemoMod:MonsterBlood":9,"DemoMod:GlassGuonStoneRelic":2,"Black Star":11,"hubris:Towel":9},{"theMarked:ArtifactOfAir":0,"HollowMod:LifeEnderRelic":60,"DemoMod:MonsterBlood":33,"DemoMod:GlassGuonStoneRelic":8,"Black Star":50,"hubris:Towel":33}]},"card_choices":[{"not_picked":["theMarked:ComboAttacks","theMarked:WardOff"],"picked":"theMarked:ParalyzingBlade","floor":1.0},{"not_picked":["theMarked:Improvise","theMarked:TheMission"],"picked":"theMarked:SwordAndMagic","floor":2.0},{"not_picked":["theMarked:Improvise","theMarked:Memento","theMarked:BanishingStrike"],"picked":"SKIP","floor":4.0},{"not_picked":["theMarked:WardOff","theMarked:HeightenedSenses"],"picked":"theMarked:ComboAttacks","floor":5.0},{"not_picked":["theMarked:Seal","theMarked:MysticalArsenal"],"picked":"theMarked:EmpowerWeapon","floor":7.0},{"not_picked":["theMarked:EmpowerWeapon","theMarked:ShockingTouch","theMarked:HeightenedSenses"],"picked":"SKIP","floor":8.0},{"not_picked":["theMarked:RogueSparks","theMarked:BanishingStrike"],"picked":"theMarked:Aftermath","floor":10.0},{"not_picked":["theMarked:CreepingChasm","theMarked:WastefulAttack"],"picked":"theMarked:RepellingDischarge","floor":11.0},{"not_picked":["theMarked:EmpowerWeapon","theMarked:ChainLightning"],"picked":"theMarked:EternalStudent","floor":12.0},{"not_picked":["theMarked:EmpowerWeapon","theMarked:Memento"],"picked":"theMarked:TwofoldDefense","floor":14.0},{"not_picked":["theMarked:MagusForm","theMarked:BindingBlade"],"picked":"theMarked:ThrowWeapon","floor":16},{"not_picked":["theMarked:ElectricStrings","theMarked:Pokerface+1","theMarked:SwordAndMagic"],"picked":"SKIP","floor":18},{"not_picked":["theMarked:LightningStrikesTwice","theMarked:WardOff+1","theMarked:ChainLightning"],"picked":"SKIP","floor":19},{"not_picked":["theMarked:Improvise","theMarked:SelfDefenseTraining"],"picked":"theMarked:OneWithTheBlade","floor":22},{"not_picked":["theMarked:MysticalArsenal","theMarked:HeightenedSenses"],"picked":"theMarked:Overcharge","floor":24}],"player_experience":1075787,"relics_obtained":[{"floor":12.0,"key":"DemoMod:MonsterBlood"}],"event_choices":[{"damage_healed":0.0,"max_hp_gain":0.0,"max_hp_loss":0.0,"gold_gain":100.0,"event_name":"Wheel of Change","player_choice":"Gold","floor":3.0,"gold_loss":0.0,"damage_taken":0.0},{"damage_healed":0,"gold_gain":0,"player_choice":"Ignored","damage_taken":0,"max_hp_gain":0,"max_hp_loss":0,"event_name":"betterNote:BetterNote","floor":20,"gold_loss":0,"cards_obtained":["hermit:GhostlyPresence"]}],"is_beta":false,"boss_relics":[{"not_picked":["aspiration:PoetsPen","energizedSpire:NeverEndingSparkler"],"picked":"Black Star"}],"items_purged_floors":[],"is_endless":false,"potions_floor_spawned":[4,7,10,12,14,16,22],"killed_by":"Snecko","ascension_level":0}}