{"host":"ydg0vn0pu4pubmdt","time":1612866802,"event":{"mods":["AchievementEnabler","BaseMod","Colored Map","Gold Saver","Minty Spire (QoL Compilation)","Quick Restart","SuperFastMode"],"gold_per_floor":[741,916,916,335,335,335,370,370,396,406,440,454,471,499,499,601,601,612,631,101,128,145,179,179,193,193,193,292,318,112,129,129,228,228,245,245,95,112,112,142,142,176,203,219,237,248,73,101,101,101],"floor_reached":51,"language":"KOR","playtime":1600,"items_purged":["Doubt","Defend_P","Strike_P","Defend_P","Defend_P"],"score":1325,"play_id":"3029f4a4-109a-4a65-afc9-9ed3f0fb76e7","local_time":"20210209193322","is_ascension_mode":true,"campfire_choices":[{"data":"Eruption","floor":6.0,"key":"SMITH"},{"data":"Vigilance","floor":8.0,"key":"SMITH"},{"data":"MentalFortress","floor":15.0,"key":"SMITH"},{"data":"Scrawl","floor":24.0,"key":"SMITH"},{"data":"Vault","floor":27.0,"key":"SMITH"},{"data":"Adaptation","floor":32.0,"key":"SMITH"},{"data":"Vault","floor":41,"key":"SMITH"},{"data":"Tantrum","floor":49,"key":"SMITH"}],"circlet_count":0,"master_deck":["Strike_P","Defend_P","Eruption+1","Vigilance+1","EmptyFist","MentalFortress+1","FollowUp","WheelKick","Vault+1","Master of Strategy","EmptyBody+1","Scrawl+1","Tantrum+1","Adaptation+1","Vault+1"],"relics":["PureWater","Darkstone Periapt","TeardropLocket","Question Card","Omamori","Dream Catcher","Mummified Hand","HornCleat","Cursed Key","White Beast Statue","Red Mask","Blue Candle","Shuriken","Damaru","Runic Pyramid","InkBottle","Centennial Puzzle","Art of War","Lantern"],"acts_visited":["Exordium","TheCity","TheBeyond"],"potions_floor_usage":[33,50,50,50],"damage_taken":[{"damage":0.0,"enemies":"Small Slimes","floor":1.0,"turns":2.0},{"damage":16.0,"enemies":"Gremlin Nob","floor":7.0,"turns":3.0},{"damage":0.0,"enemies":"Jaw Worm","floor":10.0,"turns":2.0},{"damage":5.0,"enemies":"3 Sentries","floor":11.0,"turns":7.0},{"damage":1.0,"enemies":"Cultist","floor":12.0,"turns":3.0},{"damage":4.0,"enemies":"Red Slaver","floor":13.0,"turns":4.0},{"damage":2.0,"enemies":"Gremlin Nob","floor":14.0,"turns":3.0},{"damage":21.0,"enemies":"The Guardian","floor":16.0,"turns":11.0},{"damage":0.0,"enemies":"3 Byrds","floor":18.0,"turns":5.0},{"damage":0.0,"enemies":"Spheric Guardian","floor":19.0,"turns":2.0},{"damage":0.0,"enemies":"Masked Bandits","floor":21.0,"turns":4.0},{"damage":2.0,"enemies":"Snecko","floor":22.0,"turns":5.0},{"damage":2.0,"enemies":"Slavers","floor":23.0,"turns":9.0},{"damage":3.0,"enemies":"Centurion and Healer","floor":25.0,"turns":4.0},{"damage":0.0,"enemies":"Gremlin Leader","floor":29.0,"turns":3.0},{"damage":0.0,"enemies":"3 Cultists","floor":31.0,"turns":3.0},{"damage":4,"enemies":"Collector","floor":33,"turns":5},{"damage":0,"enemies":"3 Darklings","floor":35,"turns":2},{"damage":0,"enemies":"3 Shapes","floor":38,"turns":2},{"damage":0,"enemies":"Nemesis","floor":40,"turns":2},{"damage":0,"enemies":"Giant Head","floor":42,"turns":5},{"damage":0,"enemies":"Transient","floor":44,"turns":6},{"damage":0,"enemies":"Spire Growth","floor":45,"turns":3},{"damage":0,"enemies":"Writhing Mass","floor":46,"turns":4},{"damage":0,"enemies":"Nemesis","floor":48,"turns":3},{"damage":0,"enemies":"Awakened One","floor":50,"turns":2}],"seed_played":"-1901789789924055554","potions_obtained":[{"floor":0.0,"key":"Dexterity Potion"},{"floor":0.0,"key":"Block Potion"},{"floor":0.0,"key":"Energy Potion"},{"floor":1.0,"key":"FearPotion"},{"floor":11.0,"key":"Energy Potion"},{"floor":13.0,"key":"Energy Potion"},{"floor":14.0,"key":"PowerPotion"},{"floor":19.0,"key":"Ambrosia"},{"floor":21.0,"key":"Regen Potion"},{"floor":22.0,"key":"FairyPotion"},{"floor":23.0,"key":"ColorlessPotion"},{"floor":25.0,"key":"PowerPotion"},{"floor":29.0,"key":"Fire Potion"},{"floor":33,"key":"SteroidPotion"},{"floor":42,"key":"Strength Potion"},{"floor":44,"key":"SteroidPotion"},{"floor":45,"key":"FearPotion"}],"is_trial":false,"path_per_floor":["M","?","T","$","?","R","E","R","T","M","E","M","M","E","R","B",null,"M","M","$","?","M","E","R","M","T","R","?","E","$","M","R","B",null,"M","?","$","M","?","E","R","E","T","M","M","M","$","E","R","B",null],"character_chosen":"WATCHER","items_purchased":["TeardropLocket","Question Card","White Beast Statue","Master of Strategy","Adaptation"],"campfire_rested":0,"item_purchase_floors":[4,4,20,20,30],"current_hp_per_floor":[65,65,65,65,65,65,49,49,49,49,44,43,39,37,37,16,58,58,58,58,58,56,69,69,66,66,66,66,66,66,66,66,62,70,70,70,70,70,60,60,60,60,60,60,60,60,60,60,60,60],"gold":101,"neow_bonus":"THREE_SMALL_POTIONS","is_daily":false,"chose_seed":false,"campfire_upgraded":8,"win_rate":0.0,"timestamp":1612866802,"path_taken":["M","?","?","$","?","R","E","R","T","?","E","M","M","E","R","BOSS","M","M","$","?","M","E","R","M","T","R","?","E","$","M","R","BOSS","M","?","$","M","?","E","R","E","T","?","M","M","$","E","R","BOSS"],"items_purchased_type":["Relic","Relic","Relic","Card","Card"],"build_version":"2020-12-22","purchased_purges":5,"victory":true,"max_hp_per_floor":[72,72,72,72,72,72,72,72,72,72,72,72,72,72,72,72,72,72,72,72,72,72,72,72,72,72,72,72,72,72,72,72,72,72,72,72,72,72,72,72,72,72,72,72,72,72,72,72,72,72],"card_choices":[{"not_picked":["WreathOfFlame","Crescendo"],"picked":"EmptyFist","floor":1.0},{"not_picked":["Wallop","PathToVictory","Worship","WindmillStrike"],"picked":"SKIP","floor":7.0},{"not_picked":["FollowUp","Halt","BowlingBash"],"picked":"MentalFortress","floor":10.0},{"not_picked":["PathToVictory","Crescendo","BowlingBash","CutThroughFate"],"picked":"SKIP","floor":11.0},{"not_picked":["EmptyFist","SandsOfTime","WindmillStrike","Crescendo"],"picked":"SKIP","floor":12.0},{"not_picked":["Establishment","FlyingSleeves","EmptyFist"],"picked":"FollowUp","floor":13.0},{"not_picked":["FlyingSleeves","Ragnarok","Halt"],"picked":"WheelKick","floor":14.0},{"not_picked":["Blasphemy","MasterReality","Omniscience"],"picked":"Vault","floor":16.0},{"not_picked":["Protect","CrushJoints","WreathOfFlame+1","Vengeance"],"picked":"SKIP","floor":18.0},{"not_picked":["CutThroughFate","Vengeance+1","Sanctity","Meditate"],"picked":"SKIP","floor":19.0},{"not_picked":["CrushJoints","ThirdEye","Vengeance+1"],"picked":"EmptyBody+1","floor":21.0},{"not_picked":["BowlingBash","SpiritShield","SashWhip","JustLucky"],"picked":"SKIP","floor":22.0},{"not_picked":["Collect","ForeignInfluence+1","ThirdEye"],"picked":"Scrawl","floor":23.0},{"not_picked":["TalkToTheHand","Vengeance","FollowUp","FlyingSleeves+1"],"picked":"SKIP","floor":25.0},{"not_picked":["FlyingSleeves","CutThroughFate+1","ReachHeaven"],"picked":"Tantrum","floor":29.0},{"not_picked":["CarveReality+1","SashWhip","Indignation","EmptyFist"],"picked":"SKIP","floor":31.0},{"not_picked":["ConjureBlade","Judgement","SpiritShield"],"picked":"Vault","floor":33},{"not_picked":["BowlingBash","Swivel","Wireheading+1","SignatureMove"],"picked":"SKIP","floor":35},{"not_picked":["MentalFortress+1","ThirdEye","Wireheading","Consecrate+1"],"picked":"SKIP","floor":38},{"not_picked":["Tantrum","Perseverance","CutThroughFate+1","FlurryOfBlows"],"picked":"SKIP","floor":40},{"not_picked":["Worship+1","Swivel+1","BowlingBash","FollowUp+1"],"picked":"SKIP","floor":42},{"not_picked":["Prostrate+1","Evaluate+1","FlyingSleeves+1","Crescendo"],"picked":"SKIP","floor":44},{"not_picked":["Study","SignatureMove+1","EmptyBody","Nirvana"],"picked":"SKIP","floor":45},{"not_picked":["ClearTheMind","ThirdEye+1","Prostrate+1","Evaluate"],"picked":"SKIP","floor":46},{"not_picked":["Scrawl","DeceiveReality+1","Omniscience","Halt+1"],"picked":"SKIP","floor":48}],"player_experience":512417,"relics_obtained":[{"floor":3.0,"key":"Darkstone Periapt"},{"floor":7.0,"key":"Omamori"},{"floor":9.0,"key":"Dream Catcher"},{"floor":11.0,"key":"Mummified Hand"},{"floor":14.0,"key":"HornCleat"},{"floor":21.0,"key":"Red Mask"},{"floor":23.0,"key":"Blue Candle"},{"floor":26.0,"key":"Shuriken"},{"floor":29.0,"key":"Damaru"},{"floor":40,"key":"InkBottle"},{"floor":42,"key":"Centennial Puzzle"},{"floor":43,"key":"Art of War"},{"floor":48,"key":"Lantern"}],"event_choices":[{"damage_healed":0.0,"max_hp_gain":0.0,"max_hp_loss":0.0,"gold_gain":175.0,"event_name":"Liars Game","player_choice":"AGREE","floor":2.0,"gold_loss":0.0,"damage_taken":0.0,"cards_obtained":["Doubt"]},{"cards_removed":["Strike_P"],"damage_healed":0.0,"max_hp_gain":0.0,"max_hp_loss":0.0,"gold_gain":0.0,"event_name":"Wheel of Change","player_choice":"Card Removal","floor":5.0,"gold_loss":0.0,"damage_taken":0.0},{"damage_healed":0.0,"max_hp_gain":0.0,"max_hp_loss":0.0,"gold_gain":0.0,"event_name":"Masked Bandits","player_choice":"Fought Bandits","floor":21.0,"gold_loss":0.0,"damage_taken":0.0},{"damage_healed":0.0,"max_hp_gain":0.0,"max_hp_loss":0.0,"gold_gain":99.0,"event_name":"Nest","player_choice":"Stole From Cult","floor":28.0,"gold_loss":0.0,"damage_taken":0.0},{"cards_removed":["Strike_P"],"damage_healed":0,"gold_gain":0,"player_choice":"Removed Attack","damage_taken":0,"max_hp_gain":0,"max_hp_loss":0,"event_name":"Falling","floor":36,"gold_loss":0},{"damage_healed":0,"gold_gain":0,"player_choice":"Memory 3","damage_taken":10,"max_hp_gain":0,"max_hp_loss":0,"event_name":"SensoryStone","floor":39,"gold_loss":0}],"is_beta":false,"boss_relics":[{"not_picked":["Velvet Choker","SlaversCollar"],"picked":"Cursed Key"},{"not_picked":["Philosopher\u0027s Stone","Runic Dome"],"picked":"Runic Pyramid"}],"items_purged_floors":[4,20,30,37,47],"is_endless":false,"potions_floor_spawned":[1,11,13,14,19,21,22,23,25,29,31,33,35,38,40,42,44,45,46,48],"ascension_level":8}}