{"host":"3y2rtlgteqp2nuo3","time":1612868391,"event":{"mods":["2.2 Compatiblity","AchievementEnabler","BaseMod","Colored Map","DeckTracker","Highlight Path","Keyboard Shortcuts","Minty Spire (QoL Compilation)","Permanent Neow","Quick Restart","StSLib","SuperFastMode","everything is the same but u backflip on backflip"],"gold_per_floor":[116,130,147,72,72,72,147,166,190,210,223,223,88,124,124,233,233,251,61,87,25,42,42,71,71,71,86,96,119,144,171,171,171,171],"floor_reached":33,"language":"KOR","playtime":798,"items_purged":["Strike_R","Strike_R"],"score":420,"play_id":"5a0e345f-c82c-4b8b-abbe-f9de10fc1a41","local_time":"20210209195951","is_ascension_mode":true,"campfire_choices":[{"data":"Bash","floor":6.0,"key":"SMITH"},{"data":"Heavy Blade","floor":12.0,"key":"SMITH"},{"floor":15.0,"key":"REST"},{"floor":23.0,"key":"REST"},{"data":"Limit Break","floor":25.0,"key":"SMITH"},{"floor":32.0,"key":"REST"}],"circlet_count":0,"master_deck":["AscendersBane","Strike_R","Strike_R","Defend_R","Defend_R","Defend_R","Defend_R","Bash+1","Deep Breath","Heavy Blade+1","Sword Boomerang","Spot Weakness","Inflame","Reaper","Armaments","Berserk","Evolve","Blood for Blood","Battle Trance+1","Limit Break+1","Fire Breathing","Shrug It Off","Shrug It Off","Headbutt"],"relics":["Burning Blood","Bronze Scales","CeramicFish","Mark of Pain","Gremlin Horn"],"acts_visited":["Exordium","TheCity"],"potions_floor_usage":[],"damage_taken":[{"damage":0.0,"enemies":"2 Louse","floor":1.0,"turns":2.0},{"damage":8.0,"enemies":"Small Slimes","floor":2.0,"turns":4.0},{"damage":6.0,"enemies":"Cultist","floor":3.0,"turns":3.0},{"damage":35.0,"enemies":"Gremlin Gang","floor":8.0,"turns":7.0},{"damage":6.0,"enemies":"Looter","floor":10.0,"turns":3.0},{"damage":12.0,"enemies":"Red Slaver","floor":11.0,"turns":4.0},{"damage":45.0,"enemies":"3 Sentries","floor":14.0,"turns":6.0},{"damage":41.0,"enemies":"Slime Boss","floor":16.0,"turns":10.0},{"damage":15.0,"enemies":"Chosen","floor":18.0,"turns":4.0},{"damage":19.0,"enemies":"Spheric Guardian","floor":20.0,"turns":4.0},{"damage":31.0,"enemies":"Chosen and Byrds","floor":22.0,"turns":4.0},{"damage":29.0,"enemies":"Snecko","floor":24.0,"turns":4.0},{"damage":18.0,"enemies":"Snake Plant","floor":27.0,"turns":3.0},{"damage":34.0,"enemies":"Centurion and Healer","floor":28.0,"turns":4.0},{"damage":3.0,"enemies":"Chosen and Byrds","floor":29.0,"turns":4.0},{"damage":11.0,"enemies":"Cultist and Chosen","floor":30.0,"turns":5.0},{"damage":9.0,"enemies":"Snake Plant","floor":31.0,"turns":4.0},{"damage":118,"enemies":"Collector","floor":33,"turns":6}],"seed_played":"-8020126270026582944","potions_obtained":[{"floor":2.0,"key":"BlessingOfTheForge"},{"floor":8.0,"key":"Ancient Potion"},{"floor":10.0,"key":"DuplicationPotion"},{"floor":16.0,"key":"BloodPotion"},{"floor":22.0,"key":"Strength Potion"},{"floor":24.0,"key":"Weak Potion"},{"floor":31.0,"key":"Fruit Juice"}],"is_trial":false,"path_per_floor":["M","M","M","$","?","R","?","M","T","M","M","R","$","E","R","B",null,"M","$","M","$","M","R","M","R","T","M","M","M","M","M","R","B"],"character_chosen":"IRONCLAD","items_purchased":["Reaper","Evolve","Blood for Blood","Limit Break"],"campfire_rested":3,"item_purchase_floors":[13,19,19,21],"current_hp_per_floor":[78,76,76,76,69,69,61,32,32,32,26,26,26,11,35,20,65,56,56,43,43,34,58,53,53,53,41,13,28,49,58,83,0,0],"gold":171,"neow_bonus":"RANDOM_COLORLESS","is_daily":false,"chose_seed":false,"campfire_upgraded":3,"win_rate":0.0,"timestamp":1612868391,"path_taken":["M","M","M","$","?","R","?","M","T","M","M","R","$","E","R","BOSS","M","$","M","$","M","R","M","R","T","M","M","M","M","M","R","BOSS"],"items_purchased_type":["Card","Card","Card","Card"],"build_version":"2020-12-22","purchased_purges":2,"victory":false,"max_hp_per_floor":[80,80,80,80,80,80,80,80,80,80,80,80,80,80,80,80,80,80,80,80,80,80,80,80,80,80,80,80,80,80,85,85,85,85],"card_choices":[{"not_picked":["Purity","Jack Of All Trades"],"picked":"Deep Breath","floor":0.0},{"not_picked":["Warcry","Infernal Blade"],"picked":"Heavy Blade","floor":1.0},{"not_picked":["Hemokinesis","Heavy Blade","Rampage"],"picked":"SKIP","floor":2.0},{"not_picked":["Twin Strike","Clash"],"picked":"Sword Boomerang","floor":3.0},{"not_picked":["True Grit","Carnage"],"picked":"Spot Weakness","floor":8.0},{"not_picked":["Warcry","Thunderclap"],"picked":"Inflame","floor":10.0},{"not_picked":["Dual Wield","Thunderclap","Flex"],"picked":"SKIP","floor":11.0},{"not_picked":["Dual Wield","Thunderclap","Flex"],"picked":"SKIP","floor":11.0},{"not_picked":["Battle Trance","Sword Boomerang"],"picked":"Armaments","floor":14.0},{"not_picked":["Impervious","Corruption"],"picked":"Berserk","floor":16.0},{"not_picked":["Intimidate","Combust+1","Sever Soul+1"],"picked":"SKIP","floor":18.0},{"not_picked":["Disarm+1","Cleave"],"picked":"Battle Trance+1","floor":20.0},{"not_picked":["Heavy Blade","Armaments","Cleave"],"picked":"SKIP","floor":22.0},{"not_picked":["Cleave","Perfected Strike"],"picked":"Fire Breathing","floor":24.0},{"not_picked":["Heavy Blade","Infernal Blade+1","Cleave+1"],"picked":"SKIP","floor":27.0},{"not_picked":["Cleave","Barricade","Rupture"],"picked":"SKIP","floor":28.0},{"not_picked":["Headbutt","Dropkick"],"picked":"Shrug It Off","floor":29.0},{"not_picked":["Anger","Warcry"],"picked":"Shrug It Off","floor":30.0},{"not_picked":["Thunderclap+1","Dropkick"],"picked":"Headbutt","floor":31.0}],"player_experience":771514,"relics_obtained":[{"floor":9.0,"key":"Bronze Scales"},{"floor":14.0,"key":"CeramicFish"},{"floor":26.0,"key":"Gremlin Horn"}],"event_choices":[{"cards_removed":["Strike_R"],"damage_healed":0.0,"max_hp_gain":0.0,"max_hp_loss":0.0,"gold_gain":0.0,"event_name":"Golden Wing","player_choice":"Card Removal","floor":5.0,"gold_loss":0.0,"damage_taken":7.0},{"damage_healed":0.0,"max_hp_gain":0.0,"max_hp_loss":0.0,"gold_gain":75.0,"event_name":"FaceTrader","player_choice":"Touch","floor":7.0,"gold_loss":0.0,"damage_taken":8.0}],"is_beta":false,"boss_relics":[{"not_picked":["Calling Bell","Philosopher\u0027s Stone"],"picked":"Mark of Pain"}],"items_purged_floors":[4,19],"is_endless":false,"potions_floor_spawned":[2,8,10,16,18,22,24,31],"killed_by":"Collector","ascension_level":10}}