{"host":"aelxjre69umlx7r4","time":1612868661,"event":{"mods":["AchievementEnabler","BaseMod","Colored Map","DeckTracker","Highlight Path","Keyboard Shortcuts","Minty Spire (QoL Compilation)","Permanent Neow","SuperFastMode"],"gold_per_floor":[116,127,14,14,14,43,43,71,71,89,89,102,117,135,135,240,240,257,19,38,56,67,67,94,144,144,156,172,172,48,68,68,164,164,176,176,176],"floor_reached":36,"language":"KOR","playtime":2139,"items_purged":["Strike_G","Strike_G"],"score":493,"play_id":"1558e369-1ae8-4146-bb49-a6fb60ec868e","local_time":"20210209200421","is_ascension_mode":true,"campfire_choices":[{"data":"Dagger Throw","floor":7.0,"key":"SMITH"},{"floor":15.0,"key":"REST"},{"floor":23.0,"key":"REST"},{"data":"Calculated Gamble","floor":29.0,"key":"SMITH"},{"floor":32.0,"key":"REST"}],"circlet_count":0,"master_deck":["Strike_G","Defend_G","Defend_G","Defend_G","Defend_G","Defend_G","Survivor","Neutralize","Finisher+1","Footwork","Noxious Fumes","Dagger Throw+1","Cloak And Dagger","Finisher","After Image","Blur","A Thousand Cuts","Acrobatics","PiercingWail+1","Underhanded Strike+1","Blade Dance+1","Calculated Gamble+1","Blade Dance","Prepared","After Image","PiercingWail+1"],"relics":["Ring of the Snake","Unceasing Top","The Specimen","Ornamental Fan","HoveringKite","Shuriken","Pear","SacredBark"],"acts_visited":["Exordium","TheCity","TheBeyond"],"potions_floor_usage":[33],"damage_taken":[{"damage":2.0,"enemies":"Small Slimes","floor":1.0,"turns":5.0},{"damage":0.0,"enemies":"Cultist","floor":2.0,"turns":3.0},{"damage":34.0,"enemies":"Gremlin Nob","floor":6.0,"turns":5.0},{"damage":13.0,"enemies":"3 Sentries","floor":8.0,"turns":8.0},{"damage":4.0,"enemies":"2 Louse","floor":10.0,"turns":2.0},{"damage":0.0,"enemies":"Lots of Slimes","floor":12.0,"turns":6.0},{"damage":4.0,"enemies":"Large Slime","floor":13.0,"turns":7.0},{"damage":3.0,"enemies":"Exordium Thugs","floor":14.0,"turns":5.0},{"damage":0.0,"enemies":"Hexaghost","floor":16.0,"turns":11.0},{"damage":19.0,"enemies":"Spheric Guardian","floor":18.0,"turns":7.0},{"damage":18.0,"enemies":"3 Byrds","floor":20.0,"turns":5.0},{"damage":21.0,"enemies":"Snake Plant","floor":21.0,"turns":7.0},{"damage":9.0,"enemies":"Centurion and Healer","floor":22.0,"turns":9.0},{"damage":12.0,"enemies":"Book of Stabbing","floor":24.0,"turns":6.0},{"damage":1.0,"enemies":"3 Cultists","floor":27.0,"turns":5.0},{"damage":6.0,"enemies":"Chosen and Byrds","floor":28.0,"turns":4.0},{"damage":2.0,"enemies":"Centurion and Healer","floor":31.0,"turns":6.0},{"damage":18,"enemies":"Champ","floor":33,"turns":7},{"damage":38,"enemies":"3 Darklings","floor":35,"turns":4},{"damage":54,"enemies":"3 Shapes","floor":36,"turns":3}],"seed_played":"5473993742540293371","potions_obtained":[{"floor":1.0,"key":"ColorlessPotion"},{"floor":6.0,"key":"SteroidPotion"},{"floor":10.0,"key":"Ancient Potion"},{"floor":12.0,"key":"Strength Potion"},{"floor":14.0,"key":"DistilledChaos"},{"floor":21.0,"key":"Strength Potion"},{"floor":27.0,"key":"Dexterity Potion"}],"is_trial":false,"path_per_floor":["M","M","$","?","$","E","R","E","T","M","?","M","M","M","R","B",null,"M","$","M","M","M","R","E","?","T","M","M","R","$","M","R","B",null,"M","M"],"character_chosen":"THE_SILENT","items_purchased":["Noxious Fumes","Shuriken","Blade Dance"],"campfire_rested":3,"item_purchase_floors":[3,19,30],"current_hp_per_floor":[68,68,68,68,68,34,34,21,21,17,17,17,13,10,31,31,70,51,51,33,12,3,24,22,22,22,21,15,15,15,13,37,19,80,42,0,0],"gold":176,"neow_bonus":"REMOVE_CARD","is_daily":false,"chose_seed":false,"campfire_upgraded":2,"win_rate":0.0,"timestamp":1612868661,"path_taken":["M","M","$","?","?","E","R","E","T","M","?","M","M","M","R","BOSS","M","?","M","M","M","R","E","?","T","?","M","R","$","M","R","BOSS","M","M"],"items_purchased_type":["Card","Relic","Card"],"build_version":"2020-12-22","purchased_purges":2,"victory":false,"max_hp_per_floor":[70,70,70,70,70,70,70,70,70,70,70,70,70,70,70,70,70,70,70,70,70,70,70,80,80,80,80,80,80,80,80,80,80,80,80,80,80],"card_choices":[{"not_picked":["Backstab","Escape Plan"],"picked":"Finisher","floor":1.0},{"not_picked":["Blade Dance","Dagger Spray"],"picked":"Footwork","floor":2.0},{"not_picked":["Calculated Gamble","Flying Knee"],"picked":"Dagger Throw","floor":6.0},{"not_picked":["Quick Slash","Dodge and Roll","Distraction"],"picked":"SKIP","floor":8.0},{"not_picked":["Flying Knee","Bouncing Flask"],"picked":"Cloak And Dagger","floor":10.0},{"not_picked":["Dagger Throw","Slice"],"picked":"Finisher","floor":12.0},{"not_picked":["Slice","Dagger Spray"],"picked":"After Image","floor":13.0},{"not_picked":["Outmaneuver","Bouncing Flask"],"picked":"Blur","floor":14.0},{"not_picked":["Tools of the Trade","Unload"],"picked":"A Thousand Cuts","floor":16.0},{"not_picked":["Slice","Distraction"],"picked":"Acrobatics","floor":18.0},{"not_picked":["Dagger Throw","Expertise"],"picked":"PiercingWail+1","floor":21.0},{"not_picked":["PiercingWail","Outmaneuver"],"picked":"Underhanded Strike+1","floor":22.0},{"not_picked":["Doppelganger","Acrobatics"],"picked":"Blade Dance+1","floor":24.0},{"not_picked":["Outmaneuver","Dodge and Roll+1","Deflect+1"],"picked":"SKIP","floor":27.0},{"not_picked":["Dodge and Roll+1","Catalyst+1"],"picked":"Calculated Gamble","floor":28.0},{"not_picked":["Blade Dance","Backstab+1"],"picked":"Prepared","floor":31.0},{"not_picked":["Storm of Steel","Venomology"],"picked":"After Image","floor":33},{"not_picked":["Backstab+1","Prepared"],"picked":"PiercingWail+1","floor":35}],"player_experience":432763,"relics_obtained":[{"floor":6.0,"key":"Unceasing Top"},{"floor":8.0,"key":"The Specimen"},{"floor":9.0,"key":"Ornamental Fan"},{"floor":24.0,"key":"Pear"}],"event_choices":[{"damage_healed":0.0,"max_hp_gain":0.0,"max_hp_loss":0.0,"gold_gain":0.0,"event_name":"Upgrade Shrine","player_choice":"Upgraded","floor":4.0,"gold_loss":0.0,"damage_taken":0.0,"cards_upgraded":["Finisher"]},{"cards_removed":["Strike_G"],"damage_healed":0.0,"max_hp_gain":0.0,"max_hp_loss":0.0,"gold_gain":0.0,"event_name":"Purifier","player_choice":"Purged","floor":11.0,"gold_loss":0.0,"damage_taken":0.0},{"damage_healed":0.0,"max_hp_gain":0.0,"max_hp_loss":0.0,"gold_gain":100.0,"event_name":"The Joust","player_choice":"Bet on Murderer","floor":25.0,"gold_loss":50.0,"damage_taken":0.0}],"is_beta":false,"boss_relics":[{"not_picked":["Pandora\u0027s Box","Fusion Hammer"],"picked":"HoveringKite"},{"not_picked":["Tiny House","Philosopher\u0027s Stone"],"picked":"SacredBark"}],"items_purged_floors":[3,30],"is_endless":false,"potions_floor_spawned":[1,6,10,12,14,21,22,27,28],"killed_by":"3 Shapes","ascension_level":2}}