{"host":"5rycm1ajjg5acc5q","time":1612830855,"event":{"mods":["BaseMod","Better Third Choice","Downfall","Highlight Path","Minty Spire (QoL Compilation)","Replay The Spire","StSLib"],"gold_per_floor":[109,109,109,34,50,50,75,75,101,118,135,153,153,164,164,259,259,276,295,295,295,220,220,234,246,325,325,325,352,352,367,367,462,462,478,84,84,95,0,0,33,33,80,112,129,139,166,166,166,166,166,166,16,16,16],"floor_reached":54,"language":"ENG","playtime":5640,"items_purged":["Defend_P","Strike_P"],"score":930,"play_id":"85d6c91e-b1c3-4b17-86e1-0481b1b532e5","local_time":"20210208183415","is_ascension_mode":true,"campfire_choices":[{"data":"Eruption","floor":6,"key":"SMITH"},{"floor":8,"key":"REST"},{"data":"Omniscience","floor":13,"key":"SMITH"},{"data":"Wallop","floor":15,"key":"SMITH"},{"data":"Establishment","floor":23,"key":"SMITH"},{"data":"TalkToTheHand","floor":28,"key":"SMITH"},{"data":"DeceiveReality","floor":30,"key":"SMITH"},{"floor":32,"key":"RECALL"},{"data":"Vigilance","floor":40,"key":"SMITH"},{"data":"SignatureMove","floor":42,"key":"SMITH"},{"data":"TalkToTheHand","floor":49,"key":"SMITH"},{"data":"Swivel","floor":52,"key":"SMITH"}],"circlet_count":0,"master_deck":["Strike_P","Strike_P","Strike_P","Defend_P","Eruption+1","Vigilance+1","Vengeance+1","Wireheading+1","WheelKick","Wallop+1","DeceiveReality+1","Omniscience+1","Prostrate","SignatureMove+1","Establishment+1","Replay:BluntJabs+1","TalkToTheHand+1","WindmillStrike","Consecrate+1","WindmillStrike","DeceiveReality+1","Swivel+1","Vault+1","Indignation+1","Swift Strike","EmptyFist+1","MentalFortress+1","TalkToTheHand+1","Fasting2+1","Meditate+1","Vault+1"],"relics":["PureWater","Gremlin Horn","Dream Catcher","Lantern","Coffee Dripper","Blood Vial","VioletLotus","Guide Book","Kunai","Red Mask","ReplayTheSpireMod:TigerMarble","Oddly Smooth Stone","Durian","Shuriken"],"acts_visited":["Exordium","TheCity","TheBeyond","TheEnding"],"potions_floor_usage":[16,19,24,29,29,31,33,35,44,47,54],"damage_taken":[{"damage":0,"enemies":"Cultist","floor":1,"turns":4},{"damage":0,"enemies":"Small Slimes","floor":5,"turns":2},{"damage":33,"enemies":"3 Sentries","floor":7,"turns":6},{"damage":0,"enemies":"Jaw Worm","floor":10,"turns":1},{"damage":0,"enemies":"Blue Slaver","floor":11,"turns":2},{"damage":0,"enemies":"Exordium Wildlife","floor":12,"turns":1},{"damage":0,"enemies":"Large Slime","floor":14,"turns":2},{"damage":26,"enemies":"The Guardian","floor":16,"turns":5},{"damage":12,"enemies":"Shell Parasite","floor":18,"turns":4},{"damage":14,"enemies":"2 Thieves","floor":19,"turns":3},{"damage":16,"enemies":"Snecko","floor":24,"turns":4},{"damage":0,"enemies":"3 Cultists","floor":25,"turns":3},{"damage":0,"enemies":"Book of Stabbing","floor":29,"turns":6},{"damage":0,"enemies":"Centurion and Healer","floor":31,"turns":4},{"damage":7,"enemies":"Collector","floor":33,"turns":5},{"damage":0,"enemies":"3 Darklings","floor":35,"turns":4},{"damage":14,"enemies":"3 Shapes","floor":38,"turns":3},{"damage":0,"enemies":"Giant Head","floor":41,"turns":7},{"damage":0,"enemies":"Reptomancer","floor":44,"turns":6},{"damage":1,"enemies":"3 Darklings","floor":45,"turns":3},{"damage":3,"enemies":"4 Shapes","floor":46,"turns":3},{"damage":0,"enemies":"Nemesis","floor":47,"turns":5},{"damage":30,"enemies":"Donu and Deca","floor":50,"turns":8},{"damage":96,"enemies":"Shield and Spear","floor":54,"turns":4}],"seed_played":"8414791593819163667","potions_obtained":[{"floor":1,"key":"Energy Potion"},{"floor":11,"key":"Weak Potion"},{"floor":12,"key":"sneckomod:MuddlingPotion"},{"floor":14,"key":"PowerPotion"},{"floor":16,"key":"EssenceOfSteel"},{"floor":18,"key":"LiquidBronze"},{"floor":25,"key":"Languid Potion"},{"floor":29,"key":"LifebloodPotion"},{"floor":31,"key":"PowerPotion"},{"floor":33,"key":"SkillPotion"},{"floor":35,"key":"Explosive Potion"},{"floor":45,"key":"BottledMiracle"}],"is_trial":false,"path_per_floor":["M","T","?","$","M","R","E","R","T","M","M","M","R","M","R","B",null,"M","M","?","?","?","R","M","M","T","?","R","E","R","M","R","B",null,"M","$","?","M","?","R","E","R","T","E","M","M","E","?","R","B",null,"R","$","E"],"character_chosen":"WATCHER","items_purchased":["Guide Book","Kunai","AttackPotion"],"campfire_rested":1,"item_purchase_floors":[36,36,53],"current_hp_per_floor":[72,72,72,72,72,72,39,60,60,60,60,60,60,60,60,34,72,60,46,70,70,70,70,54,54,54,54,54,54,54,56,56,51,72,72,72,72,58,58,58,60,60,60,67,68,67,69,69,69,41,77,77,77,0,0],"gold":16,"neow_bonus":"REMOVE_CARD","is_daily":false,"chose_seed":false,"campfire_upgraded":10,"win_rate":0.0,"timestamp":1612830855,"path_taken":["M","?","?","?","?","R","E","R","T","M","M","M","R","M","R","BOSS","M","M","?","?","?","R","M","M","T","?","R","E","R","?","R","BOSS","M","$","?","M","?","R","E","R","T","E","M","M","E","?","R","BOSS","R","$","E"],"items_purchased_type":["Relic","Relic","Potion"],"build_version":"2020-12-22","purchased_purges":2,"victory":false,"max_hp_per_floor":[72,72,72,72,72,72,72,72,72,72,72,72,72,72,72,72,72,72,72,72,72,72,72,72,72,72,72,72,72,72,72,72,72,72,72,72,72,72,72,72,72,72,72,77,77,77,77,77,77,77,77,77,77,77,77],"card_choices":[{"not_picked":["Collect","Protect"],"picked":"FearNoEvil","floor":1},{"not_picked":["Halt","Weave"],"picked":"Wireheading","floor":5},{"not_picked":["Protect","EmptyBody"],"picked":"WheelKick","floor":7},{"not_picked":["FlyingSleeves","JustLucky"],"picked":"Wallop","floor":8},{"not_picked":["Prostrate","BowlingBash"],"picked":"DeceiveReality","floor":10},{"not_picked":["CutThroughFate","CrushJoints"],"picked":"Omniscience","floor":11},{"not_picked":["CarveReality","Indignation"],"picked":"Prostrate","floor":12},{"not_picked":["Evaluate","FlyingSleeves"],"picked":"SignatureMove","floor":14},{"not_picked":["SpiritShield","DeusExMachina"],"picked":"Establishment","floor":16},{"not_picked":["Tantrum","Protect"],"picked":"Replay:BluntJabs+1","floor":18},{"not_picked":["ClearTheMind","Consecrate"],"picked":"TalkToTheHand","floor":19},{"not_picked":["Replay:Battleflow","JustLucky+1"],"picked":"WindmillStrike","floor":24},{"not_picked":["ReachHeaven","ForeignInfluence"],"picked":"Consecrate+1","floor":25},{"not_picked":["ForeignInfluence","Alpha"],"picked":"DeceiveReality+1","floor":29},{"not_picked":["Wireheading","ForeignInfluence"],"picked":"Swivel","floor":31},{"not_picked":["Judgement","ConjureBlade"],"picked":"Vault","floor":33},{"not_picked":["Evaluate+1","FlurryOfBlows+1"],"picked":"Indignation+1","floor":35},{"not_picked":["Survey Options","HandOfGreed"],"picked":"Swift Strike","floor":37},{"not_picked":["FlyingSleeves","CrushJoints+1"],"picked":"EmptyFist+1","floor":38},{"not_picked":["SignatureMove+1","SpiritShield"],"picked":"MentalFortress+1","floor":41},{"not_picked":["Evaluate+1","Replay:Vibes","CrushJoints+1"],"picked":"SKIP","floor":44},{"not_picked":["JustLucky+1","ForeignInfluence+1"],"picked":"TalkToTheHand","floor":45},{"not_picked":["Meditate","EmptyBody"],"picked":"Fasting2+1","floor":46},{"not_picked":["SignatureMove","BattleHymn"],"picked":"Meditate+1","floor":47}],"player_experience":310143,"relics_obtained":[{"floor":2,"key":"Gremlin Horn"},{"floor":7,"key":"Dream Catcher"},{"floor":9,"key":"Lantern"},{"floor":29,"key":"Blood Vial"},{"floor":41,"key":"ReplayTheSpireMod:TigerMarble"},{"floor":43,"key":"Oddly Smooth Stone"},{"floor":44,"key":"Durian"},{"floor":47,"key":"Shuriken"}],"event_choices":[{"damage_healed":24,"gold_gain":0,"player_choice":"Heal","damage_taken":0,"max_hp_gain":0,"max_hp_loss":0,"event_name":"The Library","floor":20,"gold_loss":0},{"cards_removed":["Defend_P"],"damage_healed":0,"gold_gain":0,"player_choice":"Gave Gold","damage_taken":0,"max_hp_gain":0,"max_hp_loss":0,"event_name":"Beggar","floor":22,"gold_loss":75},{"damage_healed":0,"gold_gain":0,"player_choice":"1 cards matched","damage_taken":0,"max_hp_gain":0,"max_hp_loss":0,"event_name":"Match and Keep!","floor":27,"gold_loss":0,"cards_obtained":["WindmillStrike"]},{"damage_healed":0,"gold_gain":0,"player_choice":"Memory 1","damage_taken":0,"max_hp_gain":0,"max_hp_loss":0,"event_name":"SensoryStone","floor":37,"gold_loss":0},{"damage_healed":0,"gold_gain":0,"player_choice":"Paid","damage_taken":0,"relics_obtained":["Red Mask"],"max_hp_gain":0,"max_hp_loss":0,"event_name":"Tomb of Lord Red Mask","floor":39,"gold_loss":95},{"damage_healed":0,"gold_gain":0,"player_choice":"Copied","damage_taken":0,"max_hp_gain":0,"max_hp_loss":0,"event_name":"Duplicator","floor":48,"gold_loss":0,"cards_obtained":["Vault"]}],"is_beta":false,"boss_relics":[{"not_picked":["Painkiller Herb","SacredBark"],"picked":"Coffee Dripper"},{"not_picked":["ChewingGum","Philosopher\u0027s Stone"],"picked":"VioletLotus"}],"items_purged_floors":[4,53],"is_endless":false,"potions_floor_spawned":[1,11,12,14,16,18,25,29,31,33,35,45],"killed_by":"Shield and Spear","ascension_level":2}}