{"host":"8d3fefv2347kqkpz","time":1612898359,"event":{"mods":["AchievementEnabler","Act Like it!","BaseMod","Better Vampires","Colored Map","Colored Powertips","Downfall","GifTheSpireLib","Highlight Path","Minty Spire (QoL Compilation)","Quick Restart","Rare Cards Sparkle","Relic Stats","Replay The Spire","Spicy Shops","StSLib","Waifu the Spire"],"gold_per_floor":[99,112,22,56,56,56,103,114,114,127,137,137,237,83,101,202,202,202,222,222,322,422,441,441,503,515,584,584,594,594,605,615,615,615,615],"floor_reached":33,"language":"ZHS","playtime":1326,"items_purged":["Voices","Slimebound:Tackle"],"score":241,"play_id":"26eed7d5-23f4-4ede-bbcc-7391d3802b7f","local_time":"20210210031919","is_ascension_mode":false,"campfire_choices":[{"data":"Mayhem","floor":1.0,"key":"SMITH"},{"data":"Slimebound:SplitBruiser","floor":6.0,"key":"SMITH"},{"data":"Slimebound:SlimeBarrage","floor":9,"key":"SMITH"},{"floor":12,"key":"REST"},{"data":"Slimebound:Teamwork","floor":18,"key":"SMITH"},{"floor":30,"key":"REST"}],"circlet_count":0,"master_deck":["Slimebound:Strike_Slimebound","Slimebound:Strike_Slimebound","Slimebound:Strike_Slimebound","Slimebound:Defend_Slimebound","Slimebound:Defend_Slimebound","Slimebound:Defend_Slimebound","Slimebound:Defend_Slimebound","Slimebound:Split","Slimebound:CorrosiveSpit","Mayhem+1","Slimebound:SlimeBarrage+1","Slimebound:DisruptingSlam+1","Slimebound:SplitBruiser+1","Slimebound:LevelUp","Slimebound:SplitAcid","Slimebound:SplitLeeching","Slimebound:LevelUp","Slimebound:Repurpose","Slimebound:Teamwork+1","RitualDagger+1","Slimebound:SplitLeeching","Slimebound:SplitLeeching","Slimebound:LeadByExample"],"relics":["Slimebound:AbsorbEndCombat","Shovel","ReplayFunnel","Gambling Chip","Blue Candle","downfall:CloakOfManyFaces","CultistMask","FaceOfCleric","NlothsMask","GremlinMask","SsserpentHead"],"acts_visited":["Exordium","TheCity"],"potions_floor_usage":[16,32,32,33],"damage_taken":[{"damage":8.0,"enemies":"2 Louse","floor":2.0,"turns":3.0},{"damage":0.0,"enemies":"downfall:FleeingMerchant","floor":3.0,"turns":4.0},{"damage":4,"enemies":"Small Slimes","floor":8,"turns":3},{"damage":0,"enemies":"Cultist","floor":10,"turns":2},{"damage":14,"enemies":"Blue Slaver","floor":11,"turns":4},{"damage":10,"enemies":"downfall:FleeingMerchant","floor":14,"turns":4},{"damage":17,"enemies":"Exordium Thugs","floor":15,"turns":3},{"damage":20,"enemies":"DF_ARCHETYPE_STREAMLINE","floor":16,"turns":6},{"damage":5,"enemies":"Chosen","floor":19,"turns":4},{"damage":1,"enemies":"SI_SHIV_ARCHETYPE","floor":21,"turns":6},{"damage":0,"enemies":"downfall:FaceTrader","floor":22,"turns":7},{"damage":3,"enemies":"3 Byrds","floor":23,"turns":3},{"damage":9,"enemies":"Snake Plant","floor":25,"turns":5},{"damage":9,"enemies":"Centurion and Healer","floor":26,"turns":7},{"damage":21,"enemies":"Sentry and Sphere","floor":27,"turns":7},{"damage":13,"enemies":"Snake Plant","floor":29,"turns":4},{"damage":14,"enemies":"Snecko","floor":31,"turns":6},{"damage":7,"enemies":"3 Cultists","floor":32,"turns":4},{"damage":46,"enemies":"WA_ARCHETYPE_CALM","floor":33,"turns":5}],"seed_played":"-4513631502563214059","potions_obtained":[{"floor":8,"key":"SpeedPotion"},{"floor":11,"key":"Venom Potion"},{"floor":15,"key":"EssenceOfSteel"},{"floor":20,"key":"CultistPotion"},{"floor":21,"key":"DistilledChaos"}],"is_trial":false,"path_per_floor":["R","M","$","?","?","R","T","M","R","M","M","R","?","$","M","B",null,"R_BF","M","?","?","?","M","T","M","M","M","?","M","R","M","M","B"],"character_chosen":"SLIMEBOUND","items_purchased":["Slimebound:LevelUp"],"campfire_rested":2,"item_purchase_floors":[14],"current_hp_per_floor":[65,59,61,45,45,45,45,41,41,41,27,46,46,36,21,3,65,65,62,62,61,63,61,61,53,45,25,52,40,61,48,42,0,0,0],"gold":615,"neow_bonus":"RANDOM_COLORLESS_2","is_daily":false,"chose_seed":false,"campfire_upgraded":4,"win_rate":0.0,"timestamp":1612898359,"path_taken":["R","M","$","?","?","R","T","M","R","?","M","R","?","?","M","BOSS","R_BF","M","?","?","?","M","T","?","M","?","?","M","R","M","M","BOSS"],"items_purchased_type":["Card"],"build_version":"2020-12-22","purchased_purges":2,"victory":false,"max_hp_per_floor":[65,65,65,65,65,65,65,65,65,65,65,65,65,65,65,65,65,65,65,65,65,65,66,66,67,68,69,69,70,70,71,72,72,72,72],"relic_stats":{"SsserpentHead":150,"Shovel":0,"FaceOfCleric":7,"counters":[19,86],"Gambling Chip":[21],"Blue Candle":[0],"obtain_stats":[{"ReplayFunnel":7,"SsserpentHead":22,"Shovel":4,"FaceOfCleric":22,"Gambling Chip":21,"Blue Candle":21,"GremlinMask":22,"CultistMask":22,"Slimebound:AbsorbEndCombat":0,"downfall:CloakOfManyFaces":22,"NlothsMask":22},{"ReplayFunnel":2,"SsserpentHead":11,"Shovel":2,"FaceOfCleric":11,"Gambling Chip":10,"Blue Candle":10,"GremlinMask":11,"CultistMask":11,"Slimebound:AbsorbEndCombat":0,"downfall:CloakOfManyFaces":11,"NlothsMask":11},{"ReplayFunnel":7,"SsserpentHead":46,"Shovel":7,"FaceOfCleric":46,"Gambling Chip":39,"Blue Candle":39,"GremlinMask":46,"CultistMask":46,"Slimebound:AbsorbEndCombat":0,"downfall:CloakOfManyFaces":46,"NlothsMask":46}]},"card_choices":[{"not_picked":["Secret Weapon","Thinking Ahead"],"picked":"Mayhem","floor":0.0},{"not_picked":["Slimebound:ItLooksTasty","Slimebound:SplitMire"],"picked":"Slimebound:SlimeBarrage","floor":2.0},{"not_picked":["Slimebound:MegaLick","Slimebound:Schlurp"],"picked":"Slimebound:DisruptingSlam","floor":3.0},{"not_picked":["Slimebound:LeechingTouch","Slimebound:RollThrough"],"picked":"Slimebound:SplitBruiser","floor":4.0},{"not_picked":["Slimebound:AcidTongue","Slimebound:Grow","Slimebound:PressTheAttack"],"picked":"SKIP","floor":8},{"not_picked":["Slimebound:GoopTackle","Slimebound:LeechEnergy"],"picked":"Slimebound:LevelUp","floor":10},{"not_picked":["Slimebound:SamplingLick","Slimebound:SlimeSpikes"],"picked":"Slimebound:SplitAcid","floor":11},{"not_picked":["Slimebound:WasteNot","Slimebound:ComboTackle"],"picked":"Slimebound:SplitLeeching","floor":14},{"not_picked":["Slimebound:LivingWall","Slimebound:GoopTackle"],"picked":"Slimebound:Repurpose","floor":15},{"not_picked":["Slimebound:DuplicatedForm","Slimebound:SlimeSlap"],"picked":"Slimebound:Teamwork","floor":16},{"not_picked":["Slimebound:ComboTackle+1","Slimebound:RollThrough","Slimebound:GoopSpray"],"picked":"SKIP","floor":19},{"not_picked":["Slimebound:RollThrough+1","Slimebound:MegaLick+1"],"picked":"Slimebound:SplitLeeching","floor":22},{"not_picked":["Slimebound:SplitMire","Slimebound:ViciousTackle+1","Slimebound:LeechEnergy"],"picked":"SKIP","floor":23},{"not_picked":["Slimebound:OneTwoCombo","Slimebound:ForwardTackle+1","Slimebound:PressTheAttack+1"],"picked":"SKIP","floor":25},{"not_picked":["Slimebound:Gluttony","Slimebound:Prepare+1"],"picked":"Slimebound:SplitLeeching","floor":26},{"not_picked":["Slimebound:LeadByExample","Slimebound:ViciousTackle","Slimebound:SplitMire"],"picked":"SKIP","floor":27},{"not_picked":["Slimebound:SlimeSpikes","Slimebound:LeechEnergy","Slimebound:Prepare"],"picked":"SKIP","floor":29},{"not_picked":["Slimebound:LeechingTouch","Slimebound:LivingWall","Slimebound:SamplingLick"],"picked":"SKIP","floor":31},{"not_picked":["Slimebound:SplitMire","Slimebound:RollThrough+1"],"picked":"Slimebound:LeadByExample","floor":32}],"player_experience":323955,"relics_obtained":[{"floor":4.0,"key":"Shovel"},{"floor":7.0,"key":"ReplayFunnel"},{"floor":21,"key":"Gambling Chip"},{"floor":21,"key":"Blue Candle"},{"floor":22,"key":"downfall:CloakOfManyFaces"}],"event_choices":[],"is_beta":false,"boss_relics":[{"not_picked":["Philosopher\u0027s Stone","Replay:Drink Me","Ring of Chaos"]}],"items_purged_floors":[3,14],"is_endless":false,"potions_floor_spawned":[8,11,15,21,23,27,29],"killed_by":"WA_ARCHETYPE_CALM","ascension_level":0}}