{"host":"y6zg4wwu39otf01a","time":1612843277,"event":{"mods":["Act Like it!","Aspiration","BaseMod","Better Altar","Better Match","Better Note","Better Sensory Stone","Better Skull","Better Third Choice","Challenge The Spire","Colored Map","Colored Powertips","Conspire","GifTheSpireLib","Glutton Mod","Halation","Hermit","Highlight Path","Hubris","Infinite Spire","Mimic Mod","Minty Spire (QoL Compilation)","Quick Restart","Random Character Button","Rare Cards Sparkle","Replay The Spire","Retaliation","Spicy Shops","Spire Arcade","StSLib","Stuff the Spire","The Blue Laboratory","The Jungle"],"gold_per_floor":[114,389,404,404,419,449,449,464,464,494,494,494,494,494],"floor_reached":13,"language":"ENG","playtime":808,"items_purged":[],"score":218,"play_id":"b8011a31-4f07-4f4f-aaca-edb493a9a341","local_time":"20210208220117","daily_mods":["Draft","Hoarder","DeadlyEvents"],"is_ascension_mode":false,"campfire_choices":[{"data":"Replay:Battleflow","floor":7,"key":"SMITH"},{"data":"Replay:Battleflow","floor":12,"key":"SMITH"}],"circlet_count":0,"master_deck":["Prostrate","Prostrate","Prostrate","FlurryOfBlows","FlurryOfBlows","FlurryOfBlows","Fasting2","Fasting2","Fasting2","Crescendo","Crescendo","Crescendo","Replay:ManipulateFuture","Replay:ManipulateFuture","Replay:ManipulateFuture","EmptyFist","EmptyFist","EmptyFist","EmptyMind","EmptyMind","EmptyMind","JustLucky","JustLucky","JustLucky","Replay:BluntJabs","Replay:BluntJabs","Replay:BluntJabs","ClearTheMind","ClearTheMind","ClearTheMind","CarveReality","CarveReality","CarveReality","Replay:DivineShield","Replay:DivineShield","Replay:DivineShield","TalkToTheHand","TalkToTheHand","TalkToTheHand","Replay:ManipulateFuture","Replay:ManipulateFuture","Replay:ManipulateFuture","FlyingSleeves","FlyingSleeves","FlyingSleeves","Regret","Regret","Regret","Replay:Battleflow+1","Replay:Battleflow","Replay:Battleflow+1","Brilliance","Brilliance","Brilliance","Pot Of Greed","Pot Of Greed","Pot Of Greed","Pot Of Greed","Pot Of Greed","Pot Of Greed","Pot Of Greed","Pot Of Greed","Pot Of Greed","Pot Of Greed","Pot Of Greed","Pot Of Greed","Pot Of Greed","Pot Of Greed","Pot Of Greed"],"relics":["PureWater","hubris:EvacipatedBox","Snack Pack","Grinning Jar","infinitespire:Satchel","hubris:Icosahedron"],"acts_visited":["Exordium"],"potions_floor_usage":[6,10],"damage_taken":[{"damage":1,"enemies":"Small Slimes","floor":1,"turns":2},{"damage":0,"enemies":"Cultist","floor":3,"turns":2},{"damage":2,"enemies":"2 Louse","floor":5,"turns":3},{"damage":0,"enemies":"Gremlin Nob","floor":6,"turns":2},{"damage":10,"enemies":"Exordium Thugs","floor":8,"turns":3},{"damage":17,"enemies":"Lagavulin","floor":10,"turns":3},{"damage":61,"enemies":"Gremlin Nob","floor":13,"turns":3}],"seed_played":"-878916022338446095","potions_obtained":[{"floor":1,"key":"BlessingOfTheForge"},{"floor":8,"key":"blueLaboratory:PressurePotion"}],"is_trial":false,"path_per_floor":["M","?","M","$","M","E","R","M","T","E","?","R","E"],"character_chosen":"WATCHER","items_purchased":["hubris:EvacipatedBox"],"campfire_rested":0,"item_purchase_floors":[4],"current_hp_per_floor":[71,71,71,52,50,50,50,44,44,29,29,29,0,0],"gold":494,"neow_bonus":"","is_daily":true,"chose_seed":false,"campfire_upgraded":2,"win_rate":0.0,"timestamp":1612843277,"path_taken":["M","?","?","?","M","E","R","M","T","E","?","R","?"],"items_purchased_type":["Relic"],"build_version":"2020-12-22","purchased_purges":0,"victory":false,"max_hp_per_floor":[72,72,72,72,72,72,72,72,72,72,72,72,72,72],"card_choices":[{"not_picked":["FlyingSleeves","CutThroughFate"],"picked":"Prostrate","floor":0},{"not_picked":["Crescendo","PathToVictory"],"picked":"FlurryOfBlows","floor":0},{"not_picked":["Replay:ManipulateFuture","PathToVictory"],"picked":"Fasting2","floor":0},{"not_picked":["FlurryOfBlows","FlyingSleeves"],"picked":"Crescendo","floor":0},{"not_picked":["Replay:AtTheReady","DeceiveReality"],"picked":"Replay:ManipulateFuture","floor":0},{"not_picked":["BattleHymn","Sanctity"],"picked":"EmptyFist","floor":0},{"not_picked":["FlyingSleeves","Replay:ManipulateFuture"],"picked":"EmptyMind","floor":0},{"not_picked":["CutThroughFate","ThirdEye"],"picked":"JustLucky","floor":0},{"not_picked":["DeceiveReality","FlurryOfBlows"],"picked":"Replay:BluntJabs","floor":0},{"not_picked":["PathToVictory","Replay:ManipulateFuture"],"picked":"ClearTheMind","floor":0},{"not_picked":["CutThroughFate","InnerPeace"],"picked":"CarveReality","floor":0},{"not_picked":["CrushJoints","Replay:ManipulateFuture"],"picked":"Replay:DivineShield","floor":0},{"not_picked":["Replay:BluntJabs","Consecrate"],"picked":"TalkToTheHand","floor":0},{"not_picked":["EmptyBody","Consecrate"],"picked":"Replay:ManipulateFuture","floor":0},{"not_picked":["SashWhip","Wireheading"],"picked":"FlyingSleeves","floor":0},{"not_picked":["ThirdEye","Evaluate","SashWhip"],"picked":"SKIP","floor":1},{"not_picked":["Replay:AtTheReady","Protect","LikeWater"],"picked":"SKIP","floor":3},{"not_picked":["BowlingBash","Evaluate"],"picked":"Replay:Battleflow","floor":5},{"not_picked":["Crescendo","Protect"],"picked":"Brilliance","floor":6},{"not_picked":["CrushJoints","BowlingBash","SashWhip"],"picked":"SKIP","floor":8},{"not_picked":["Establishment","Alpha","Replay:DivineShield"],"picked":"SKIP","floor":10}],"player_experience":747709,"relics_obtained":[{"floor":6,"key":"Snack Pack"},{"floor":9,"key":"Grinning Jar"},{"floor":10,"key":"infinitespire:Satchel"}],"event_choices":[{"damage_healed":0,"gold_gain":275,"player_choice":"Desecrate","damage_taken":0,"max_hp_gain":0,"max_hp_loss":0,"event_name":"Golden Shrine","floor":2,"gold_loss":0,"cards_obtained":["Regret"]}],"is_beta":false,"boss_relics":[],"items_purged_floors":[],"is_endless":false,"potions_floor_spawned":[1,8],"killed_by":"Gremlin Nob","ascension_level":0}}