{"host":"a1eatafr7pisesky","time":1612850484,"event":{"mods":["AchievementEnabler","BaseMod","Colored Map","Keyboard Shortcuts","Minty Spire (QoL Compilation)","Say the Spire","StSLib","SuperFastMode","everything is the same but u backflip on backflip"],"gold_per_floor":[112,37,48,48,48,48,79,79,102,2,35,35,60,91,91,190,190,214,32,45,68,68,68,68,68],"floor_reached":24,"language":"KOR","playtime":563,"items_purged":["Strike_R","Defend_R","Corruption"],"score":427,"play_id":"bddc2a3d-b34c-4969-b425-fc7078ccf783","local_time":"20210209150124","is_ascension_mode":true,"campfire_choices":[{"data":"Body Slam","floor":6.0,"key":"SMITH"},{"floor":12.0,"key":"REST"},{"data":"Uppercut","floor":15.0,"key":"SMITH"},{"floor":23.0,"key":"REST"}],"circlet_count":0,"master_deck":["AscendersBane","Bash","Flame Barrier","Body Slam+1","Uppercut+1","Armaments","Entrench","Offering","Spot Weakness","Wild Strike","Pummel","Rage","Barricade","Seeing Red+1","Shrug It Off","Entrench","Sentinel"],"relics":["Burning Blood","NeowsBlessing","Golden Idol","Potion Belt","Tiny Chest","Blood Vial","Bag of Marbles","Pandora\u0027s Box"],"acts_visited":["Exordium","TheCity"],"potions_floor_usage":[24],"damage_taken":[{"damage":0.0,"enemies":"Jaw Worm","floor":1.0,"turns":1.0},{"damage":0.0,"enemies":"2 Louse","floor":3.0,"turns":1.0},{"damage":0.0,"enemies":"3 Sentries","floor":7.0,"turns":2.0},{"damage":36.0,"enemies":"Gremlin Nob","floor":11.0,"turns":5.0},{"damage":0.0,"enemies":"Cultist","floor":13.0,"turns":4.0},{"damage":16.0,"enemies":"3 Sentries","floor":14.0,"turns":12.0},{"damage":47.0,"enemies":"The Guardian","floor":16.0,"turns":16.0},{"damage":15.0,"enemies":"Spheric Guardian","floor":18.0,"turns":4.0},{"damage":49.0,"enemies":"3 Byrds","floor":20.0,"turns":7.0},{"damage":6.0,"enemies":"Snake Plant","floor":21.0,"turns":4.0},{"damage":21,"enemies":"Gremlin Leader","floor":24,"turns":4}],"seed_played":"-1806897764016943886","potions_obtained":[{"floor":1.0,"key":"BloodPotion"},{"floor":11.0,"key":"HeartOfIron"},{"floor":21.0,"key":"Fire Potion"}],"is_trial":false,"path_per_floor":["M","$","M","?","?","R","E","?","T","$","E","R","M","E","R","B",null,"M","$","M","M","?","R","E"],"character_chosen":"IRONCLAD","items_purchased":["Shrug It Off"],"campfire_rested":2,"item_purchase_floors":[19],"current_hp_per_floor":[74,74,75,68,42,42,48,53,53,53,23,47,55,47,47,24,66,59,59,18,20,20,44,25,25],"gold":68,"neow_bonus":"THREE_ENEMY_KILL","is_daily":false,"chose_seed":false,"campfire_upgraded":2,"win_rate":0.0,"timestamp":1612850484,"path_taken":["M","$","M","?","?","R","E","?","T","$","E","R","M","E","R","BOSS","M","$","M","M","?","R","E"],"items_purchased_type":["Card"],"build_version":"2020-12-22","purchased_purges":3,"victory":false,"max_hp_per_floor":[75,75,75,75,75,75,75,80,80,80,80,80,80,80,80,80,80,80,80,80,80,80,80,80,80],"card_choices":[{"not_picked":["Dark Embrace","Dual Wield"],"picked":"Flame Barrier","floor":1.0},{"not_picked":["Pommel Strike","Iron Wave"],"picked":"Body Slam","floor":3.0},{"not_picked":["Sentinel","Cleave"],"picked":"Uppercut","floor":7.0},{"not_picked":["Metallicize","Armaments"],"picked":"Corruption","floor":11.0},{"not_picked":["Rage","Armaments","Iron Wave"],"picked":"SKIP","floor":13.0},{"not_picked":["Rage","Iron Wave"],"picked":"Armaments","floor":13.0},{"not_picked":["Anger","Seeing Red"],"picked":"Entrench","floor":14.0},{"not_picked":["Limit Break","Immolate"],"picked":"Offering","floor":16.0},{"not_picked":["Armaments","Heavy Blade"],"picked":"Seeing Red+1","floor":18.0},{"not_picked":["Flex","Infernal Blade","Perfected Strike"],"picked":"SKIP","floor":20.0},{"not_picked":["Flex","Pommel Strike"],"picked":"Entrench","floor":21.0}],"player_experience":425235,"relics_obtained":[{"floor":7.0,"key":"Potion Belt"},{"floor":9.0,"key":"Tiny Chest"},{"floor":11.0,"key":"Blood Vial"},{"floor":14.0,"key":"Bag of Marbles"}],"event_choices":[{"cards_removed":["Strike_R"],"damage_healed":0.0,"max_hp_gain":0.0,"max_hp_loss":0.0,"gold_gain":0.0,"event_name":"Golden Wing","player_choice":"Card Removal","floor":4.0,"gold_loss":0.0,"damage_taken":7.0},{"damage_healed":0.0,"max_hp_gain":0.0,"max_hp_loss":0.0,"gold_gain":0.0,"event_name":"Golden Idol","player_choice":"Take Damage","floor":5.0,"gold_loss":0.0,"damage_taken":26.0,"relics_obtained":["Golden Idol"]},{"damage_healed":0.0,"max_hp_gain":5.0,"max_hp_loss":0.0,"gold_gain":0.0,"event_name":"Big Fish","player_choice":"Donut","floor":8.0,"gold_loss":0.0,"damage_taken":0.0},{"damage_healed":0.0,"max_hp_gain":0.0,"max_hp_loss":0.0,"gold_gain":0.0,"cards_transformed":["Sword Boomerang"],"event_name":"Transmorgrifier","player_choice":"Transformed","floor":22.0,"gold_loss":0.0,"damage_taken":0.0,"cards_obtained":["Sentinel"]}],"is_beta":false,"boss_relics":[{"not_picked":["Coffee Dripper","SlaversCollar"],"picked":"Pandora\u0027s Box"}],"items_purged_floors":[2,10,19],"is_endless":false,"potions_floor_spawned":[1,11,21],"killed_by":"Gremlin Leader","ascension_level":16}}