{"host":"1bzbl1adcbkdzqlf","time":1612831604,"event":{"mods":["BaseMod","Minty Spire (QoL Compilation)","Slay the Relics Exporter"],"gold_per_floor":[111,129,148,160,179,179,206,224,248,248,52,63,93,111,111,207,207,220,237,152,102,102,102,135,149,173,200,214,231,105,125,125,228,228,241,241,256,256,304,304,336,336,336,336,353,353,2,2,2,2],"floor_reached":51,"language":"ENG","playtime":9657,"items_purged":["Strike_B","Strike_B","Defend_B","Defend_B"],"score":911,"play_id":"f7ca977b-3af0-4b7c-a057-0fa1ba6013ce","local_time":"20210208184644","is_ascension_mode":true,"campfire_choices":[{"data":"Creative AI","floor":6,"key":"SMITH"},{"data":"Go for the Eyes","floor":15,"key":"SMITH"},{"data":"Streamline","floor":23,"key":"SMITH"},{"data":"Chill","floor":32,"key":"SMITH"},{"data":"Strike_B","floor":40,"key":"PURGE"},{"data":"Strike_B","floor":42,"key":"PURGE"},{"data":"Defend_B","floor":44,"key":"PURGE"},{"data":"Machine Learning","floor":49,"key":"PURGE"}],"circlet_count":0,"master_deck":["Zap","Dualcast","Sweeping Beam","Conserve Battery","Go for the Eyes+1","Melter","Creative AI+1","Ball Lightning","Conserve Battery","Hologram","Coolheaded","Go for the Eyes+1","Streamline+1","FTL+1","Cold Snap+1","Defragment+1","Compile Driver","Ball Lightning+1","Chill+1","Amplify","Recycle","Doom and Gloom","Sweeping Beam+1","Redo+1","Electrodynamics","Purity","Trip"],"relics":["Coffee Dripper","Nunchaku","Smiling Mask","MealTicket","Orichalcum","Happy Flower","Runic Pyramid","Juzu Bracelet","Bag of Preparation","Dead Branch","Lantern","Pen Nib","Black Star","Peace Pipe","Dream Catcher","Pear","Kunai","Lee\u0027s Waffle"],"acts_visited":["Exordium","TheCity","TheBeyond"],"potions_floor_usage":[3,7,13,14,16,29,31,33,41,50,50],"damage_taken":[{"damage":0,"enemies":"Small Slimes","floor":1,"turns":3},{"damage":2,"enemies":"Jaw Worm","floor":2,"turns":3},{"damage":0,"enemies":"2 Louse","floor":3,"turns":1},{"damage":1,"enemies":"Looter","floor":4,"turns":3},{"damage":2,"enemies":"Blue Slaver","floor":5,"turns":3},{"damage":3,"enemies":"Lagavulin","floor":7,"turns":6},{"damage":13,"enemies":"Exordium Thugs","floor":8,"turns":4},{"damage":1,"enemies":"Large Slime","floor":12,"turns":4},{"damage":16,"enemies":"Gremlin Nob","floor":13,"turns":4},{"damage":0,"enemies":"Lots of Slimes","floor":14,"turns":1},{"damage":13,"enemies":"Hexaghost","floor":16,"turns":9},{"damage":10,"enemies":"Shell Parasite","floor":18,"turns":5},{"damage":7,"enemies":"Chosen","floor":19,"turns":5},{"damage":38,"enemies":"Gremlin Leader","floor":24,"turns":7},{"damage":8,"enemies":"Snake Plant","floor":25,"turns":4},{"damage":3,"enemies":"Book of Stabbing","floor":27,"turns":5},{"damage":0,"enemies":"Cultist and Chosen","floor":28,"turns":6},{"damage":0,"enemies":"Centurion and Healer","floor":29,"turns":6},{"damage":8,"enemies":"Snake Plant","floor":31,"turns":3},{"damage":0,"enemies":"Automaton","floor":33,"turns":10},{"damage":3,"enemies":"Orb Walker","floor":35,"turns":4},{"damage":1,"enemies":"3 Shapes","floor":37,"turns":5},{"damage":36,"enemies":"2 Orb Walkers","floor":39,"turns":4},{"damage":3,"enemies":"Nemesis","floor":41,"turns":5},{"damage":0,"enemies":"Sphere and 2 Shapes","floor":45,"turns":2},{"damage":19,"enemies":"Awakened One","floor":50,"turns":12}],"seed_played":"7380770584347949904","potions_obtained":[{"floor":1,"key":"Explosive Potion"},{"floor":2,"key":"DistilledChaos"},{"floor":8,"key":"Regen Potion"},{"floor":12,"key":"Explosive Potion"},{"floor":13,"key":"ColorlessPotion"},{"floor":19,"key":"SmokeBomb"},{"floor":24,"key":"Block Potion"},{"floor":31,"key":"Regen Potion"},{"floor":33,"key":"Explosive Potion"},{"floor":35,"key":"BlessingOfTheForge"},{"floor":41,"key":"Swift Potion"}],"is_trial":false,"path_per_floor":["M","M","M","M","M","R","E","M","T","?","$","M","E","M","R","B",null,"M","M","?","$","?","R","E","M","T","E","M","M","$","M","R","B",null,"M","?","M","?","?","R","E","R","T","R","M","?","$","?","R","B",null],"character_chosen":"DEFECT","items_purchased":["Orichalcum","Regen Potion","Electrodynamics","Lee\u0027s Waffle","LiquidMemories"],"campfire_rested":0,"item_purchase_floors":[11,30,47,47,47],"current_hp_per_floor":[75,73,73,72,70,70,67,54,54,36,51,50,46,46,46,33,65,55,48,48,63,63,63,25,17,17,14,14,14,29,30,30,45,68,65,65,64,64,28,28,35,35,35,35,35,71,78,68,68,49],"gold":2,"neow_bonus":"BOSS_RELIC","is_daily":false,"chose_seed":false,"campfire_upgraded":4,"win_rate":0.0,"timestamp":1612831604,"path_taken":["M","M","M","M","M","R","E","M","T","?","$","M","E","M","R","BOSS","M","M","?","$","?","R","E","M","T","E","M","M","$","M","R","BOSS","M","?","M","?","?","R","E","R","T","R","M","?","$","?","R","BOSS"],"items_purchased_type":["Relic","Potion","Card","Relic","Potion"],"build_version":"2020-12-22","purchased_purges":4,"victory":true,"max_hp_per_floor":[75,75,75,75,75,75,75,75,75,75,75,75,75,75,75,75,75,75,75,75,75,75,75,75,75,75,75,75,75,75,75,75,75,75,75,71,71,71,71,71,81,81,81,81,81,71,78,78,78,78],"card_choices":[{"not_picked":["Force Field","Conserve Battery"],"picked":"Sweeping Beam","floor":1},{"not_picked":["Undo","Steam Power"],"picked":"Conserve Battery","floor":2},{"not_picked":["Blizzard","Steam"],"picked":"Go for the Eyes","floor":3},{"not_picked":["Redo","Streamline"],"picked":"Melter","floor":4},{"not_picked":["Conserve Battery","Beam Cell"],"picked":"Creative AI","floor":5},{"not_picked":["Tempest","Hyperbeam","Coolheaded"],"picked":"SKIP","floor":7},{"not_picked":["Compile Driver","Go for the Eyes"],"picked":"Ball Lightning","floor":8},{"not_picked":["Aggregate","Skim"],"picked":"Conserve Battery","floor":12},{"not_picked":["Go for the Eyes","Capacitor"],"picked":"Hologram","floor":13},{"not_picked":["Leap","Turbo"],"picked":"Coolheaded","floor":14},{"not_picked":["Reboot","Hyperbeam"],"picked":"Machine Learning","floor":16},{"not_picked":["Leap","Conserve Battery"],"picked":"Go for the Eyes+1","floor":18},{"not_picked":["Capacitor","Steam"],"picked":"Streamline","floor":19},{"not_picked":["Conserve Battery","Stack"],"picked":"FTL+1","floor":24},{"not_picked":["Recycle","Meteor Strike"],"picked":"Cold Snap+1","floor":25},{"not_picked":["Streamline","Reinforced Body"],"picked":"Defragment+1","floor":27},{"not_picked":["Conserve Battery","Stack"],"picked":"Compile Driver","floor":28},{"not_picked":["Conserve Battery+1","Streamline"],"picked":"Ball Lightning+1","floor":29},{"not_picked":["Sunder","Hyperbeam"],"picked":"Chill","floor":31},{"not_picked":["Echo Form","Meteor Strike"],"picked":"Amplify","floor":33},{"not_picked":["Scrape","Barrage+1"],"picked":"Recycle","floor":35},{"not_picked":["Static Discharge","Rebound+1"],"picked":"Doom and Gloom","floor":37},{"not_picked":["Blizzard","Stack+1"],"picked":"Sweeping Beam+1","floor":41},{"not_picked":["Compile Driver+1","Turbo"],"picked":"Redo+1","floor":45},{"not_picked":["Sadistic Nature","Mind Blast"],"picked":"Purity","floor":48},{"not_picked":["Jack Of All Trades","Thinking Ahead"],"picked":"Trip","floor":48}],"player_experience":369434,"relics_obtained":[{"floor":7,"key":"Nunchaku"},{"floor":9,"key":"Smiling Mask"},{"floor":13,"key":"Happy Flower"},{"floor":24,"key":"Dead Branch"},{"floor":26,"key":"Lantern"},{"floor":27,"key":"Pen Nib"},{"floor":39,"key":"Peace Pipe"},{"floor":41,"key":"Dream Catcher"},{"floor":41,"key":"Pear"},{"floor":43,"key":"Kunai"}],"event_choices":[{"damage_healed":0,"gold_gain":0,"player_choice":"Success","damage_taken":18,"relics_obtained":["MealTicket"],"max_hp_gain":0,"max_hp_loss":0,"event_name":"Scrap Ooze","floor":10,"gold_loss":0},{"damage_healed":0,"gold_gain":0,"player_choice":"Obtained Relic","damage_taken":0,"relics_obtained":["Juzu Bracelet"],"max_hp_gain":0,"max_hp_loss":0,"event_name":"Addict","floor":20,"gold_loss":85},{"damage_healed":0,"gold_gain":0,"player_choice":"Opened","damage_taken":0,"relics_obtained":["Bag of Preparation"],"max_hp_gain":0,"max_hp_loss":0,"event_name":"The Mausoleum","floor":22,"gold_loss":0},{"damage_healed":0,"gold_gain":0,"player_choice":"Max HP","damage_taken":0,"max_hp_gain":0,"max_hp_loss":4,"event_name":"Winding Halls","floor":36,"gold_loss":0},{"cards_removed":["Defend_B"],"damage_healed":0,"gold_gain":0,"player_choice":"Removed Skill","damage_taken":0,"max_hp_gain":0,"max_hp_loss":0,"event_name":"Falling","floor":38,"gold_loss":0},{"damage_healed":0,"gold_gain":0,"player_choice":"Fight","damage_taken":0,"max_hp_gain":0,"max_hp_loss":0,"event_name":"Mysterious Sphere","floor":39,"gold_loss":0},{"damage_healed":71,"gold_gain":0,"player_choice":"Heal","damage_taken":0,"max_hp_gain":0,"max_hp_loss":10,"event_name":"The Moai Head","floor":46,"gold_loss":0},{"damage_healed":0,"gold_gain":0,"player_choice":"Memory 3","damage_taken":10,"max_hp_gain":0,"max_hp_loss":0,"event_name":"SensoryStone","floor":48,"gold_loss":0}],"is_beta":false,"boss_relics":[{"not_picked":["Fusion Hammer","Velvet Choker"],"picked":"Runic Pyramid"},{"not_picked":["Snecko Eye","Inserter"],"picked":"Black Star"}],"items_purged_floors":[11,21,30,47],"is_endless":false,"potions_floor_spawned":[1,2,8,12,13,19,24,31,33,35,41],"ascension_level":5}}