{"host":"23qk1co0p3p8qz56","time":1612899249,"event":{"mods":["100% Spire Juice","AchievementEnabler","Act Like it!","Arknights","BaseMod","Better Note","Better Third Choice","BetterRewards","CapriCore","Chen","Colored Map","Downfall","Duelist Mod","Friendly Minions","Gensokyo","Gold Saver","KinomotoSakuraMod(ñÿîVñ{?)","Koishi","LagranYue(ùfäiòNÅEåé)","Lobotomy","LobotomyExtend","MarisaÅiñ∂âJÅ@ñÇóùçπÅj","Minty Spire (QoL Compilation)","Prisma Mod","ReimuÅiîé??öÎÅj","RemiliaÅiÂQïƒ‰ª?Åj","StSLib","The Administrix","The Alterego","The Animator","The Gatherer","The Immortal","The Marked","The Senshi","TheSwordswoman","Waifu the Spire","WarShipGirlsR/??è≠èóR mod","Yakumo Yukari mod","Yohane!","Yuyuko"],"gold_per_floor":[320,333,333,352,365,365,330,330,355,380,460,476,476,476,476,476,476,476],"floor_reached":16,"language":"ENG","playtime":932,"items_purged":[],"score":100,"play_id":"a95830a4-c3bf-411a-a561-07c2d0e86ce9","local_time":"20210209123409","is_ascension_mode":false,"metric_token":2577,"campfire_choices":[{"data":"Gatherer:BigPouch","floor":6,"key":"SMITH"},{"data":"Gatherer:FeelingFine","floor":8,"key":"SMITH"},{"data":"Gatherer:Duplicator","floor":15,"key":"SMITH"}],"circlet_count":0,"master_deck":["Gatherer:Strike_Gatherer","Gatherer:Strike_Gatherer","Gatherer:Strike_Gatherer","Gatherer:Strike_Gatherer","Gatherer:Strike_Gatherer","Gatherer:Defend_Gatherer","Gatherer:Defend_Gatherer","Gatherer:Defend_Gatherer","Gatherer:Defend_Gatherer","Gatherer:Defend_Gatherer","Gatherer:Centralize+1","Gatherer:FlowerWhip+1","Gatherer:Photoscythe","Gatherer:FlowerShield+1","Gatherer:BigPouch+1","Gatherer:FeelingFine+1","Gatherer:FlowerPower+1","Gatherer:EnergyBasket","Gatherer:Duplicator+1"],"relics":["Gatherer:AlchemyBag","LagranYue:RandomDrawCardRelic","LetterFromLob","Nunchaku","Strawberry","Gatherer:FloralEgg","Blue Candle"],"acts_visited":["Exordium"],"potions_floor_usage":[10,10,16],"damage_taken":[{"damage":0,"enemies":"Jaw Worm","floor":1,"turns":5},{"damage":0,"enemies":"Small Slimes","floor":2,"turns":3},{"damage":0,"enemies":"Cultist","floor":4,"turns":3},{"damage":7,"enemies":"3 Louse","floor":5,"turns":4},{"damage":18,"enemies":"Gremlin Nob","floor":10,"turns":4},{"damage":0,"enemies":"Large Slime","floor":12,"turns":5},{"damage":58,"enemies":"Hexaghost","floor":16,"turns":16}],"seed_played":"6925388387400796450","potions_obtained":[{"floor":4,"key":"hexamod:SoulburnPotion"},{"floor":5,"key":"PowerPotion"},{"floor":12,"key":"Swift Potion"}],"is_trial":false,"path_per_floor":["M","M","?","M","M","R","?","R","T","E","T","M","?","$","R","B"],"character_chosen":"THE_GATHERER","items_purchased":[],"campfire_rested":0,"item_purchase_floors":[],"current_hp_per_floor":[72,72,72,72,65,65,72,72,72,61,61,61,56,56,56,0,0,0],"gold":476,"neow_bonus":"ONE_RANDOM_RARE_CARD","is_daily":false,"chose_seed":false,"campfire_upgraded":3,"win_rate":0.0,"timestamp":1612899249,"path_taken":["M","M","?","M","M","R","?","R","T","E","?","M","?","$","R","BOSS"],"items_purchased_type":[],"build_version":"2020-12-22","purchased_purges":0,"victory":false,"max_hp_per_floor":[72,72,72,72,72,72,72,72,72,79,79,79,79,79,79,79,79,79],"card_choices":[{"not_picked":["Gatherer:PotentialSlash","Gatherer:AcidicSpray"],"picked":"Gatherer:FlowerShield","floor":1},{"not_picked":["Gatherer:ScrollOfWall","Gatherer:FragileHammer"],"picked":"Gatherer:BigPouch","floor":2},{"not_picked":["Gatherer:AromaProtection","Gatherer:FlowerShield"],"picked":"Gatherer:FeelingFine","floor":4},{"not_picked":["Gatherer:EnergyBasket","Gatherer:DrugPower"],"picked":"Gatherer:FlowerPower","floor":5},{"not_picked":["Gatherer:BambuSword","Gatherer:FlamingBottle"],"picked":"Gatherer:EnergyBasket","floor":10},{"not_picked":["Gatherer:AcidicSpray","Gatherer:AromaProtection"],"picked":"Gatherer:Duplicator","floor":12}],"player_experience":128658,"relics_obtained":[{"floor":1,"key":"LetterFromLob"},{"floor":9,"key":"Nunchaku"},{"floor":10,"key":"Strawberry"},{"floor":11,"key":"Gatherer:FloralEgg"}],"event_choices":[{"damage_healed":0,"gold_gain":0,"player_choice":"Grow","damage_taken":0,"max_hp_gain":0,"max_hp_loss":0,"event_name":"Living Wall","floor":3,"gold_loss":0,"cards_upgraded":["Gatherer:Centralize"]},{"damage_healed":18,"gold_gain":0,"player_choice":"Healed","damage_taken":0,"max_hp_gain":0,"max_hp_loss":0,"event_name":"The Cleric","floor":7,"gold_loss":35}],"is_beta":false,"boss_relics":[],"items_purged_floors":[],"is_endless":false,"potions_floor_spawned":[4,5,12],"killed_by":"Hexaghost","ascension_level":0}}