{"host":"skr63qsdfgeey3it","time":1612841493,"event":{"mods":["BaseMod","Colored Map","Hubris","Minty Spire (QoL Compilation)","Monster B Gone","Reliquary","Replay The Spire","Spicy Shops","StSLib"],"gold_per_floor":[112,35,52,65,65,100,114,142,142,142,142,142,142,157,157,228,528,543,171,191,141,141,166,166,166,166],"floor_reached":25,"language":"ENG","playtime":3836,"items_purged":[],"score":401,"play_id":"138a45dc-9d8c-4632-85dc-1f59a8142d04","local_time":"20210208213133","is_ascension_mode":true,"campfire_choices":[{"floor":11,"key":"REST"},{"floor":13,"key":"REST"},{"data":"Streamline","floor":15,"key":"SMITH"},{"floor":24,"key":"REST"}],"circlet_count":0,"master_deck":["AscendersBane","Strike_B","Strike_B","Strike_B+1","Strike_B","Defend_B","Defend_B","Defend_B","Defend_B","Zap","Dualcast","Loop","Chill","Ball Lightning","White Noise+1","Panic Button","Genetic Algorithm+1","BootSequence","Hologram","Streamline+1","Creative AI","Streamline","Tempest","Conserve Battery"],"relics":["Cracked Core","NeowsBlessing","Prayer Wheel","CaptainsWheel","reliquary:PrincelyHelmet","Turnip","hubris:Towel","Replay:Accelerometer","hubris:Backtick","Old Coin","hubris:CuriousFeather","Frozen Eye","Geode"],"acts_visited":["Exordium","TheCity"],"potions_floor_usage":[6,6,6,8,16,23],"damage_taken":[{"damage":0,"enemies":"Jaw Worm","floor":1,"turns":1},{"damage":0,"enemies":"Cultist","floor":3,"turns":1},{"damage":0,"enemies":"Small Slimes","floor":4,"turns":1},{"damage":24,"enemies":"Gremlin Nob","floor":6,"turns":4},{"damage":14,"enemies":"Blue Slaver","floor":7,"turns":3},{"damage":18,"enemies":"Lagavulin","floor":8,"turns":6},{"damage":0,"enemies":"Exordium Wildlife","floor":14,"turns":3},{"damage":20,"enemies":"Slime Boss","floor":16,"turns":7},{"damage":14,"enemies":"Spheric Guardian","floor":18,"turns":6},{"damage":10,"enemies":"2 Thieves","floor":20,"turns":4},{"damage":25,"enemies":"Book of Stabbing","floor":23,"turns":6},{"damage":33,"enemies":"Gremlin Leader","floor":25,"turns":2}],"seed_played":"-565165341164297083","potions_obtained":[{"floor":3,"key":"EntropicBrew"},{"floor":7,"key":"Weak Potion"},{"floor":8,"key":"PowerPotion"},{"floor":16,"key":"Flashbang"},{"floor":23,"key":"Elixir"}],"is_trial":false,"path_per_floor":["M","?","M","M","?","E","M","E","T","?","R","T","R","M","R","B",null,"M","$","M","?","$","E","R","E"],"character_chosen":"DEFECT","items_purchased":["hubris:CuriousFeather","Frozen Eye"],"campfire_rested":3,"item_purchase_floors":[19,19],"current_hp_per_floor":[64,64,64,64,64,40,26,8,8,8,29,29,50,50,50,30,61,47,47,37,37,37,12,33,0,0],"gold":166,"neow_bonus":"THREE_ENEMY_KILL","is_daily":false,"chose_seed":false,"campfire_upgraded":1,"win_rate":0.0,"timestamp":1612841493,"path_taken":["M","?","?","M","?","E","?","E","T","?","R","?","R","M","R","BOSS","M","$","M","?","$","E","R","E"],"items_purchased_type":["Relic","Relic"],"build_version":"2020-12-22","purchased_purges":0,"victory":false,"max_hp_per_floor":[71,71,71,71,71,71,71,71,71,71,71,71,71,71,71,71,71,71,71,71,71,71,71,71,71,71],"card_choices":[{"not_picked":["Leap","Compile Driver"],"picked":"Loop","floor":1},{"not_picked":["Panic Button","Turbo"],"picked":"Chill","floor":3},{"not_picked":["Stack","Force Field"],"picked":"Ball Lightning","floor":3},{"not_picked":["Beam Cell","FTL"],"picked":"White Noise","floor":4},{"not_picked":["Barrage","Reprogram"],"picked":"Panic Button","floor":4},{"not_picked":["Compile Driver","Reboot"],"picked":"Genetic Algorithm","floor":6},{"not_picked":["ReplayGash","Stack"],"picked":"BootSequence","floor":7},{"not_picked":["Recycle","ReplayTheSpireMod:Reroute Power","Gash"],"picked":"SKIP","floor":7},{"not_picked":["Go for the Eyes","Barrage","FTL"],"picked":"SKIP","floor":8},{"not_picked":["Turbo","Cold Snap"],"picked":"Hologram","floor":14},{"not_picked":["Panic Button","FIFO Queue"],"picked":"Streamline","floor":14},{"not_picked":["Hyperbeam","ReplayRNGCard"],"picked":"Creative AI","floor":16},{"not_picked":["Barrage","FTL"],"picked":"Streamline","floor":18},{"not_picked":["Gash+1","Steam","Stack"],"picked":"SKIP","floor":18},{"not_picked":["Rainbow","Reinforced Body"],"picked":"Tempest","floor":20},{"not_picked":["Turbo","Heatsinks","Stack"],"picked":"SKIP","floor":20},{"not_picked":["Turbo","Heatsinks","Stack"],"picked":"SKIP","floor":20},{"not_picked":["Double Energy","Coolheaded+1"],"picked":"Conserve Battery","floor":23}],"player_experience":913943,"relics_obtained":[{"floor":6,"key":"CaptainsWheel"},{"floor":8,"key":"reliquary:PrincelyHelmet"},{"floor":9,"key":"Turnip"},{"floor":12,"key":"Replay:Accelerometer"},{"floor":23,"key":"Geode"}],"event_choices":[{"damage_healed":0,"gold_gain":0,"player_choice":"Paid Gold","damage_taken":0,"relics_obtained":["Prayer Wheel"],"max_hp_gain":0,"max_hp_loss":0,"event_name":"WeMeetAgain","floor":2,"gold_loss":77},{"damage_healed":0,"gold_gain":0,"player_choice":"Upgraded","damage_taken":0,"max_hp_gain":0,"max_hp_loss":0,"event_name":"Upgrade Shrine","floor":5,"gold_loss":0,"cards_upgraded":["White Noise"]},{"damage_healed":0,"gold_gain":0,"player_choice":"Upgraded Two","damage_taken":0,"max_hp_gain":0,"max_hp_loss":0,"event_name":"Designer","floor":21,"gold_loss":50,"cards_upgraded":["Genetic Algorithm","Strike_B"]}],"is_beta":false,"boss_relics":[{"not_picked":["Honey Jar","Replay:Wanted Poster"],"picked":"hubris:Backtick"}],"items_purged_floors":[],"is_endless":false,"potions_floor_spawned":[3,7,8,16,23],"killed_by":"Gremlin Leader","ascension_level":15}}