{"host":"jvowh0ebc6z3ohxd","time":1612854720,"event":{"mods":["2.2 Compatiblity","Aspiration","BaseMod","BetterRewards","Colored Map","Colored Powertips","Conspire","Downfall","Friendly Minions","GifTheSpireLib","Hubris","Infinite Spire","Minty Spire (QoL Compilation)","Permanent Neow","Quick Restart","Reliquary","Replay The Spire","Shop Mod","StSLib","Stuff the Spire","The Animator","The Cursed","The Dragon Tamer","The Gatherer","The Marked","The Senshi"],"gold_per_floor":[109,109,109,124,124,153,168,168,168,14,27,58,71,71,71,170,170,181,131,63,63,63,88,88,106,106,116,116,128,144,174,174,271,271,282,300,332,482,500,500,146,146,172,184,184,184,184,207,207,207],"floor_reached":51,"language":"ENG","playtime":3401,"items_purged":["Doubt","theMarked:Memento"],"score":822,"play_id":"bdaac612-78b2-43e4-8e2d-414def76363c","local_time":"20210209021200","is_ascension_mode":false,"campfire_choices":[{"data":"theMarked:EternalStudent","floor":8,"key":"SMITH"},{"data":"theMarked:ParalyzingBlade","floor":15,"key":"SMITH"},{"data":"theMarked:SoldierOfQuellstein","floor":24,"key":"SMITH"},{"floor":28,"key":"REST"},{"floor":32,"key":"REST"},{"floor":40,"key":"REST"},{"data":"theMarked:ThrowWeapon","floor":42,"key":"SMITH"},{"floor":49,"key":"REST"}],"circlet_count":0,"master_deck":["theMarked:Strike","theMarked:Strike","theMarked:Strike+1","theMarked:Strike+1","theMarked:Defend","theMarked:Defend","theMarked:Defend","theMarked:Defend+1","theMarked:SoldierOfQuellstein+1","theMarked:ChainLightning","theMarked:ParalyzingBlade+1","theMarked:Improvise+1","theMarked:EternalStudent+1","theMarked:ThrowWeapon+1","theMarked:EmpowerWeapon","conspire:SpireCoStock","theMarked:BindingBlade+1","theMarked:OneWithTheBlade+1","theMarked:Determination+1","theMarked:TurnInvisible","theMarked:Generate+1","theMarked:TakeOffHeels","theMarked:RogueSparks+1","theMarked:RepellingDischarge+1","theMarked:ChannelForce","theMarked:DispelDoubt","StuffTheSpire:BrainWave"],"relics":["theMarked:ArtifactOfAir","hubris:Towel","Garlic","MerchantsRug","hubris:PeanutButter","hubris:Stopwatch","aspiration:Stabinomicon","Prayer Wheel","hubris:HollowSoul","ReplayTheSpireMod:CursedCoin","Strawberry","Whetstone","War Paint","ReplayTheSpireMod:Ring of Collecting","Ring of Searing"],"acts_visited":["Exordium","TheCity","TheBeyond"],"potions_floor_usage":[13,13,25,33,50,50],"damage_taken":[{"damage":0,"enemies":"2 Louse","floor":1,"turns":2},{"damage":4,"enemies":"Jaw Worm","floor":4,"turns":5},{"damage":12,"enemies":"3 Sentries","floor":6,"turns":6},{"damage":10,"enemies":"Cultist","floor":7,"turns":4},{"damage":0,"enemies":"Exordium Wildlife","floor":11,"turns":3},{"damage":29,"enemies":"Gremlin Nob","floor":12,"turns":4},{"damage":2,"enemies":"Exordium Thugs","floor":13,"turns":3},{"damage":4,"enemies":"Hexaghost","floor":16,"turns":9},{"damage":1,"enemies":"Shell Parasite","floor":18,"turns":6},{"damage":27,"enemies":"Slavers","floor":23,"turns":5},{"damage":5,"enemies":"3 Byrds","floor":25,"turns":7},{"damage":9,"enemies":"Centurion and Healer","floor":27,"turns":6},{"damage":12,"enemies":"Snecko","floor":29,"turns":5},{"damage":0,"enemies":"Cultist and Chosen","floor":30,"turns":4},{"damage":11,"enemies":"Book of Stabbing","floor":31,"turns":4},{"damage":47,"enemies":"Automaton","floor":33,"turns":10},{"damage":5,"enemies":"Orb Walker","floor":35,"turns":4},{"damage":10,"enemies":"3 Shapes","floor":36,"turns":4},{"damage":15,"enemies":"3 Darklings","floor":37,"turns":5},{"damage":43,"enemies":"Sphere and 2 Shapes","floor":39,"turns":6},{"damage":7,"enemies":"Writhing Mass","floor":44,"turns":4},{"damage":0,"enemies":"Transient","floor":48,"turns":5},{"damage":48,"enemies":"infinitespire:MassOfShapes","floor":50,"turns":10}],"seed_played":"-4475548198375362888","potions_obtained":[{"floor":4,"key":"Venom Potion"},{"floor":11,"key":"Regen Potion"},{"floor":12,"key":"AttackPotion"},{"floor":23,"key":"GamblersBrew"},{"floor":25,"key":"FairyPotion"},{"floor":30,"key":"SpeedPotion"},{"floor":35,"key":"Languid Potion"},{"floor":37,"key":"sneckomod:MuddlingPotion"}],"is_trial":false,"path_per_floor":["M","?","?","M","?","E","M","R","T","$","M","E","M","?","R","B",null,"M","?","$","?","$","E","R","M","T","M","R","M","M","E","R","B",null,"M","M","M","$","M","R","$","R","T","M","?","?","?","M","R","B",null],"character_chosen":"THE_DEFAULT","items_purchased":["MerchantsRug","theMarked:BindingBlade","ReplayTheSpireMod:CursedCoin","Strawberry","theMarked:ChannelForce","Whetstone"],"campfire_rested":4,"item_purchase_floors":[10,20,38,41,41,41],"current_hp_per_floor":[70,70,70,66,66,54,44,44,44,44,44,15,18,41,41,37,70,69,69,69,53,53,40,40,35,35,26,51,39,39,28,53,6,84,79,69,54,49,6,31,38,38,38,31,31,31,31,31,55,7],"gold":207,"neow_bonus":"THREE_CARDS","is_daily":false,"chose_seed":false,"campfire_upgraded":4,"win_rate":0.0,"timestamp":1612854720,"path_taken":["M","?","?","?","?","E","M","R","T","?","M","E","M","?","R","BOSS","M","?","?","?","?","E","R","M","T","?","R","M","M","E","R","BOSS","M","M","M","?","M","R","$","R","T","M","?","?","?","M","R","BOSS"],"items_purchased_type":["Relic","Card","Relic","Relic","Card","Relic"],"build_version":"2020-12-22","purchased_purges":2,"victory":true,"max_hp_per_floor":[70,70,70,70,70,70,70,70,70,70,70,70,70,70,70,70,70,70,70,70,70,70,84,84,84,84,84,84,84,84,84,84,84,84,84,84,84,84,84,84,91,91,91,91,91,82,82,82,82,82],"card_choices":[{"not_picked":["theMarked:Pokerface","theMarked:WastefulAttack"],"picked":"theMarked:Memento","floor":0},{"not_picked":["theMarked:Convert","theMarked:EmpowerWeapon"],"picked":"theMarked:ChainLightning","floor":1},{"not_picked":["theMarked:GodGivenPower","theMarked:ChainLightning"],"picked":"theMarked:ParalyzingBlade","floor":4},{"not_picked":["theMarked:Challenge","theMarked:Frustration"],"picked":"theMarked:EternalStudent","floor":6},{"not_picked":["theMarked:Electrify","theMarked:TunnelVision","theMarked:ElectricStrings"],"picked":"SKIP","floor":7},{"not_picked":["theMarked:MysticalArsenal","theMarked:SelfDefenseTraining","theMarked:LightningStrikesTwice"],"picked":"SKIP","floor":11},{"not_picked":["theMarked:Improvise","theMarked:Overcharge","theMarked:GodGivenPower"],"picked":"SKIP","floor":12},{"not_picked":["theMarked:Friction","theMarked:Seal","theMarked:CreepingChasm"],"picked":"SKIP","floor":13},{"not_picked":["theMarked:TurnInvisible","theMarked:MagusForm"],"picked":"theMarked:ThrowWeapon","floor":16},{"not_picked":["theMarked:Improvise","theMarked:Electrocute"],"picked":"theMarked:EmpowerWeapon","floor":18},{"not_picked":["theMarked:ResourceFulStrike+1","theMarked:BanishingStrike+1"],"picked":"theMarked:OneWithTheBlade+1","floor":23},{"not_picked":["theMarked:Static+1","theMarked:SwordAndMagic","theMarked:WastefulAttack"],"picked":"SKIP","floor":25},{"not_picked":["theMarked:ChainLightning","theMarked:BanishingStrike","theMarked:ContemptForTheProud"],"picked":"SKIP","floor":27},{"not_picked":["theMarked:Parry","theMarked:Opportunist"],"picked":"theMarked:Determination+1","floor":29},{"not_picked":["theMarked:ResourceFulStrike+1","theMarked:Static","theMarked:WardOff"],"picked":"SKIP","floor":30},{"not_picked":["theMarked:Reabsorb","theMarked:SelfDefenseTraining","theMarked:WardOff"],"picked":"SKIP","floor":31},{"not_picked":["theMarked:DispelDoubt","theMarked:FavorableWinds"],"picked":"theMarked:TurnInvisible","floor":33},{"not_picked":["theMarked:ResourceFulStrike","theMarked:BanishingWave","theMarked:Improvise"],"picked":"SKIP","floor":35},{"not_picked":["theMarked:PowerFlow","theMarked:ResourceFulStrike","theMarked:BanishingWave+1"],"picked":"SKIP","floor":35},{"not_picked":["theMarked:TakeCover","theMarked:Memento"],"picked":"theMarked:Generate+1","floor":36},{"not_picked":["theMarked:Memento+1","theMarked:Parkour","theMarked:WardOff"],"picked":"SKIP","floor":36},{"not_picked":["theMarked:ChainLightning+1","theMarked:WastefulAttack+1"],"picked":"theMarked:TakeOffHeels","floor":37},{"not_picked":["theMarked:WardOff","theMarked:SwordAndMagic"],"picked":"theMarked:RogueSparks+1","floor":37},{"not_picked":["theMarked:ChannelForce","theMarked:Memento+1"],"picked":"theMarked:RepellingDischarge+1","floor":39},{"not_picked":["theMarked:Improvise","theMarked:Aftermath+1","theMarked:Parkour+1"],"picked":"SKIP","floor":39},{"not_picked":["theMarked:WastefulAttack","theMarked:ChainLightning+1"],"picked":"theMarked:DispelDoubt","floor":44},{"not_picked":["theMarked:HeightenedSenses","theMarked:ResourceFulStrike+1","theMarked:TunnelVision"],"picked":"SKIP","floor":44},{"not_picked":["theMarked:HeightenedSenses","theMarked:ResourceFulStrike+1","theMarked:TunnelVision"],"picked":"SKIP","floor":44},{"not_picked":["theMarked:Memento+1","theMarked:Aftermath","theMarked:BanishingStrike"],"picked":"SKIP","floor":48},{"not_picked":["theMarked:Memento","theMarked:HeightenedSenses+1","theMarked:ResourceFulStrike+1"],"picked":"SKIP","floor":48}],"player_experience":366863,"relics_obtained":[{"floor":6,"key":"reliquary:FerryPass"},{"floor":7,"key":"Replay:Towering Pillar of Hats"},{"floor":9,"key":"Garlic"},{"floor":12,"key":"hubris:PeanutButter"},{"floor":21,"key":"aspiration:Stabinomicon"},{"floor":23,"key":"Mango"},{"floor":26,"key":"StuffTheSpire:EmeraldSignet"},{"floor":31,"key":"Prayer Wheel"},{"floor":43,"key":"War Paint"},{"floor":45,"key":"ReplayTheSpireMod:Ring of Collecting"},{"floor":45,"key":"Ring of Searing"}],"event_choices":[{"damage_healed":0,"gold_gain":0,"player_choice":"0 cards matched","damage_taken":0,"max_hp_gain":0,"max_hp_loss":0,"event_name":"Match and Keep!","floor":3,"gold_loss":0,"cards_obtained":[]},{"damage_healed":23,"gold_gain":0,"player_choice":"Banana","damage_taken":0,"max_hp_gain":0,"max_hp_loss":0,"event_name":"Big Fish","floor":14,"gold_loss":0},{"damage_healed":0,"gold_gain":0,"player_choice":"Invest 1","damage_taken":0,"max_hp_gain":0,"max_hp_loss":0,"event_name":"conspire:Investor","floor":19,"gold_loss":0},{"damage_healed":0,"gold_gain":0,"player_choice":"Obtained Book","damage_taken":16,"max_hp_gain":0,"max_hp_loss":0,"event_name":"Cursed Tome","floor":21,"gold_loss":0},{"damage_healed":0,"gold_gain":0,"player_choice":"0 cards matched","damage_taken":0,"max_hp_gain":0,"max_hp_loss":0,"event_name":"Match and Keep!","floor":47,"gold_loss":0,"cards_obtained":[]}],"is_beta":false,"boss_relics":[{"not_picked":["aspiration:IroncladSkillbook","Coffee Dripper"],"picked":"hubris:Stopwatch"},{"not_picked":["hubris:RunicObelisk","Black Star"],"picked":"hubris:HollowSoul"}],"items_purged_floors":[38,41],"is_endless":false,"potions_floor_spawned":[4,11,12,23,25,30,35,37,39],"ascension_level":0}}