{"host":"5kirneupyg4uzd3w","time":1612890485,"event":{"mods":["BaseMod","Colored Map","Custom Start","Minty Spire (QoL Compilation)","StSLib","SuperFastMode"],"gold_per_floor":[116,126,139,139,150,200,200,213,213,213,5,55,90,103,103,174,174,146,165,165,165,165,165,165,165,165,184,213,60,75,102,102,179,179,199,0,10,10,24,24,24,24],"floor_reached":41,"language":"KOR","playtime":1165,"items_purged":["Strike_R"],"score":862,"play_id":"ccee4977-e8ca-4e0e-8fc1-ff19cb2d4a5c","local_time":"20210210020805","is_ascension_mode":true,"campfire_choices":[{"floor":7.0,"key":"REST"},{"data":"Wild Strike","floor":10.0,"key":"SMITH"},{"data":"Body Slam","floor":15.0,"key":"SMITH"},{"data":"Flame Barrier","floor":23.0,"key":"SMITH"},{"data":"Immolate","floor":25.0,"key":"SMITH"},{"data":"Demon Form","floor":32.0,"key":"SMITH"},{"data":"Offering","floor":40,"key":"SMITH"}],"circlet_count":0,"master_deck":["AscendersBane","Strike_R","Strike_R","Defend_R","Defend_R+1","Defend_R","Bash+1","Wild Strike+1","Anger","Pommel Strike","Flame Barrier+1","Immolate+1","Shrug It Off","Body Slam+1","Metallicize","Demon Form+1","Disarm+1","Sword Boomerang+1","Brutality+1","Evolve","Offering+1","Burning Pact+1"],"relics":["Burning Blood","NeowsBlessing","Meat on the Bone","Astrolabe","Nloth\u0027s Gift","Pantograph","Red Skull","Runic Cube","Red Mask"],"acts_visited":["Exordium","TheCity","TheBeyond"],"potions_floor_usage":[39,39],"damage_taken":[{"damage":0.0,"enemies":"Cultist","floor":1.0,"turns":1.0},{"damage":0.0,"enemies":"Small Slimes","floor":2.0,"turns":1.0},{"damage":0.0,"enemies":"2 Louse","floor":3.0,"turns":1.0},{"damage":40.0,"enemies":"Gremlin Gang","floor":5.0,"turns":5.0},{"damage":22.0,"enemies":"Red Slaver","floor":8.0,"turns":4.0},{"damage":8.0,"enemies":"Gremlin Nob","floor":13.0,"turns":3.0},{"damage":1.0,"enemies":"3 Louse","floor":14.0,"turns":2.0},{"damage":36.0,"enemies":"Hexaghost","floor":16.0,"turns":9.0},{"damage":36.0,"enemies":"2 Thieves","floor":18.0,"turns":4.0},{"damage":25.0,"enemies":"Spheric Guardian","floor":19.0,"turns":5.0},{"damage":7.0,"enemies":"Snake Plant","floor":27.0,"turns":5.0},{"damage":32.0,"enemies":"Slavers","floor":28.0,"turns":4.0},{"damage":15.0,"enemies":"Centurion and Healer","floor":30.0,"turns":8.0},{"damage":55.0,"enemies":"Book of Stabbing","floor":31.0,"turns":7.0},{"damage":25.0,"enemies":"Champ","floor":33.0,"turns":11.0},{"damage":12.0,"enemies":"Orb Walker","floor":35.0,"turns":3.0},{"damage":25.0,"enemies":"3 Shapes","floor":37.0,"turns":14.0},{"damage":33,"enemies":"Spire Growth","floor":39,"turns":4},{"damage":62,"enemies":"Nemesis","floor":41,"turns":4}],"seed_played":"-5882200930576569","potions_obtained":[{"floor":5.0,"key":"Explosive Potion"},{"floor":8.0,"key":"Strength Potion"},{"floor":14.0,"key":"LiquidBronze"},{"floor":27.0,"key":"Dexterity Potion"},{"floor":31.0,"key":"Strength Potion"},{"floor":33.0,"key":"GamblersBrew"}],"is_trial":false,"path_per_floor":["M","M","M","?","M","?","R","M","T","R","$","?","E","M","R","B",null,"M","M","?","$","?","R","?","R","T","M","E","$","M","E","R","B",null,"M","?","M","?","M","R","E"],"character_chosen":"IRONCLAD","items_purchased":["Immolate","Shrug It Off","FairyPotion","Evolve"],"campfire_rested":1,"item_purchase_floors":[11,11,29,29],"current_hp_per_floor":[74,75,75,52,18,11,33,17,17,17,17,17,41,58,58,40,77,59,52,52,52,26,26,26,26,26,37,23,23,26,20,20,38,80,74,74,55,55,40,40,0,0],"gold":24,"neow_bonus":"THREE_ENEMY_KILL","is_daily":false,"chose_seed":false,"campfire_upgraded":6,"win_rate":0.0,"timestamp":1612890485,"path_taken":["M","?","?","?","M","?","R","?","T","R","?","?","E","?","R","BOSS","M","M","?","?","?","R","?","R","T","M","E","$","M","E","R","BOSS","M","?","M","?","M","R","E"],"items_purchased_type":["Card","Card","Potion","Card"],"build_version":"2020-12-22","purchased_purges":1,"victory":false,"max_hp_per_floor":[75,75,75,75,75,75,75,75,75,75,75,75,89,89,89,89,89,89,89,89,89,94,94,94,94,94,94,94,94,94,94,94,94,94,94,94,94,89,89,89,89,89],"card_choices":[{"not_picked":["Flex","Fire Breathing"],"picked":"Wild Strike","floor":1.0},{"not_picked":["Bloodletting","Pummel"],"picked":"Anger","floor":2.0},{"not_picked":["Infernal Blade","Havoc"],"picked":"Pommel Strike","floor":3.0},{"not_picked":["Flex","Clothesline"],"picked":"Flame Barrier","floor":5.0},{"not_picked":["Anger","Sentinel","Cleave"],"picked":"SKIP","floor":8.0},{"not_picked":["Sever Soul","Flame Barrier"],"picked":"Body Slam","floor":13.0},{"not_picked":["Second Wind","Havoc"],"picked":"Metallicize","floor":14.0},{"not_picked":["Limit Break","Immolate"],"picked":"Demon Form","floor":16.0},{"not_picked":["Pommel Strike","Burning Pact","Twin Strike"],"picked":"SKIP","floor":18.0},{"not_picked":["Rampage","Flex","Clash"],"picked":"SKIP","floor":19.0},{"not_picked":["Armaments","Clash","Cleave"],"picked":"SKIP","floor":27.0},{"not_picked":["Dropkick","Berserk","Whirlwind"],"picked":"SKIP","floor":28.0},{"not_picked":["Sentinel","Metallicize","Havoc"],"picked":"SKIP","floor":30.0},{"not_picked":["True Grit","Heavy Blade","Shrug It Off"],"picked":"SKIP","floor":31.0},{"not_picked":["Fiend Fire","Feed"],"picked":"Offering","floor":33.0},{"not_picked":["Heavy Blade","Hemokinesis"],"picked":"Burning Pact+1","floor":35.0},{"not_picked":["Carnage","Sever Soul+1","Brutality"],"picked":"SKIP","floor":37.0},{"not_picked":["Thunderclap","Infernal Blade","Headbutt"],"picked":"SKIP","floor":39}],"player_experience":311329,"relics_obtained":[{"floor":9.0,"key":"Meat on the Bone"},{"floor":13.0,"key":"Mango"},{"floor":28.0,"key":"Pantograph"},{"floor":31.0,"key":"Red Skull"}],"event_choices":[{"damage_healed":0.0,"max_hp_gain":0.0,"max_hp_loss":0.0,"gold_gain":0.0,"event_name":"Shining Light","player_choice":"Entered Light","floor":4.0,"gold_loss":0.0,"damage_taken":23.0,"cards_upgraded":["Defend_R","Bash"]},{"damage_healed":0.0,"max_hp_gain":0.0,"max_hp_loss":0.0,"gold_gain":50.0,"event_name":"FaceTrader","player_choice":"Touch","floor":6.0,"gold_loss":0.0,"damage_taken":7.0},{"damage_healed":0.0,"max_hp_gain":0.0,"max_hp_loss":0.0,"gold_gain":50.0,"event_name":"Golden Shrine","player_choice":"Pray","floor":12.0,"gold_loss":0.0,"damage_taken":0.0},{"damage_healed":0.0,"max_hp_gain":0.0,"max_hp_loss":0.0,"gold_gain":0.0,"event_name":"N\u0027loth","player_choice":"Traded Relic","floor":20.0,"relics_lost":["Mango"],"gold_loss":0.0,"damage_taken":0.0,"relics_obtained":["Nloth\u0027s Gift"]},{"damage_healed":0.0,"max_hp_gain":5.0,"max_hp_loss":0.0,"gold_gain":0.0,"event_name":"Forgotten Altar","player_choice":"Shed Blood","floor":22.0,"gold_loss":0.0,"damage_taken":31.0},{"damage_healed":0.0,"max_hp_gain":0.0,"max_hp_loss":0.0,"gold_gain":0.0,"event_name":"The Mausoleum","player_choice":"Ignored","floor":24.0,"gold_loss":0.0,"damage_taken":0.0},{"damage_healed":0.0,"max_hp_gain":0.0,"max_hp_loss":0.0,"gold_gain":0.0,"event_name":"Tomb of Lord Red Mask","player_choice":"Paid","floor":36.0,"gold_loss":199.0,"damage_taken":0.0,"relics_obtained":["Red Mask"]},{"damage_healed":0.0,"max_hp_gain":0.0,"max_hp_loss":5.0,"gold_gain":0.0,"event_name":"Winding Halls","player_choice":"Max HP","floor":38.0,"gold_loss":0.0,"damage_taken":0.0}],"is_beta":false,"boss_relics":[{"not_picked":["Fusion Hammer","Runic Pyramid"],"picked":"Astrolabe"},{"not_picked":["Runic Dome","SlaversCollar"],"picked":"Runic Cube"}],"items_purged_floors":[11],"is_endless":false,"potions_floor_spawned":[5,8,14,27,31,33,35],"killed_by":"Nemesis","ascension_level":20}}