{"host":"qy6st0zp32tctd9l","time":1612880856,"event":{"mods":["BaseMod","Colored Map","Downfall","GifTheSpireLib","Hermit","Marisa£®ÏF”Í°°ƒß¿Ì…≥£©","Minty Spire (QoL Compilation)","Remilia£®¿Ÿ√◊¿Ú—«£©","StSLib","The Cursed","The Servant 0.9.4","UnlockEverythingMod"],"gold_per_floor":[118,128,128,128,144,173,184,184,184,6,81,81,114,114,114,185,185,165,19,19,29,29,29,56,56,56,85,85,85,85,85,85],"floor_reached":31,"language":"ZHS","playtime":1126,"items_purged":["Strike_S","Strike_S"],"score":488,"play_id":"a77305e8-20fc-4608-a08d-5abab7368ace","local_time":"20210209222736","is_ascension_mode":true,"campfire_choices":[{"data":"Embodiment","floor":8.0,"key":"SMITH"},{"floor":12.0,"key":"RECALL"},{"data":"Alleviate","floor":15.0,"key":"SMITH"},{"data":"DoubleEdge","floor":23,"key":"SMITH"},{"data":"Duplication","floor":25,"key":"SMITH"}],"circlet_count":0,"master_deck":["AscendersBane","Strike_S","Strike_S","Defend_S","Defend_S","Defend_S","Defend_S","KidneyShot","Exchange","GearUp","Potential","Alleviate+1","Embodiment+1","Desolation","Deadline","DoubleEdge+1","Defy","FlawlessForm","Advance","StarChef","Duplication+1","WasteNot"],"relics":["SplendidAttire","NeowsBlessing","The Courier","HornCleat","Toy Ornithopter","Lantern","Eternal Feather","Boot"],"acts_visited":["Exordium","TheCity"],"potions_floor_usage":[24,30],"damage_taken":[{"damage":0.0,"enemies":"Small Slimes","floor":1.0,"turns":1.0},{"damage":0.0,"enemies":"Cultist","floor":2.0,"turns":1.0},{"damage":0.0,"enemies":"Jaw Worm","floor":5.0,"turns":1.0},{"damage":21.0,"enemies":"3 Sentries","floor":6.0,"turns":17.0},{"damage":1.0,"enemies":"Looter","floor":7.0,"turns":4.0},{"damage":7.0,"enemies":"Gremlin Nob","floor":13.0,"turns":4.0},{"damage":4.0,"enemies":"Slime Boss","floor":16.0,"turns":9.0},{"damage":4.0,"enemies":"2 Thieves","floor":18.0,"turns":4.0},{"damage":1.0,"enemies":"Shell Parasite","floor":21.0,"turns":7.0},{"damage":7,"enemies":"Book of Stabbing","floor":24,"turns":8},{"damage":48,"enemies":"Gremlin Leader","floor":27,"turns":9},{"damage":0,"enemies":"Centurion and Healer","floor":30,"turns":2},{"damage":0,"enemies":"Shelled Parasite and Fungi","floor":31,"turns":1}],"seed_played":"-6152019091240120834","potions_obtained":[{"floor":2.0,"key":"FearPotion"},{"floor":7.0,"key":"SteroidPotion"},{"floor":13.0,"key":"LiquidMemories"},{"floor":18.0,"key":"Swift Potion"},{"floor":21.0,"key":"Slimebound:ThreeZeroPotion"},{"floor":27,"key":"Energy Potion"},{"floor":28,"key":"SmokeBomb"},{"floor":28,"key":"LiquidMemories"}],"is_trial":false,"path_per_floor":["M","M","?","?","M","E","M","R","T","$","?","R","E","?","R","B",null,"M","$","?","M","?","R","E","R","T","E","?","$","M","M"],"character_chosen":"THE_SERVANT","items_purchased":["Toy Ornithopter","Advance"],"campfire_rested":0,"item_purchase_floors":[10,19],"current_hp_per_floor":[54,54,54,54,54,33,32,32,32,32,21,21,14,14,14,15,49,45,45,45,44,44,44,42,54,54,6,6,6,11,11,11],"gold":85,"neow_bonus":"THREE_ENEMY_KILL","is_daily":false,"chose_seed":false,"campfire_upgraded":4,"win_rate":0.0,"timestamp":1612880856,"path_taken":["M","M","?","?","?","E","M","R","T","$","?","R","E","?","R","BOSS","M","$","?","M","?","R","E","R","T","E","?","$","?","M"],"items_purchased_type":["Relic","Card"],"build_version":"2020-12-22","purchased_purges":2,"victory":false,"max_hp_per_floor":[60,60,60,60,60,60,60,60,60,60,60,60,60,60,60,60,60,60,60,60,60,60,60,60,60,60,60,60,60,60,60,60],"card_choices":[{"not_picked":["Defy","SilverBlades"],"picked":"GearUp","floor":1.0},{"not_picked":["Starlight","TimeWarp"],"picked":"Potential","floor":2.0},{"not_picked":["Collapse","Spin"],"picked":"Desolation","floor":5.0},{"not_picked":["Rewind","InstantArmor"],"picked":"Deadline","floor":6.0},{"not_picked":["Shuttle","Starlight"],"picked":"DoubleEdge","floor":7.0},{"not_picked":["Deny","Shuttle"],"picked":"Defy","floor":13.0},{"not_picked":["KillingDoll","LightFlow"],"picked":"FlawlessForm","floor":16.0},{"not_picked":["Potential","RealityMarble","Rearm"],"picked":"SKIP","floor":18.0},{"not_picked":["WasteNot","Desolation+1"],"picked":"StarChef","floor":21.0},{"not_picked":["FastForward","Comet+1"],"picked":"Duplication","floor":24},{"not_picked":["Collapse","Barrier"],"picked":"WasteNot","floor":27}],"player_experience":214611,"relics_obtained":[{"floor":6.0,"key":"The Courier"},{"floor":9.0,"key":"HornCleat"},{"floor":13.0,"key":"Lantern"},{"floor":24,"key":"Eternal Feather"},{"floor":27,"key":"Boot"}],"event_choices":[{"damage_healed":0.0,"max_hp_gain":0.0,"max_hp_loss":0.0,"gold_gain":0.0,"event_name":"Liars Game","player_choice":"Ignored","floor":3.0,"gold_loss":0.0,"damage_taken":0.0},{"damage_healed":0.0,"max_hp_gain":0.0,"max_hp_loss":0.0,"gold_gain":0.0,"event_name":"Match and Keep!","player_choice":"2 cards matched","floor":4.0,"gold_loss":0.0,"damage_taken":0.0,"cards_obtained":["Alleviate","Embodiment"]},{"damage_healed":0.0,"max_hp_gain":0.0,"max_hp_loss":0.0,"gold_gain":75.0,"event_name":"World of Goop","player_choice":"Gather Gold","floor":11.0,"gold_loss":0.0,"damage_taken":11.0},{"damage_healed":0.0,"max_hp_gain":0.0,"max_hp_loss":0.0,"gold_gain":0.0,"event_name":"Shining Light","player_choice":"Ignored","floor":14.0,"gold_loss":0.0,"damage_taken":0.0},{"damage_healed":0.0,"max_hp_gain":0.0,"max_hp_loss":0.0,"gold_gain":0.0,"event_name":"Vampires","player_choice":"Ignored","floor":20.0,"gold_loss":0.0,"damage_taken":0.0},{"damage_healed":0,"gold_gain":0,"player_choice":"Ignored","damage_taken":0,"max_hp_gain":0,"max_hp_loss":0,"event_name":"The Mausoleum","floor":22,"gold_loss":0},{"damage_healed":0,"gold_gain":0,"player_choice":"Got Potions","damage_taken":0,"max_hp_gain":0,"max_hp_loss":0,"event_name":"Lab","floor":28,"gold_loss":0}],"is_beta":false,"boss_relics":[{"not_picked":["bronze:MakeshiftBattery","Runic Pyramid"],"picked":"SplendidAttire"}],"items_purged_floors":[10,19],"is_endless":false,"potions_floor_spawned":[2,7,13,18,21,27],"killed_by":"Shelled Parasite and Fungi","ascension_level":15}}