{"host":"dv29tre2e7vje47n","time":1612862050,"event":{"mods":["AchievementEnabler","BaseMod","Colored Map","Colored Powertips","DeckTracker","Displayed Cursed Tome","Downfall","Friendly Minions","Googly Eyes","Highlight Path","Infinite Spire","Key Reminder","Minty Spire (QoL Compilation)","Quick Restart","Random Character Button","Rare Cards Sparkle","Relic Sorter","Relic Stats","Replay The Spire","Spire Arcade","Spire Birthday Party","StSLib","SuperFastMode","Unceasing Turn Reminder"],"gold_per_floor":[199,212,36,49,49,79,79,98,125,139,139,139,139,158,171,271,271,271,271,271,271],"floor_reached":19,"language":"ENG","playtime":814,"items_purged":[],"score":211,"play_id":"b26dfcc8-a0fe-4ca8-9e98-a376cec5b50e","local_time":"20210209101410","is_ascension_mode":true,"campfire_choices":[{"data":"sneckomod:TailWhip","floor":1,"key":"SMITH"},{"data":"sneckomod:Cheat","floor":11,"key":"SMITH"},{"floor":13,"key":"REST"},{"data":"sneckomod:WideSting","floor":18,"key":"SMITH"}],"circlet_count":0,"master_deck":["sneckomod:Strike","sneckomod:Strike","sneckomod:Strike","sneckomod:Defend","sneckomod:Defend","sneckomod:Defend","sneckomod:TailWhip+1","sneckomod:SnekBite","sneckomod:Unknown","sneckomod:Unknown","sneckomod:WideSting+1","sneckomod:PureSnecko","sneckomod:Cheat+1","Deep Breath","sneckomod:Unknown3Cost","sneckomod:SerpentMind","sneckomod:UnknownVulnerable","sneckomod:SerpentIdol","sneckomod:Unknown0Cost","sneckomod:Unknown3Cost","sneckomod:UnknownClassTHE_BRONZE_AUTOMATON","sneckomod:UnknownClassTHE_BRONZE_AUTOMATON","sneckomod:UnknownClassTHE_BRONZE_AUTOMATON","sneckomod:UnknownClassTHE_BRONZE_AUTOMATON","sneckomod:UnknownClassTHE_BRONZE_AUTOMATON"],"relics":["sneckomod:SneckoSoul","Pondfish Scales","ReplayTheSpireMod:Lightbulb","ReplayFunnel","infinitespire:PuzzleCube","sneckomod:SneckoBoss"],"acts_visited":["Exordium","TheCity"],"potions_floor_usage":[],"damage_taken":[{"damage":0,"enemies":"2 Louse","floor":2,"turns":3},{"damage":5,"enemies":"downfall:FleeingMerchant","floor":3,"turns":4},{"damage":2,"enemies":"Cultist","floor":4,"turns":3},{"damage":32,"enemies":"3 Sentries","floor":6,"turns":7},{"damage":3,"enemies":"Small Slimes","floor":8,"turns":2},{"damage":14,"enemies":"Gremlin Nob","floor":9,"turns":4},{"damage":7,"enemies":"Gremlin Gang","floor":10,"turns":4},{"damage":0,"enemies":"3 Louse","floor":14,"turns":1},{"damage":0,"enemies":"Red Slaver","floor":15,"turns":2},{"damage":49,"enemies":"IC_STATUS_ARCHETYPE","floor":16,"turns":14},{"damage":26,"enemies":"Spheric Guardian","floor":19,"turns":7}],"seed_played":"2301226426999718603","potions_obtained":[{"floor":2,"key":"Strength Potion"},{"floor":8,"key":"Ancient Potion"},{"floor":14,"key":"Block Potion"}],"is_trial":false,"path_per_floor":["R","M","$","M","?","E","T","M","E","M","R","?","R","M","M","B",null,"R_BF","M"],"character_chosen":"THE_SNECKO","items_purchased":["sneckomod:Cheat","Deep Breath"],"campfire_rested":1,"item_purchase_floors":[3,3],"current_hp_per_floor":[90,90,85,83,83,51,51,48,34,27,27,27,54,54,54,5,90,90,64,64,64],"gold":271,"neow_bonus":"HUNDRED_GOLD","is_daily":false,"chose_seed":false,"campfire_upgraded":3,"win_rate":0.0,"timestamp":1612862050,"path_taken":["R","M","$","M","?","E","T","?","E","M","R","?","R","M","M","BOSS","R_BF","M"],"items_purchased_type":["Card","Card"],"build_version":"2020-12-22","purchased_purges":0,"victory":false,"max_hp_per_floor":[90,90,90,90,90,90,90,90,90,90,90,90,90,90,90,90,90,90,90,90,90],"relic_stats":{"counters":[11,51],"obtain_stats":[{"ReplayFunnel":7,"Pondfish Scales":5,"sneckomod:SneckoSoul":0,"ReplayTheSpireMod:Lightbulb":6,"infinitespire:PuzzleCube":9,"sneckomod:SneckoBoss":17},{"ReplayFunnel":4,"Pondfish Scales":3,"sneckomod:SneckoSoul":0,"ReplayTheSpireMod:Lightbulb":4,"infinitespire:PuzzleCube":6,"sneckomod:SneckoBoss":10},{"ReplayFunnel":17,"Pondfish Scales":10,"sneckomod:SneckoSoul":0,"ReplayTheSpireMod:Lightbulb":17,"infinitespire:PuzzleCube":23,"sneckomod:SneckoBoss":44}]},"card_choices":[{"not_picked":["sneckomod:DiceCrush","sneckomod:IronFang"],"picked":"sneckomod:WideSting","floor":2},{"not_picked":["sneckomod:CheapStock","sneckomod:UnknownDraw"],"picked":"sneckomod:PureSnecko","floor":3},{"not_picked":["sneckomod:UnknownBlock","sneckomod:SoulRoll","sneckomod:QuickBite"],"picked":"SKIP","floor":4},{"not_picked":["sneckomod:SoulCleanse","sneckomod:DiceCrush"],"picked":"sneckomod:Unknown3Cost","floor":6},{"not_picked":["sneckomod:QuickMove","sneckomod:WideSting","sneckomod:SoulRoll"],"picked":"SKIP","floor":8},{"not_picked":["sneckomod:DiceCrush","sneckomod:UnknownUncommonSkill","sneckomod:TrashToTreasure"],"picked":"SKIP","floor":9},{"not_picked":["sneckomod:Memorize","sneckomod:SoulDraw","sneckomod:UnknownStrike"],"picked":"SKIP","floor":10},{"not_picked":["sneckomod:DiceCrush","sneckomod:RainOfDice"],"picked":"sneckomod:SerpentIdol","floor":14},{"not_picked":["sneckomod:WideSting","sneckomod:SoulRoll"],"picked":"sneckomod:Unknown0Cost","floor":15},{"not_picked":["sneckomod:Cheat","sneckomod:SoulExchange"],"picked":"sneckomod:Unknown3Cost","floor":16}],"player_experience":138723,"relics_obtained":[{"floor":5,"key":"Pondfish Scales"},{"floor":6,"key":"ReplayTheSpireMod:Lightbulb"},{"floor":7,"key":"ReplayFunnel"},{"floor":9,"key":"infinitespire:PuzzleCube"}],"event_choices":[{"damage_healed":0,"gold_gain":0,"player_choice":"Relic","damage_taken":0,"max_hp_gain":0,"max_hp_loss":0,"event_name":"Wheel of Change","floor":5,"gold_loss":0}],"is_beta":false,"boss_relics":[{"not_picked":["Replay:Ancient Bell","SlaversCollar"],"picked":"sneckomod:SneckoBoss"}],"items_purged_floors":[],"is_endless":false,"potions_floor_spawned":[2,8,14,16],"killed_by":"Spheric Guardian","ascension_level":1}}