{"host":"5kirneupyg4uzd3w","time":1612892968,"event":{"mods":["BaseMod","Colored Map","Custom Start","Minty Spire (QoL Compilation)","StSLib","SuperFastMode"],"gold_per_floor":[113,133,152,152,166,194,194,213,265,296,296,296,312,327,327,403,403,418,343,393,409,409,440,440,457,526,546,563,28,47,47,47,119,119,136,136,156,54,54,54,85,85,85,97,115,115,144,160,160,160,160,160,160,2,37,37,37],"floor_reached":56,"language":"KOR","playtime":2066,"items_purged":["Strike_R"],"score":2282,"play_id":"f463b597-131a-4370-b937-482360216c06","local_time":"20210210024928","is_ascension_mode":true,"campfire_choices":[{"data":"Fire Breathing","floor":7.0,"key":"SMITH"},{"floor":11.0,"key":"REST"},{"data":"Flame Barrier","floor":15.0,"key":"SMITH"},{"data":"Pommel Strike","floor":24.0,"key":"SMITH"},{"floor":32.0,"key":"REST"},{"data":"Apotheosis","floor":40.0,"key":"SMITH"},{"floor":42.0,"key":"RECALL"},{"data":"Corruption","floor":49.0,"key":"SMITH"},{"data":"Offering","floor":53.0,"key":"SMITH"}],"circlet_count":0,"master_deck":["AscendersBane","Strike_R+1","Defend_R","Defend_R","Defend_R+1","Defend_R","Bash+1","Power Through","Wild Strike","Battle Trance+1","Intimidate","Fire Breathing+1","Flame Barrier+1","Pommel Strike+1","Immolate+1","Shrug It Off+1","Limit Break","Second Wind","Apotheosis+1","Seeing Red","Fire Breathing","Offering+1","Inflame","Second Wind+1","Panacea","Purity","Discovery","Warcry+1","Corruption+1","Exhume+1","Shrug It Off+1","Feel No Pain","Sentinel+1"],"relics":["Burning Blood","Dead Branch","Self Forming Clay","Whetstone","Eternal Feather","Runic Dome","War Paint","Prayer Wheel","Mark of Pain","Singing Bowl","Toxic Egg 2","Oddly Smooth Stone","Anchor"],"acts_visited":["Exordium","TheCity","TheBeyond","TheEnding"],"potions_floor_usage":[56],"damage_taken":[{"damage":9.0,"enemies":"2 Louse","floor":1.0,"turns":3.0},{"damage":15.0,"enemies":"Small Slimes","floor":2.0,"turns":4.0},{"damage":7.0,"enemies":"Cultist","floor":3.0,"turns":4.0},{"damage":5.0,"enemies":"3 Louse","floor":5.0,"turns":4.0},{"damage":32.0,"enemies":"Gremlin Nob","floor":6.0,"turns":4.0},{"damage":19.0,"enemies":"Exordium Thugs","floor":8.0,"turns":5.0},{"damage":12.0,"enemies":"Lagavulin","floor":10.0,"turns":7.0},{"damage":0.0,"enemies":"Gremlin Gang","floor":13.0,"turns":6.0},{"damage":3.0,"enemies":"Large Slime","floor":14.0,"turns":4.0},{"damage":37.0,"enemies":"The Guardian","floor":16.0,"turns":12.0},{"damage":12.0,"enemies":"Spheric Guardian","floor":18.0,"turns":3.0},{"damage":7.0,"enemies":"3 Byrds","floor":21.0,"turns":3.0},{"damage":16.0,"enemies":"Slavers","floor":23.0,"turns":5.0},{"damage":22.0,"enemies":"Centurion and Healer","floor":25.0,"turns":6.0},{"damage":24.0,"enemies":"Shelled Parasite and Fungi","floor":27.0,"turns":4.0},{"damage":12.0,"enemies":"Cultist and Chosen","floor":28.0,"turns":5.0},{"damage":2.0,"enemies":"3 Cultists","floor":30.0,"turns":4.0},{"damage":16.0,"enemies":"Collector","floor":33.0,"turns":5.0},{"damage":0.0,"enemies":"3 Shapes","floor":35.0,"turns":4.0},{"damage":6.0,"enemies":"Orb Walker","floor":37.0,"turns":3.0},{"damage":13.0,"enemies":"Giant Head","floor":41.0,"turns":6.0},{"damage":17.0,"enemies":"Sphere and 2 Shapes","floor":44.0,"turns":4.0},{"damage":11.0,"enemies":"Maw","floor":45.0,"turns":3.0},{"damage":26.0,"enemies":"Reptomancer","floor":47.0,"turns":4.0},{"damage":6.0,"enemies":"Spire Growth","floor":48.0,"turns":4.0},{"damage":10.0,"enemies":"Awakened One","floor":50.0,"turns":8.0},{"damage":10.0,"enemies":"Time Eater","floor":51.0,"turns":6.0},{"damage":65.0,"enemies":"Shield and Spear","floor":55.0,"turns":5.0},{"damage":66,"enemies":"The Heart","floor":56,"turns":3}],"seed_played":"-6624199386248744114","potions_obtained":[{"floor":1.0,"key":"LiquidMemories"},{"floor":6.0,"key":"LiquidBronze"},{"floor":8.0,"key":"Fire Potion"},{"floor":14.0,"key":"EntropicBrew"},{"floor":16.0,"key":"BloodPotion"},{"floor":25.0,"key":"GamblersBrew"},{"floor":36.0,"key":"Regen Potion"},{"floor":47.0,"key":"Strength Potion"}],"is_trial":false,"path_per_floor":["M","M","M","?","M","E","R","M","T","E","R","?","M","M","R","B",null,"M","$","?","M","?","E","R","M","T","M","M","$","M","?","R","B",null,"M","?","M","$","?","R","E","R","T","M","M","?","E","M","R","B","B",null,"R","$","E","B"],"character_chosen":"IRONCLAD","items_purchased":["Apotheosis","Prayer Wheel","Panacea","Feel No Pain","Sentinel+1"],"campfire_rested":2,"item_purchase_floors":[29,29,38,54,54],"current_hp_per_floor":[65,56,55,55,56,30,30,17,17,11,40,33,39,42,51,20,56,50,50,50,49,49,52,61,45,45,27,21,21,25,25,57,47,63,68,68,68,68,58,68,63,70,70,63,60,60,42,42,60,56,52,72,78,78,26,0,0],"gold":37,"neow_bonus":"ONE_RARE_RELIC","is_daily":false,"chose_seed":false,"campfire_upgraded":6,"win_rate":0.0,"timestamp":1612892968,"path_taken":["M","M","M","?","M","E","R","M","T","E","R","?","M","M","R","BOSS","M","$","?","M","?","E","R","M","T","?","M","$","M","?","R","BOSS","M","?","?","$","?","R","E","R","T","M","M","?","E","M","R","BOSS","BOSS","R","$","E","BOSS"],"items_purchased_type":["Card","Relic","Card","Card","Card"],"build_version":"2020-12-22","purchased_purges":1,"victory":false,"max_hp_per_floor":[68,68,68,68,68,68,68,68,68,68,68,68,68,68,68,68,68,68,68,68,68,68,68,68,68,68,68,68,68,68,68,68,68,68,68,68,68,68,68,68,70,70,70,74,76,76,78,78,78,78,78,78,78,78,80,80,80],"card_choices":[{"not_picked":["Iron Wave","Heavy Blade"],"picked":"Power Through","floor":1.0},{"not_picked":["Dual Wield","Clash"],"picked":"Wild Strike","floor":2.0},{"not_picked":["Wild Strike","Headbutt"],"picked":"Battle Trance","floor":3.0},{"not_picked":["Bloodletting","Wild Strike"],"picked":"Fire Breathing","floor":5.0},{"not_picked":["Iron Wave","Dual Wield"],"picked":"Flame Barrier","floor":6.0},{"not_picked":["Flame Barrier","Perfected Strike","Fire Breathing"],"picked":"SKIP","floor":8.0},{"not_picked":["Exhume","Spot Weakness"],"picked":"Pommel Strike","floor":10.0},{"not_picked":["Heavy Blade","Headbutt","Intimidate"],"picked":"SKIP","floor":13.0},{"not_picked":["Sever Soul","Searing Blow","Perfected Strike"],"picked":"SKIP","floor":14.0},{"not_picked":["Berserk","Demon Form"],"picked":"Immolate","floor":16.0},{"not_picked":["Flex","Battle Trance"],"picked":"Shrug It Off+1","floor":18.0},{"not_picked":["Rage","Body Slam","Perfected Strike"],"picked":"SKIP","floor":21.0},{"not_picked":["Sever Soul","Rampage","Thunderclap"],"picked":"SKIP","floor":23.0},{"not_picked":["Wild Strike","Heavy Blade","Thunderclap"],"picked":"SKIP","floor":25.0},{"not_picked":["Wild Strike","Pommel Strike"],"picked":"Limit Break","floor":27.0},{"not_picked":["Body Slam+1","Heavy Blade"],"picked":"Second Wind","floor":28.0},{"not_picked":["Entrench","Rampage"],"picked":"Seeing Red","floor":30.0},{"not_picked":["Power Through","Havoc+1"],"picked":"Fire Breathing","floor":30.0},{"not_picked":["Limit Break","Reaper"],"picked":"Offering","floor":33.0},{"not_picked":["Whirlwind+1","Burning Pact"],"picked":"Inflame","floor":35.0},{"not_picked":["Anger","Rage"],"picked":"Second Wind+1","floor":35.0},{"not_picked":["Wild Strike","Anger","Headbutt"],"picked":"SKIP","floor":37.0},{"not_picked":["Whirlwind+1","Pummel","Entrench"],"picked":"SKIP","floor":37.0},{"not_picked":["Violence","Panacea"],"picked":"Purity","floor":39.0},{"not_picked":["Forethought","Jack Of All Trades"],"picked":"Discovery","floor":39.0},{"not_picked":["Armaments+1","Wild Strike+1","Spot Weakness"],"picked":"Singing Bowl","floor":41.0},{"not_picked":["Warcry+1","Clothesline","True Grit+1"],"picked":"Singing Bowl","floor":44.0},{"not_picked":["Thunderclap","Havoc+1","Perfected Strike"],"picked":"Singing Bowl","floor":44.0},{"not_picked":["Infernal Blade+1","Sword Boomerang","Dropkick"],"picked":"Singing Bowl","floor":45.0},{"not_picked":["Rampage","Clash+1"],"picked":"Warcry+1","floor":45.0},{"not_picked":["Spot Weakness+1","Flex+1","Rage+1"],"picked":"Singing Bowl","floor":47.0},{"not_picked":["Anger","True Grit+1"],"picked":"Exhume+1","floor":48.0},{"not_picked":["Iron Wave","Pommel Strike"],"picked":"Shrug It Off+1","floor":48.0},{"not_picked":["Twin Strike","Hemokinesis","Brutality"],"picked":"Singing Bowl","floor":55.0}],"player_experience":312494,"relics_obtained":[{"floor":6.0,"key":"Self Forming Clay"},{"floor":9.0,"key":"Whetstone"},{"floor":10.0,"key":"Eternal Feather"},{"floor":23.0,"key":"War Paint"},{"floor":41.0,"key":"Singing Bowl"},{"floor":43.0,"key":"Toxic Egg 2"},{"floor":47.0,"key":"Oddly Smooth Stone"},{"floor":55.0,"key":"Anchor"}],"event_choices":[{"damage_healed":0.0,"max_hp_gain":0.0,"max_hp_loss":0.0,"gold_gain":0.0,"cards_transformed":["Strike_R"],"event_name":"Living Wall","player_choice":"Change","floor":4.0,"gold_loss":0.0,"damage_taken":0.0,"cards_obtained":["Intimidate"]},{"cards_removed":["Strike_R"],"damage_healed":0.0,"max_hp_gain":0.0,"max_hp_loss":0.0,"gold_gain":0.0,"event_name":"Golden Wing","player_choice":"Card Removal","floor":12.0,"gold_loss":0.0,"damage_taken":7.0},{"damage_healed":0.0,"max_hp_gain":0.0,"max_hp_loss":0.0,"gold_gain":50.0,"event_name":"Nest","player_choice":"Stole From Cult","floor":20.0,"gold_loss":0.0,"damage_taken":0.0},{"damage_healed":0.0,"max_hp_gain":0.0,"max_hp_loss":0.0,"gold_gain":0.0,"event_name":"Accursed Blacksmith","player_choice":"Forge","floor":22.0,"gold_loss":0.0,"damage_taken":0.0,"cards_upgraded":["Immolate"]},{"cards_removed":["Strike_R"],"damage_healed":0.0,"max_hp_gain":0.0,"max_hp_loss":0.0,"gold_gain":0.0,"event_name":"Back to Basics","player_choice":"Elegance","floor":31.0,"gold_loss":0.0,"damage_taken":0.0},{"damage_healed":0.0,"max_hp_gain":0.0,"max_hp_loss":0.0,"gold_gain":0.0,"event_name":"Lab","player_choice":"Got Potions","floor":36.0,"gold_loss":0.0,"damage_taken":0.0},{"damage_healed":0.0,"max_hp_gain":0.0,"max_hp_loss":0.0,"gold_gain":0.0,"event_name":"SensoryStone","player_choice":"Memory 3","floor":39.0,"gold_loss":0.0,"damage_taken":10.0},{"damage_healed":0.0,"max_hp_gain":0.0,"max_hp_loss":0.0,"gold_gain":0.0,"event_name":"Match and Keep!","player_choice":"1 cards matched","floor":46.0,"gold_loss":0.0,"damage_taken":0.0,"cards_obtained":["Corruption"]}],"is_beta":false,"boss_relics":[{"not_picked":["Ectoplasm","Black Blood"],"picked":"Runic Dome"},{"not_picked":["Tiny House","Runic Pyramid"],"picked":"Mark of Pain"}],"items_purged_floors":[19],"is_endless":false,"potions_floor_spawned":[1,6,8,14,16,21,23,25,30,47],"killed_by":"The Heart","ascension_level":20}}