{"host":"z609fbm6pkeriks8","time":1612909899,"event":{"mods":["AchievementEnabler","BaseMod","Colored Map","Colored Powertips","Highlight Path","Minty Spire (QoL Compilation)","StSLib"],"gold_per_floor":[110,110,124,44,44,78,95,127,150,150,169,234,234,248,248,352,352,366,291,291,303,315,346,358,370,432,444,480,492,538,561,573,683,695,722,734,797,809,832,871,900,945,983,995,1024,1036,1073,1103,1115,1127],"floor_reached":51,"language":"ZHS","playtime":1786,"items_purged":[],"score":986,"play_id":"4d7fe49f-f3c8-4a18-aac1-ace536f5649e","local_time":"20210210063139","is_ascension_mode":true,"campfire_choices":[{"data":"Uppercut","floor":10,"key":"SMITH"},{"data":"Perfected Strike","floor":15,"key":"SMITH"},{"data":"Burning Pact","floor":24,"key":"SMITH"},{"data":"Demon Form","floor":29,"key":"SMITH"},{"floor":32,"key":"REST"},{"floor":46,"key":"REST"},{"floor":49,"key":"REST"}],"circlet_count":0,"master_deck":["Strike_R","Strike_R","Strike_R","Strike_R","Strike_R","Bash","Perfected Strike","Inflame","Uppercut+1","Dropkick","Power Through","Immolate","Perfected Strike+1","Demon Form+1","Burning Pact+1","Spot Weakness","Feed","Infernal Blade+1","Shrug It Off"],"relics":["Black Blood","Omamori","Bag of Preparation","Happy Flower","Vajra","Boot","Singing Bowl","Velvet Choker","MawBank","Tiny Chest","Lantern","Smiling Mask","Pocketwatch","Mercury Hourglass","Letter Opener","Ancient Tea Set","Toy Ornithopter","WarpedTongs","Gremlin Horn"],"acts_visited":["Exordium","TheCity","TheBeyond"],"potions_floor_usage":[16,21,30,33,33,37,40,40,45,45,50],"damage_taken":[{"damage":3,"enemies":"Small Slimes","floor":1,"turns":5},{"damage":1,"enemies":"Cultist","floor":3,"turns":3},{"damage":33,"enemies":"Gremlin Nob","floor":6,"turns":5},{"damage":0,"enemies":"2 Louse","floor":7,"turns":2},{"damage":21,"enemies":"Lagavulin","floor":8,"turns":6},{"damage":4,"enemies":"Blue Slaver","floor":11,"turns":2},{"damage":9,"enemies":"3 Sentries","floor":12,"turns":4},{"damage":0,"enemies":"2 Fungi Beasts","floor":14,"turns":1},{"damage":0,"enemies":"Slime Boss","floor":16,"turns":7},{"damage":11,"enemies":"2 Thieves","floor":18,"turns":2},{"damage":11,"enemies":"Spheric Guardian","floor":21,"turns":3},{"damage":24,"enemies":"Snake Plant","floor":22,"turns":3},{"damage":27,"enemies":"Book of Stabbing","floor":23,"turns":4},{"damage":35,"enemies":"Gremlin Leader","floor":30,"turns":4},{"damage":12,"enemies":"Cultist and Chosen","floor":31,"turns":4},{"damage":29,"enemies":"Champ","floor":33,"turns":6},{"damage":8,"enemies":"Orb Walker","floor":35,"turns":2},{"damage":44,"enemies":"2 Orb Walkers","floor":37,"turns":4},{"damage":21,"enemies":"3 Shapes","floor":39,"turns":2},{"damage":32,"enemies":"Nemesis","floor":40,"turns":5},{"damage":18,"enemies":"3 Darklings","floor":41,"turns":3},{"damage":42,"enemies":"Giant Head","floor":42,"turns":6},{"damage":2,"enemies":"Writhing Mass","floor":45,"turns":3},{"damage":55,"enemies":"Nemesis","floor":47,"turns":5},{"damage":11,"enemies":"Sphere and 2 Shapes","floor":48,"turns":3},{"damage":50,"enemies":"Donu and Deca","floor":50,"turns":6}],"seed_played":"3584551800826231156","potions_obtained":[{"floor":1,"key":"Swift Potion"},{"floor":3,"key":"LiquidMemories"},{"floor":6,"key":"Energy Potion"},{"floor":12,"key":"BlessingOfTheForge"},{"floor":22,"key":"BlessingOfTheForge"},{"floor":23,"key":"Regen Potion"},{"floor":31,"key":"DuplicationPotion"},{"floor":35,"key":"EssenceOfSteel"},{"floor":37,"key":"Regen Potion"},{"floor":40,"key":"CultistPotion"},{"floor":41,"key":"Regen Potion"},{"floor":48,"key":"Strength Potion"}],"is_trial":false,"path_per_floor":["M","?","M","$","?","E","M","E","T","R","M","?","?","M","R","B",null,"M","?","?","M","M","E","R","$","T","?","T","R","E","M","R","B",null,"M","$","?","T","M","E","M","E","T","?","M","R","E","M","R","B",null],"character_chosen":"IRONCLAD","items_purchased":["Uppercut"],"campfire_rested":3,"item_purchase_floors":[4],"current_hp_per_floor":[80,80,80,80,62,35,41,26,26,26,28,27,47,55,55,61,84,81,81,81,78,62,43,43,43,43,43,43,43,26,22,50,27,94,96,96,69,69,65,54,48,20,20,20,47,80,39,45,80,47],"gold":1139,"neow_bonus":"RANDOM_COMMON_RELIC","is_daily":false,"chose_seed":false,"campfire_upgraded":4,"win_rate":0.0,"timestamp":1612909899,"path_taken":["M","?","?","$","?","E","M","E","T","R","M","?","?","M","R","BOSS","M","?","?","?","M","E","R","$","T","?","?","R","E","M","R","BOSS","M","$","?","?","M","E","M","E","T","?","M","R","E","?","R","BOSS"],"items_purchased_type":["Card"],"build_version":"2020-12-22","purchased_purges":0,"victory":true,"max_hp_per_floor":[80,80,80,80,80,80,80,80,80,80,80,82,82,84,84,84,84,86,86,86,88,90,92,92,92,92,92,92,92,92,94,94,94,94,96,96,101,101,106,106,106,108,108,108,110,110,112,117,117,117],"card_choices":[{"not_picked":["Dual Wield","Warcry"],"picked":"Perfected Strike","floor":1},{"not_picked":["Clothesline","Wild Strike"],"picked":"Inflame","floor":3},{"not_picked":["Dual Wield","Shockwave"],"picked":"Dropkick","floor":6},{"not_picked":["Clothesline","Flame Barrier"],"picked":"Power Through","floor":7},{"not_picked":["Havoc","Headbutt"],"picked":"Immolate","floor":8},{"not_picked":["Seeing Red","Flex"],"picked":"Perfected Strike","floor":11},{"not_picked":["Entrench","Warcry","Headbutt"],"picked":"Singing Bowl","floor":12},{"not_picked":["Flex","Heavy Blade","Iron Wave"],"picked":"Singing Bowl","floor":14},{"not_picked":["Impervious","Offering"],"picked":"Demon Form","floor":16},{"not_picked":["Uppercut","Reckless Charge+1","Pommel Strike"],"picked":"Singing Bowl","floor":18},{"not_picked":["Sever Soul","Disarm+1","Pommel Strike"],"picked":"Singing Bowl","floor":21},{"not_picked":["Iron Wave","Sword Boomerang","Perfected Strike"],"picked":"Singing Bowl","floor":22},{"not_picked":["Rage","Power Through","Hemokinesis+1"],"picked":"Singing Bowl","floor":23},{"not_picked":["Warcry","Hemokinesis"],"picked":"Spot Weakness","floor":30},{"not_picked":["Anger","Entrench","Feel No Pain"],"picked":"Singing Bowl","floor":31},{"not_picked":["Juggernaut","Immolate"],"picked":"Feed","floor":33},{"not_picked":["Seeing Red+1","Iron Wave+1","Bloodletting"],"picked":"Singing Bowl","floor":35},{"not_picked":["Dropkick+1","Twin Strike","Iron Wave"],"picked":"Singing Bowl","floor":37},{"not_picked":["Iron Wave","Cleave","Anger"],"picked":"Singing Bowl","floor":39},{"not_picked":["Bludgeon","Anger"],"picked":"Infernal Blade+1","floor":40},{"not_picked":["Rage","Iron Wave"],"picked":"Shrug It Off","floor":41},{"not_picked":["Disarm+1","Second Wind+1","Clash"],"picked":"Singing Bowl","floor":42},{"not_picked":["Iron Wave","Wild Strike","Metallicize"],"picked":"Singing Bowl","floor":45},{"not_picked":["Flex","Sever Soul","Wild Strike"],"picked":"Singing Bowl","floor":47},{"not_picked":["Spot Weakness","True Grit+1","Pommel Strike"],"picked":"Singing Bowl","floor":48}],"player_experience":41607,"relics_obtained":[{"floor":6,"key":"Happy Flower"},{"floor":8,"key":"Vajra"},{"floor":9,"key":"Boot"},{"floor":23,"key":"MawBank"},{"floor":26,"key":"Tiny Chest"},{"floor":28,"key":"Lantern"},{"floor":30,"key":"Smiling Mask"},{"floor":37,"key":"Pocketwatch"},{"floor":38,"key":"Mercury Hourglass"},{"floor":40,"key":"Letter Opener"},{"floor":42,"key":"Ancient Tea Set"},{"floor":43,"key":"Toy Ornithopter"},{"floor":47,"key":"Gremlin Horn"}],"event_choices":[{"cards_removed":["Defend_R"],"damage_healed":0,"gold_gain":0,"player_choice":"Purged","damage_taken":0,"max_hp_gain":0,"max_hp_loss":0,"event_name":"Purifier","floor":2,"gold_loss":0},{"damage_healed":0,"gold_gain":0,"player_choice":"Success","damage_taken":18,"relics_obtained":["Bag of Preparation"],"max_hp_gain":0,"max_hp_loss":0,"event_name":"Scrap Ooze","floor":5,"gold_loss":0},{"damage_healed":0,"gold_gain":0,"player_choice":"Searched \u00273\u0027 times","damage_taken":0,"relics_obtained":["Singing Bowl"],"max_hp_gain":0,"max_hp_loss":0,"event_name":"Dead Adventurer","floor":12,"gold_loss":0},{"damage_healed":20,"gold_gain":0,"player_choice":"Healed and dodged fight","damage_taken":0,"max_hp_gain":0,"max_hp_loss":0,"event_name":"Mushrooms","floor":13,"gold_loss":0,"cards_obtained":["Parasite"]},{"cards_removed":["Defend_R"],"damage_healed":0,"gold_gain":0,"player_choice":"Gave Gold","damage_taken":0,"max_hp_gain":0,"max_hp_loss":0,"event_name":"Beggar","floor":19,"gold_loss":75},{"damage_healed":0,"gold_gain":0,"cards_transformed":["Defend_R"],"player_choice":"Transformed","damage_taken":0,"max_hp_gain":0,"max_hp_loss":0,"event_name":"Transmorgrifier","floor":20,"gold_loss":0,"cards_obtained":["Burning Pact"]},{"cards_removed":["Defend_R"],"damage_healed":0,"gold_gain":0,"player_choice":"Elegance","damage_taken":0,"max_hp_gain":0,"max_hp_loss":0,"event_name":"Back to Basics","floor":27,"gold_loss":0},{"damage_healed":0,"gold_gain":0,"player_choice":"Fight","damage_taken":0,"max_hp_gain":0,"max_hp_loss":0,"event_name":"Mysterious Sphere","floor":37,"gold_loss":0},{"damage_healed":0,"gold_gain":0,"player_choice":"Rummage","damage_taken":0,"relics_obtained":["WarpedTongs"],"max_hp_gain":0,"max_hp_loss":0,"event_name":"Accursed Blacksmith","floor":44,"gold_loss":0,"cards_obtained":["Pain"]}],"is_beta":false,"boss_relics":[{"not_picked":["Mark of Pain","Astrolabe"],"picked":"Velvet Choker"},{"not_picked":["Empty Cage","SacredBark"],"picked":"Black Blood"}],"items_purged_floors":[],"is_endless":false,"potions_floor_spawned":[1,3,6,12,14,22,23,31,35,37,40,41,48],"ascension_level":2}}