{"host":"x5w9zppki4gdwvc7","time":1612914157,"event":{"mods":["AchievementEnabler","BaseMod","Colored Powertips","DeckTracker","Minty Spire (QoL Compilation)","SuperFastMode"],"gold_per_floor":[110,120,70,85,260,260,278,309,336,351,351,378,378,391,391,486,486,499,31,59,59,77,77,104,104,104,138,138,153,53,78,78,78,78],"floor_reached":33,"language":"ENG","playtime":1372,"items_purged":["Doubt","Defend_R"],"score":423,"play_id":"580ebe2f-cb79-4385-88c7-e6f7cd13b69c","local_time":"20210210004237","is_ascension_mode":true,"campfire_choices":[{"data":"Shockwave","floor":6,"key":"SMITH"},{"data":"Perfected Strike","floor":11,"key":"SMITH"},{"floor":13,"key":"REST"},{"data":"Cleave","floor":15,"key":"SMITH"},{"data":"Enlightenment","floor":23,"key":"SMITH"},{"data":"Sentinel","floor":25,"key":"SMITH"},{"data":"Fiend Fire","floor":32,"key":"SMITH"}],"circlet_count":0,"master_deck":["Strike_R","Strike_R","Strike_R","Strike_R","Defend_R","Defend_R","Defend_R","Bash","Shockwave+1","Cleave+1","Clash","Perfected Strike+1","Pommel Strike","Pommel Strike","Fiend Fire+1","Enlightenment+1","Twin Strike","Sentinel+1","Perfected Strike","Pommel Strike","Ghostly Armor"],"relics":["Burning Blood","Ancient Tea Set","Centennial Puzzle","Regal Pillow","Bag of Preparation","Sozu","Anchor","Dream Catcher","Red Mask","Mango","Akabeko","Bottled Flame"],"acts_visited":["Exordium","TheCity"],"potions_floor_usage":[8,8,16],"damage_taken":[{"damage":7,"enemies":"2 Louse","floor":1,"turns":2},{"damage":5,"enemies":"Jaw Worm","floor":2,"turns":4},{"damage":2,"enemies":"Cultist","floor":4,"turns":4},{"damage":0,"enemies":"3 Louse","floor":7,"turns":2},{"damage":20,"enemies":"Lagavulin","floor":8,"turns":7},{"damage":22,"enemies":"Exordium Thugs","floor":10,"turns":5},{"damage":30,"enemies":"3 Sentries","floor":12,"turns":5},{"damage":0,"enemies":"Large Slime","floor":14,"turns":4},{"damage":47,"enemies":"Hexaghost","floor":16,"turns":9},{"damage":19,"enemies":"Shell Parasite","floor":18,"turns":4},{"damage":7,"enemies":"Masked Bandits","floor":20,"turns":3},{"damage":0,"enemies":"Chosen","floor":22,"turns":3},{"damage":16,"enemies":"Gremlin Leader","floor":24,"turns":5},{"damage":19,"enemies":"Book of Stabbing","floor":27,"turns":4},{"damage":0,"enemies":"Snake Plant","floor":29,"turns":1},{"damage":37,"enemies":"Gremlin Leader","floor":31,"turns":5},{"damage":66,"enemies":"Champ","floor":33,"turns":7}],"seed_played":"-4203114305834898712","potions_obtained":[{"floor":1,"key":"SteroidPotion"},{"floor":4,"key":"SteroidPotion"},{"floor":12,"key":"FearPotion"},{"floor":16,"key":"FearPotion"}],"is_trial":false,"path_per_floor":["M","M","?","M","?","R","M","E","T","M","R","E","R","M","R","B",null,"M","$","?","?","M","R","E","R","T","E","?","M","$","E","R","B"],"character_chosen":"IRONCLAD","items_purchased":["Enlightenment","Anchor","Dream Catcher"],"campfire_rested":1,"item_purchase_floors":[19,19,19],"current_hp_per_floor":[71,72,72,76,76,76,80,66,66,50,50,26,65,71,71,30,68,55,55,54,54,60,60,64,64,64,51,82,88,88,57,57,0,0],"gold":78,"neow_bonus":"RANDOM_COMMON_RELIC","is_daily":false,"chose_seed":false,"campfire_upgraded":6,"win_rate":0.0,"timestamp":1612914157,"path_taken":["M","M","?","M","?","R","M","E","T","M","R","E","R","M","R","BOSS","M","$","?","?","M","R","E","R","T","E","?","M","$","E","R","BOSS"],"items_purchased_type":["Card","Relic","Relic"],"build_version":"2020-12-22","purchased_purges":2,"victory":false,"max_hp_per_floor":[80,80,80,80,80,80,80,80,80,80,80,80,80,80,80,80,80,80,80,80,80,80,80,94,94,94,94,94,94,94,94,94,94,94],"card_choices":[{"not_picked":["Whirlwind","Inflame"],"picked":"Shockwave","floor":1},{"not_picked":["Body Slam","Warcry"],"picked":"Cleave","floor":2},{"not_picked":["Thunderclap","Pummel"],"picked":"Clash","floor":4},{"not_picked":["Thunderclap","Pommel Strike"],"picked":"Perfected Strike","floor":7},{"not_picked":["Shrug It Off","Iron Wave"],"picked":"Pommel Strike","floor":8},{"not_picked":["Cleave","Sword Boomerang","Havoc"],"picked":"SKIP","floor":10},{"not_picked":["Carnage","Entrench","Limit Break"],"picked":"SKIP","floor":12},{"not_picked":["Clothesline","Anger"],"picked":"Pommel Strike","floor":14},{"not_picked":["Exhume","Berserk"],"picked":"Fiend Fire","floor":16},{"not_picked":["Searing Blow","Blood for Blood","Combust"],"picked":"SKIP","floor":18},{"not_picked":["Shockwave+1","Thunderclap"],"picked":"Twin Strike","floor":20},{"not_picked":["Flex","Pommel Strike"],"picked":"Sentinel","floor":22},{"not_picked":["Anger+1","Pommel Strike"],"picked":"Perfected Strike","floor":24},{"not_picked":["Limit Break","Dropkick+1"],"picked":"Pommel Strike","floor":27},{"not_picked":["Cleave","Flame Barrier+1","Blood for Blood"],"picked":"SKIP","floor":29},{"not_picked":["Headbutt","Feed","Ghostly Armor"],"picked":"SKIP","floor":31},{"not_picked":["Headbutt","Feed"],"picked":"Ghostly Armor","floor":31}],"player_experience":583415,"relics_obtained":[{"floor":8,"key":"Centennial Puzzle"},{"floor":9,"key":"Regal Pillow"},{"floor":12,"key":"Bag of Preparation"},{"floor":20,"key":"Red Mask"},{"floor":24,"key":"Mango"},{"floor":27,"key":"Akabeko"},{"floor":31,"key":"Bottled Flame"}],"event_choices":[{"cards_removed":["Strike_R"],"damage_healed":0,"gold_gain":0,"player_choice":"Card Removal","damage_taken":0,"max_hp_gain":0,"max_hp_loss":0,"event_name":"The Cleric","floor":3,"gold_loss":50},{"damage_healed":0,"gold_gain":175,"player_choice":"AGREE","damage_taken":0,"max_hp_gain":0,"max_hp_loss":0,"event_name":"Liars Game","floor":5,"gold_loss":0,"cards_obtained":["Doubt"]},{"damage_healed":0,"gold_gain":0,"player_choice":"Fought Bandits","damage_taken":0,"max_hp_gain":0,"max_hp_loss":0,"event_name":"Masked Bandits","floor":20,"gold_loss":0},{"damage_healed":0,"gold_gain":0,"player_choice":"Ignored","damage_taken":0,"max_hp_gain":0,"max_hp_loss":0,"event_name":"Ghosts","floor":21,"gold_loss":0},{"damage_healed":31,"gold_gain":0,"player_choice":"Heal","damage_taken":0,"max_hp_gain":0,"max_hp_loss":0,"event_name":"The Library","floor":28,"gold_loss":0}],"is_beta":false,"boss_relics":[{"not_picked":["Ectoplasm","Coffee Dripper"],"picked":"Sozu"}],"items_purged_floors":[19,30],"is_endless":false,"potions_floor_spawned":[1,4,12,16,18,24],"killed_by":"Champ","ascension_level":7}}