{"host":"kx62hxkutszy5nb0","time":1612875052,"event":{"mods":["2.2 Compatiblity","AchievementEnabler","Aspiration","BaseMod","Better Altar","Better Match","Better Note","Better Sensory Stone","Better Skull","Better Third Choice","Better Vampires","CCEM2","Colored Map","Colored Powertips","Conspire","Custom Start","Dark Map","Defuse TimeMaze Blight","Displayed Cursed Tome","Downfall","Fiend Mod","Hermit","Hubris","Infinite Spire","Jorbs\u0027s Wanderer Trilogy","Koishi","Marked Mod","Minty Spire (QoL Compilation)","Prisma Mod","Relic Sorter","Relic Stats","Replay The Spire","Shade Mod","Shop Mod","Spikes Relics","StSLib","Td1madao Mod","The Alterego","The Construct","The Cursed","The Exalted","The Forsaken","The Judge","The Jungle","The Marked","TheSwordswoman","TheVacant","Uncapped","Virulent Crown","Yuri Mod","everything is the same but u backflip on backflip"],"gold_per_floor":[190,202,222,267,282,282,282,182,216,228,256,256,256,51,68,164,164,64,74,149,59,75,109,109,109,125,125,143,306,326,336,362,463,463,463,482,495,507,455,467,467,467,480,528,528,557,557,588,488,488,488,488,488,488],"floor_reached":52,"language":"ENG","playtime":3279,"items_purged":["Amnesia"],"score":844,"play_id":"795aabd0-5e7b-4026-8db2-be87693e28dc","local_time":"20210209225052","is_ascension_mode":false,"campfire_choices":[{"floor":8,"key":"REST"},{"floor":12,"key":"RECALL"},{"data":"bronze:Verify","floor":18,"key":"SMITH"},{"floor":42,"key":"REST"},{"floor":47,"key":"REST"},{"floor":49,"key":"REST"}],"circlet_count":0,"master_deck":["bronze:Strike","bronze:Strike","bronze:Strike","bronze:Strike","bronze:Defend","bronze:Defend","bronze:Defend","bronze:Defend","bronze:Replicate","bronze:Goto","bronze:Optimize","bronze:BronzeOrb","bronze:WhirlingStrike","bronze:Iterate","bronze:AlphaBuild","bronze:DelayedSlice","bronze:Verify+1","bronze:ChosenStrike","bronze:WhirlingStrike","bronze:ShipIt","bronze:MaxOutput","bronze:OilSpill+1","bronze:Iterate","bronze:BronzeOrb+1","bronze:CloningBeam","bronze:DelayedGuard","bronze:ItsAFeature+1","bronze:Repair","expansioncontent:InvincibleStrength","bronze:Fortify","bronze:Overheat","bronze:Safeguard+1","bronze:BurnOut","bronze:OilSpill","bronze:Iterate+1","bronze:Deprecate+1","bronze:Repair+1","bronze:FineTuning+1","bronze:ThunderWave","bronze:Flail","bronze:OilSpill"],"relics":["bronze:BronzeCore","Bromod:ArcanePistoleer","downfall:HeartBlessingBlue","downfall:HeartBlessingRed","BicycleWheel","CCEMRelics:JestersCrown","Pocketwatch","Ring of Hypnosis","ReplayTheSpireMod:Ring of Addiction","hubris:EmptyBottle","White Beast Statue","CCEMRelics:BiPhaseBiplane","Bromod:ArcaneBarrier","CCEMRelics:WhiteRose","Bromod:ArcaneFury","MealTicket","CCEMRelics:DefectiveTurbocharger","Replay:Lucky Slots","bronze:MakeshiftBattery","Replay:Baseball","conspire:InfiniteJournal","SacredBark","Art of War","infinitespire:CheckeredPen","downfall:HeartBlessingGreen"],"acts_visited":["Exordium","TheCity","TheBeyond","TheEnding"],"potions_floor_usage":[11,16,16,16,16,19,19,21,22,22,22,22,23,23,28,28,28,28,28,29,29,30,30,32,33,33,33,33,33,36,37,38,38,40,40,40,43,43,43,43,43,44,44,46,46,48,48,50,50],"damage_taken":[{"damage":0,"enemies":"Cultist","floor":2,"turns":4},{"damage":6,"enemies":"Jaw Worm","floor":3,"turns":5},{"damage":32,"enemies":"conspire:MimicChest","floor":4,"turns":8},{"damage":1,"enemies":"2 Louse","floor":5,"turns":2},{"damage":11,"enemies":"Lagavulin","floor":9,"turns":5},{"damage":1,"enemies":"Exordium Wildlife","floor":10,"turns":4},{"damage":2,"enemies":"3 Sentries","floor":11,"turns":2},{"damage":0,"enemies":"downfall:FleeingMerchant","floor":14,"turns":4},{"damage":0,"enemies":"Red Slaver","floor":15,"turns":2},{"damage":8,"enemies":"SI_SHIV_ARCHETYPE","floor":16,"turns":3},{"damage":5,"enemies":"Shell Parasite","floor":19,"turns":4},{"damage":0,"enemies":"downfall:FleeingMerchant","floor":21,"turns":4},{"damage":0,"enemies":"3 Byrds","floor":22,"turns":2},{"damage":0,"enemies":"Gremlin Leader","floor":23,"turns":3},{"damage":6,"enemies":"Snake Plant","floor":26,"turns":3},{"damage":25,"enemies":"Shelled Parasite and Fungi","floor":28,"turns":5},{"damage":0,"enemies":"downfall:FleeingMerchant","floor":29,"turns":3},{"damage":15,"enemies":"Centurion and Healer","floor":30,"turns":5},{"damage":18,"enemies":"Snecko","floor":31,"turns":5},{"damage":14,"enemies":"3 Cultists","floor":32,"turns":5},{"damage":25,"enemies":"IC_MUSHROOM_ARCHETYPE","floor":33,"turns":7},{"damage":19,"enemies":"3 Shapes","floor":36,"turns":4},{"damage":9,"enemies":"Orb Walker","floor":37,"turns":4},{"damage":19,"enemies":"Sphere and 2 Shapes","floor":38,"turns":5},{"damage":36,"enemies":"3 Darklings","floor":40,"turns":4},{"damage":10,"enemies":"Transient","floor":43,"turns":5},{"damage":3,"enemies":"2 Orb Walkers","floor":44,"turns":5},{"damage":54,"enemies":"Reptomancer","floor":46,"turns":5},{"damage":3,"enemies":"Nemesis","floor":48,"turns":5},{"damage":5,"enemies":"WA_ARCHETYPE_DIVINITY","floor":50,"turns":6},{"damage":116,"enemies":"downfall:CharBossMerchant","floor":52,"turns":7}],"seed_played":"1041274667975830659","potions_obtained":[{"floor":4,"key":"Block Potion"},{"floor":9,"key":"infinitespire:BlackPotion"},{"floor":10,"key":"hexamod:SoulburnPotion"},{"floor":13,"key":"PowerPotion"},{"floor":13,"key":"Dexterity Potion"},{"floor":16,"key":"Weak Potion"},{"floor":19,"key":"Block Potion"},{"floor":21,"key":"Explosive Potion"},{"floor":22,"key":"AttackPotion"},{"floor":23,"key":"bronze:FreeFunctionsPotion"},{"floor":26,"key":"Guardian:BlockOnCardUsePotion"},{"floor":28,"key":"champ:CounterPotion"},{"floor":29,"key":"Fire Potion"},{"floor":30,"key":"DistilledChaos"},{"floor":31,"key":"Milkshake"},{"floor":32,"key":"Swift Potion"},{"floor":33,"key":"BlessingOfTheForge"},{"floor":36,"key":"SteroidPotion"},{"floor":37,"key":"FearPotion"},{"floor":38,"key":"Ancient Potion"},{"floor":40,"key":"AttackPotion"},{"floor":43,"key":"infinitespire:BlackPotion"},{"floor":44,"key":"AttackPotion"},{"floor":46,"key":"Toxic Potion"},{"floor":48,"key":"champ:CounterPotion"}],"is_trial":false,"path_per_floor":["R_BF","M","M","?","M","?","T","R","E","M","E","R","?","$","M","B",null,"R","M","T","$","M","E","T","R","M","AVR","M","$","M","M","M","B",null,"R_BF","M","M","M","$","M","T","R","M","?","AVR","E","R","E","R","B",null,"E"],"character_chosen":"THE_AUTOMATON","items_purchased":["bronze:ChosenStrike","CCEMRelics:BiPhaseBiplane","bronze:Repair","expansioncontent:InvincibleStrength","Adrenaline Potion"],"campfire_rested":4,"item_purchase_floors":[14,14,29,29,39],"current_hp_per_floor":[77,77,71,39,38,38,38,74,63,62,60,60,60,60,60,52,87,87,82,82,82,82,82,82,82,76,76,51,66,51,43,29,4,85,85,66,57,45,60,31,31,56,46,53,53,16,41,56,81,80,85,0,0,0],"gold":488,"neow_bonus":"TEN_PERCENT_HP_BONUS","is_daily":false,"chose_seed":false,"campfire_upgraded":1,"win_rate":0.0,"timestamp":1612875052,"path_taken":["R_BF","M","M","?","?","?","T","R","E","M","E","R","?","?","M","BOSS","R","M","?","$","?","E","T","R","M","AVR","M","?","?","M","M","BOSS","R_BF","M","M","M","$","M","T","R","M","?","AVR","E","R","E","R","BOSS","E"],"items_purchased_type":["Card","Relic","Card","Card","Potion"],"build_version":"2020-12-22","purchased_purges":1,"victory":false,"max_hp_per_floor":[77,77,77,77,77,77,77,87,87,87,87,87,87,87,87,87,87,87,87,87,87,87,87,87,87,87,85,85,85,85,85,85,85,85,85,85,85,85,85,85,85,85,85,85,85,85,85,85,85,85,85,85,85,85],"relic_stats":{"counters":[31,135],"MealTicket":30,"Art of War":[3],"obtain_stats":[{"bronze:BronzeCore":0,"SacredBark":45,"Bromod:ArcanePistoleer":45,"downfall:HeartBlessingGreen":49,"hubris:EmptyBottle":13,"conspire:InfiniteJournal":44,"downfall:HeartBlessingBlue":8,"MealTicket":24,"Replay:Lucky Slots":27,"CCEMRelics:WhiteRose":20,"BicycleWheel":4,"CCEMRelics:JestersCrown":9,"Ring of Hypnosis":13,"downfall:HeartBlessingRed":18,"ReplayTheSpireMod:Ring of Addiction":13,"infinitespire:CheckeredPen":48,"White Beast Statue":13,"Replay:Baseball":41,"CCEMRelics:BiPhaseBiplane":14,"CCEMRelics:DefectiveTurbocharger":27,"Bromod:ArcaneBarrier":17,"Art of War":46,"bronze:MakeshiftBattery":34,"Pocketwatch":11,"Bromod:ArcaneFury":23},{"bronze:BronzeCore":0,"SacredBark":27,"Bromod:ArcanePistoleer":27,"downfall:HeartBlessingGreen":29,"hubris:EmptyBottle":7,"conspire:InfiniteJournal":27,"downfall:HeartBlessingBlue":4,"MealTicket":14,"Replay:Lucky Slots":15,"CCEMRelics:WhiteRose":11,"BicycleWheel":3,"CCEMRelics:JestersCrown":5,"Ring of Hypnosis":7,"downfall:HeartBlessingRed":10,"ReplayTheSpireMod:Ring of Addiction":7,"infinitespire:CheckeredPen":29,"White Beast Statue":7,"Replay:Baseball":25,"CCEMRelics:BiPhaseBiplane":8,"CCEMRelics:DefectiveTurbocharger":15,"Bromod:ArcaneBarrier":10,"Art of War":28,"bronze:MakeshiftBattery":21,"Pocketwatch":7,"Bromod:ArcaneFury":14},{"bronze:BronzeCore":0,"SacredBark":112,"Bromod:ArcanePistoleer":112,"downfall:HeartBlessingGreen":122,"hubris:EmptyBottle":30,"conspire:InfiniteJournal":112,"downfall:HeartBlessingBlue":19,"MealTicket":52,"Replay:Lucky Slots":55,"CCEMRelics:WhiteRose":43,"BicycleWheel":17,"CCEMRelics:JestersCrown":24,"Ring of Hypnosis":30,"downfall:HeartBlessingRed":39,"ReplayTheSpireMod:Ring of Addiction":30,"infinitespire:CheckeredPen":122,"White Beast Statue":30,"Replay:Baseball":102,"CCEMRelics:BiPhaseBiplane":34,"CCEMRelics:DefectiveTurbocharger":55,"Bromod:ArcaneBarrier":39,"Art of War":117,"bronze:MakeshiftBattery":85,"Pocketwatch":30,"Bromod:ArcaneFury":52}],"Pocketwatch":[54]},"card_choices":[{"not_picked":["bronze:BitShift","bronze:ForceShield"],"picked":"bronze:Optimize","floor":2},{"not_picked":["bronze:DelayedGuard","bronze:Boost"],"picked":"bronze:BronzeOrb","floor":3},{"not_picked":["bronze:DarkDash","bronze:Branch"],"picked":"bronze:WhirlingStrike","floor":4},{"not_picked":["bronze:Optimize","bronze:Frontload"],"picked":"bronze:Iterate","floor":5},{"not_picked":["bronze:DarkDash","bronze:FindAndReplace"],"picked":"bronze:AlphaBuild","floor":9},{"not_picked":["bronze:BuggyMess","bronze:CloningBeam"],"picked":"bronze:DelayedSlice","floor":10},{"not_picked":["bronze:FineTuning","bronze:DelayedSlice"],"picked":"bronze:Verify","floor":11},{"not_picked":["bronze:Overload","bronze:Boost","bronze:Overheat"],"picked":"SKIP","floor":14},{"not_picked":["bronze:Invalidate","bronze:Frontload"],"picked":"bronze:WhirlingStrike","floor":15},{"not_picked":["bronze:CleanCode","bronze:Break"],"picked":"bronze:ShipIt","floor":16},{"not_picked":["bronze:ItsAFeature+1","bronze:ClassDefault"],"picked":"bronze:MaxOutput","floor":19},{"not_picked":["bronze:Turbo","bronze:Shield"],"picked":"bronze:OilSpill+1","floor":21},{"not_picked":["bronze:Overheat","bronze:Turbo"],"picked":"bronze:Iterate","floor":22},{"not_picked":["bronze:Frontload+1","bronze:DelayedGuard"],"picked":"bronze:BronzeOrb+1","floor":23},{"not_picked":["bronze:Overheat","bronze:Return"],"picked":"bronze:CloningBeam","floor":26},{"not_picked":["bronze:Shield","bronze:Optimize"],"picked":"bronze:DelayedGuard","floor":28},{"not_picked":["bronze:ForLoop","bronze:Deprecate"],"picked":"bronze:ItsAFeature+1","floor":29},{"not_picked":["bronze:FollowUp","bronze:Boost"],"picked":"bronze:Fortify","floor":30},{"not_picked":["bronze:Allocate","bronze:ForLoop"],"picked":"bronze:Overheat","floor":31},{"not_picked":["bronze:Virus","bronze:DarkDash"],"picked":"bronze:Safeguard+1","floor":32},{"not_picked":["bronze:ShipIt","bronze:RecursiveStrike"],"picked":"bronze:BurnOut","floor":33},{"not_picked":["bronze:Turbo+1","bronze:ChildClass"],"picked":"bronze:OilSpill","floor":36},{"not_picked":["bronze:Invalidate","bronze:DelayedGuard+1"],"picked":"bronze:Iterate+1","floor":37},{"not_picked":["bronze:Turbo","bronze:Repulsor"],"picked":"bronze:Deprecate+1","floor":38},{"not_picked":["bronze:Fortify+1","bronze:DigitalCarnage"],"picked":"bronze:Repair+1","floor":40},{"not_picked":["bronze:Iterate+1","bronze:Overheat+1"],"picked":"bronze:FineTuning+1","floor":43},{"not_picked":["bronze:CloningBeam+1","bronze:FollowUp+1"],"picked":"bronze:ThunderWave","floor":44},{"not_picked":["bronze:Shield+1","bronze:Deprecate"],"picked":"bronze:Flail","floor":46},{"not_picked":["bronze:Turbo+1","bronze:Branch+1"],"picked":"bronze:OilSpill","floor":48}],"player_experience":746193,"relics_obtained":[{"floor":4,"key":"BicycleWheel"},{"floor":9,"key":"CCEMRelics:JestersCrown"},{"floor":11,"key":"Pocketwatch"},{"floor":13,"key":"Ring of Hypnosis"},{"floor":13,"key":"ReplayTheSpireMod:Ring of Addiction"},{"floor":13,"key":"hubris:EmptyBottle"},{"floor":13,"key":"White Beast Statue"},{"floor":20,"key":"CCEMRelics:WhiteRose"},{"floor":23,"key":"Bromod:ArcaneFury"},{"floor":24,"key":"MealTicket"},{"floor":41,"key":"Replay:Baseball"},{"floor":44,"key":"conspire:InfiniteJournal"},{"floor":46,"key":"Art of War"},{"floor":48,"key":"infinitespire:CheckeredPen"}],"event_choices":[{"damage_healed":0,"gold_gain":0,"player_choice":"Fight","damage_taken":0,"max_hp_gain":0,"max_hp_loss":0,"event_name":"Mysterious Sphere","floor":44,"gold_loss":0}],"is_beta":false,"boss_relics":[{"not_picked":["Abe\u0027s Treasure","Fusion Hammer"],"picked":"Bromod:ArcaneBarrier"},{"not_picked":["aspiration:SilentSkillbook","hubris:VirtuousBlindfold"],"picked":"bronze:MakeshiftBattery"}],"items_purged_floors":[21],"is_endless":false,"potions_floor_spawned":[4,9,10,14,15,16,19,21,22,23,26,28,29,30,31,32,33,36,37,38,40,43,44,46,48],"killed_by":"downfall:CharBossMerchant","ascension_level":0}}