{"host":"36t3qd3wjvajtu1z","time":1612910463,"event":{"mods":["2.2 Compatiblity","AchievementEnabler","BaseMod","Bestiary","Block Reminder","Colored Powertips","Curses Come First","Highlight Path","Minty Spire (QoL Compilation)","Permanent Neow","Quick Restart","Random Character Button","Rare Cards Sparkle","Relic Stats","Slay-I","StSLib","Unknown Chances"],"gold_per_floor":[110,124,134,284,284,284,319,319,388,17,17,33,67,91,91,91,91],"floor_reached":16,"language":"ENG","playtime":857,"items_purged":[],"score":215,"play_id":"3e4251cd-7799-4b0a-ae4f-ba1315b58df5","local_time":"20210209144103","is_ascension_mode":true,"campfire_choices":[{"data":"Malaise","floor":6.0,"key":"SMITH"},{"floor":8.0,"key":"REST"},{"data":"Tactician","floor":11.0,"key":"SMITH"},{"data":"Well Laid Plans","floor":15.0,"key":"SMITH"}],"circlet_count":0,"master_deck":["AscendersBane","Strike_G","Strike_G","Strike_G","Strike_G","Defend_G","Defend_G","Defend_G","Defend_G","Defend_G","Survivor","Neutralize","Tactician+1","Dagger Throw","All Out Attack","Malaise+1","Doubt","Well Laid Plans+1","Underhanded Strike","Backstab","PiercingWail","Noxious Fumes","Calculated Gamble"],"relics":["Ring of the Snake","Golden Idol","Dream Catcher","Blue Candle","Pantograph","Bag of Preparation"],"acts_visited":["Exordium"],"potions_floor_usage":[],"damage_taken":[{"damage":0.0,"enemies":"Cultist","floor":1.0,"turns":4.0},{"damage":1.0,"enemies":"2 Louse","floor":2.0,"turns":3.0},{"damage":3.0,"enemies":"Small Slimes","floor":3.0,"turns":3.0},{"damage":13.0,"enemies":"3 Sentries","floor":7.0,"turns":5.0},{"damage":0.0,"enemies":"3 Louse","floor":12.0,"turns":2.0},{"damage":37.0,"enemies":"Gremlin Nob","floor":13.0,"turns":5.0},{"damage":6.0,"enemies":"Large Slime","floor":14.0,"turns":4.0},{"damage":15,"enemies":"Slime Boss","floor":16,"turns":5}],"seed_played":"4478568355079105950","potions_obtained":[{"floor":2.0,"key":"LiquidBronze"},{"floor":3.0,"key":"PowerPotion"}],"is_trial":false,"path_per_floor":["M","M","M","?","?","R","E","R","T","$","R","M","E","M","R","B"],"character_chosen":"THE_SILENT","items_purchased":["Backstab","Pantograph"],"campfire_rested":1,"item_purchase_floors":[10,10],"current_hp_per_floor":[59,58,55,55,55,55,42,60,60,60,60,60,23,17,17,27,27],"gold":91,"neow_bonus":"TRANSFORM_CARD","is_daily":false,"chose_seed":false,"campfire_upgraded":3,"win_rate":0.0,"timestamp":1612910463,"path_taken":["M","?","M","?","?","R","E","R","T","$","R","M","E","M","R","BOSS"],"items_purchased_type":["Card","Relic"],"build_version":"2020-12-22","purchased_purges":0,"victory":false,"max_hp_per_floor":[66,66,66,66,60,60,60,60,60,60,60,60,60,60,60,60,60],"relic_stats":{"Dream Catcher":1,"counters":[8,31],"Golden Idol":22,"Blue Candle":[2],"Pantograph":25,"Bag of Preparation":[4],"obtain_stats":[{"Dream Catcher":7,"Golden Idol":5,"Blue Candle":9,"Pantograph":10,"Bag of Preparation":13,"Ring of the Snake":0},{"Dream Catcher":4,"Golden Idol":3,"Blue Candle":4,"Pantograph":4,"Bag of Preparation":6,"Ring of the Snake":0},{"Dream Catcher":15,"Golden Idol":10,"Blue Candle":15,"Pantograph":15,"Bag of Preparation":22,"Ring of the Snake":0}],"Ring of the Snake":[16]},"card_choices":[{"not_picked":["Deflect","Dagger Spray"],"picked":"Dagger Throw","floor":1.0},{"not_picked":["Deflect","Predator"],"picked":"All Out Attack","floor":2.0},{"not_picked":["Riddle With Holes","Outmaneuver"],"picked":"Malaise","floor":3.0},{"not_picked":["Footwork","Blur"],"picked":"Well Laid Plans","floor":7.0},{"not_picked":["Terror","Blade Dance"],"picked":"Underhanded Strike","floor":8.0},{"not_picked":["Well Laid Plans","Deadly Poison"],"picked":"PiercingWail","floor":12.0},{"not_picked":["PiercingWail","Burst"],"picked":"Noxious Fumes","floor":13.0},{"not_picked":["Concentrate","Deadly Poison"],"picked":"Calculated Gamble","floor":14.0}],"player_experience":451137,"relics_obtained":[{"floor":7.0,"key":"Dream Catcher"},{"floor":9.0,"key":"Blue Candle"},{"floor":13.0,"key":"Bag of Preparation"}],"event_choices":[{"damage_healed":0.0,"max_hp_gain":0.0,"max_hp_loss":0.0,"gold_gain":150.0,"event_name":"Liars Game","player_choice":"AGREE","floor":4.0,"gold_loss":0.0,"damage_taken":0.0,"cards_obtained":["Doubt"]},{"damage_healed":0.0,"max_hp_gain":0.0,"max_hp_loss":6.0,"gold_gain":0.0,"event_name":"Golden Idol","player_choice":"Lose Max HP","floor":5.0,"gold_loss":0.0,"damage_taken":0.0,"relics_obtained":["Golden Idol"]}],"is_beta":false,"boss_relics":[],"items_purged_floors":[],"is_endless":false,"potions_floor_spawned":[2,3],"killed_by":"Slime Boss","ascension_level":19}}