{"host":"28p8ce41sjwa6lzf","time":1612907874,"event":{"mods":["BaseMod","Bestiary","Colored Map","Colored Powertips","Dark Map","Highlight Path","Minty Spire (QoL Compilation)","Permanent Neow","Quick Restart","Random Character Button","Rare Cards Sparkle","Relic Stats","StSLib","Unceasing Turn Reminder"],"gold_per_floor":[119,119,130,148,108,108,143,143,143,168,186,220,33,48,48,126,126,136,155,155,41,41,66,66,93,93,126,126,41,73,103,103,180,180,190,115,165,65,85,110,139,159,182,217,217,249,274,274,274,274,274,274,274,66,99,99],"floor_reached":57,"language":"ENG","playtime":4829,"items_purged":["Strike_B","Defend_B"],"score":2910,"play_id":"a55d5235-30b2-487b-b845-ae43ca9c4ee8","local_time":"20210209155754","is_ascension_mode":true,"campfire_choices":[{"data":"Cold Snap","floor":6.0,"key":"SMITH"},{"data":"Streamline","floor":8.0,"key":"SMITH"},{"data":"Sweeping Beam","floor":15.0,"key":"SMITH"},{"floor":24.0,"key":"REST"},{"floor":28.0,"key":"REST"},{"floor":32.0,"key":"REST"},{"floor":45.0,"key":"RECALL"},{"floor":49.0,"key":"REST"},{"floor":53.0,"key":"REST"}],"circlet_count":0,"master_deck":["AscendersBane","Defend_B","Defend_B","Defend_B","Zap","Dualcast","White Noise","Cold Snap+1","Coolheaded","Leap","Streamline+1","Hyperbeam","Sweeping Beam+1","Electrodynamics","Leap","Rebound","Biased Cognition","Coolheaded+1","Compile Driver","Creative AI","Consume","Defragment","Hologram","Coolheaded","Seek","Capacitor","Biased Cognition","Capacitor","Cold Snap+1","Hello World+1","Reboot","Defragment"],"relics":["Sozu","Orichalcum","Ornamental Fan","Meat on the Bone","Bird Faced Urn","Runic Capacitor","Fusion Hammer","Happy Flower","Nunchaku","Turnip","Singing Bowl","Blood Vial","WingedGreaves","Centennial Puzzle","Empty Cage","Bottled Tornado","Potion Belt","Omamori","Lizard Tail","Regal Pillow","Art of War","Bag of Preparation"],"acts_visited":["Exordium","TheCity","TheBeyond","TheEnding"],"potions_floor_usage":[],"damage_taken":[{"damage":5.0,"enemies":"Small Slimes","floor":1.0,"turns":4.0},{"damage":0.0,"enemies":"Cultist","floor":3.0,"turns":3.0},{"damage":0.0,"enemies":"2 Louse","floor":4.0,"turns":4.0},{"damage":2.0,"enemies":"Looter","floor":5.0,"turns":4.0},{"damage":16.0,"enemies":"3 Sentries","floor":7.0,"turns":9.0},{"damage":24.0,"enemies":"Gremlin Nob","floor":10.0,"turns":5.0},{"damage":0.0,"enemies":"Exordium Thugs","floor":11.0,"turns":4.0},{"damage":20.0,"enemies":"3 Sentries","floor":12.0,"turns":5.0},{"damage":0.0,"enemies":"Gremlin Gang","floor":14.0,"turns":1.0},{"damage":30.0,"enemies":"Hexaghost","floor":16.0,"turns":10.0},{"damage":16.0,"enemies":"Shell Parasite","floor":18.0,"turns":6.0},{"damage":8.0,"enemies":"2 Thieves","floor":19.0,"turns":4.0},{"damage":11.0,"enemies":"Gremlin Leader","floor":23.0,"turns":6.0},{"damage":11.0,"enemies":"Book of Stabbing","floor":25.0,"turns":6.0},{"damage":50.0,"enemies":"Gremlin Leader","floor":27.0,"turns":6.0},{"damage":45.0,"enemies":"Book of Stabbing","floor":30.0,"turns":6.0},{"damage":31.0,"enemies":"Slavers","floor":31.0,"turns":3.0},{"damage":26.0,"enemies":"Collector","floor":33.0,"turns":13.0},{"damage":11.0,"enemies":"3 Shapes","floor":35.0,"turns":3.0},{"damage":23.0,"enemies":"3 Darklings","floor":39.0,"turns":4.0},{"damage":0.0,"enemies":"Giant Head","floor":40.0,"turns":10.0},{"damage":12.0,"enemies":"Nemesis","floor":41.0,"turns":13.0},{"damage":43.0,"enemies":"Transient","floor":42.0,"turns":6.0},{"damage":27.0,"enemies":"Giant Head","floor":44.0,"turns":8.0},{"damage":40.0,"enemies":"Reptomancer","floor":46.0,"turns":5.0},{"damage":54.0,"enemies":"Time Eater","floor":50.0,"turns":23.0},{"damage":27.0,"enemies":"Donu and Deca","floor":51.0,"turns":10.0},{"damage":76.0,"enemies":"Shield and Spear","floor":55.0,"turns":23.0},{"damage":140,"enemies":"The Heart","floor":56,"turns":12}],"seed_played":"9187904749059686438","potions_obtained":[],"is_trial":false,"path_per_floor":["M","?","M","M","M","R","E","R","T","E","M","E","$","M","R","B",null,"M","M","?","$","?","E","R","E","T","E","R","?","E","E","R","B",null,"M","$","?","$","M","E","E","M","T","E","R","E","T","?","R","B","B",null,"R","$","E","B",null],"character_chosen":"DEFECT","items_purchased":["Runic Capacitor","Leap","Defragment","Hologram","Reboot","Defragment"],"campfire_rested":5,"item_purchase_floors":[13,13,21,21,54,54],"current_hp_per_floor":[59,59,59,59,57,57,41,41,41,17,29,21,21,33,33,19,58,48,44,44,44,44,43,64,67,67,45,66,66,45,32,54,75,75,72,72,72,72,57,77,79,60,60,81,81,69,69,69,83,83,83,83,83,83,85,45],"gold":99,"neow_bonus":"BOSS_RELIC","is_daily":false,"chose_seed":false,"campfire_upgraded":3,"win_rate":0.0,"timestamp":1612907874,"path_taken":["M","?","M","M","M","R","E","R","T","E","?","E","$","M","R","BOSS","M","M","?","$","?","E","R","E","T","E","R","?","E","E","R","BOSS","M","$","?","?","?","E","E","M","T","E","R","E","?","?","R","BOSS","BOSS","R","$","E","BOSS"],"items_purchased_type":["Relic","Card","Card","Card","Card","Card"],"build_version":"2020-12-22","purchased_purges":2,"victory":true,"max_hp_per_floor":[71,71,71,71,71,71,71,71,71,71,71,71,71,71,71,71,71,71,71,71,71,71,71,71,71,71,73,73,73,73,75,75,75,75,75,75,75,75,75,77,79,79,79,81,81,83,83,83,83,83,83,83,83,83,85,85],"relic_stats":{"Regal Pillow":0,"Happy Flower":[52],"Singing Bowl":14,"counters":[29,216],"Bag of Preparation":[2],"Orichalcum":[222],"Sozu":11,"Blood Vial":12,"Nunchaku":[18],"Centennial Puzzle":[33],"Lizard Tail":42,"Ornamental Fan":[140],"Bird Faced Urn":[460],"Turnip":[15],"Art of War":[28],"obtain_stats":[{"Potion Belt":41,"Regal Pillow":46,"Happy Flower":22,"Singing Bowl":27,"Runic Capacitor":13,"Omamori":43,"Bag of Preparation":55,"Orichalcum":7,"Bottled Tornado":40,"Empty Cage":34,"Sozu":0,"Blood Vial":29,"Nunchaku":23,"Centennial Puzzle":31,"Lizard Tail":44,"Ornamental Fan":9,"Bird Faced Urn":12,"Fusion Hammer":17,"Turnip":25,"WingedGreaves":30,"Art of War":47,"Cracked Core":0,"Meat on the Bone":10},{"Potion Belt":22,"Regal Pillow":25,"Happy Flower":12,"Singing Bowl":15,"Runic Capacitor":8,"Omamori":23,"Bag of Preparation":28,"Orichalcum":5,"Bottled Tornado":21,"Empty Cage":18,"Sozu":0,"Blood Vial":15,"Nunchaku":13,"Centennial Puzzle":17,"Lizard Tail":24,"Ornamental Fan":5,"Bird Faced Urn":8,"Fusion Hammer":10,"Turnip":14,"WingedGreaves":16,"Art of War":25,"Cracked Core":0,"Meat on the Bone":6},{"Potion Belt":129,"Regal Pillow":148,"Happy Flower":59,"Singing Bowl":77,"Runic Capacitor":38,"Omamori":135,"Bag of Preparation":204,"Orichalcum":24,"Bottled Tornado":116,"Empty Cage":99,"Sozu":0,"Blood Vial":77,"Nunchaku":65,"Centennial Puzzle":86,"Lizard Tail":143,"Ornamental Fan":24,"Bird Faced Urn":38,"Fusion Hammer":49,"Turnip":71,"WingedGreaves":83,"Art of War":148,"Cracked Core":0,"Meat on the Bone":29}],"Meat on the Bone":84},"card_choices":[{"not_picked":["Barrage","Conserve Battery"],"picked":"White Noise","floor":1.0},{"not_picked":["Leap","Redo"],"picked":"Cold Snap","floor":3.0},{"not_picked":["Fission","Rebound"],"picked":"Coolheaded","floor":4.0},{"not_picked":["Go for the Eyes","Force Field"],"picked":"Leap","floor":5.0},{"not_picked":["Stack","Blizzard"],"picked":"Streamline","floor":7.0},{"not_picked":["Sweeping Beam","Auto Shields"],"picked":"Hyperbeam","floor":10.0},{"not_picked":["Steam","Consume"],"picked":"Sweeping Beam","floor":11.0},{"not_picked":["Go for the Eyes","Tempest"],"picked":"Electrodynamics","floor":12.0},{"not_picked":["Gash","Ball Lightning"],"picked":"Rebound","floor":14.0},{"not_picked":["Electrodynamics","All For One"],"picked":"Biased Cognition","floor":16.0},{"not_picked":["Barrage","Ball Lightning"],"picked":"Coolheaded+1","floor":18.0},{"not_picked":["Conserve Battery","Turbo"],"picked":"Compile Driver","floor":19.0},{"not_picked":["Gash","Redo"],"picked":"Coolheaded","floor":23.0},{"not_picked":["Rip and Tear","Gash"],"picked":"Seek","floor":25.0},{"not_picked":["Self Repair","Thunder Strike","Compile Driver"],"picked":"Singing Bowl","floor":27.0},{"not_picked":["Ball Lightning","Thunder Strike"],"picked":"Capacitor","floor":30.0},{"not_picked":["Sunder+1","Stack","FTL"],"picked":"Singing Bowl","floor":31.0},{"not_picked":["Thunder Strike","Hyperbeam"],"picked":"Biased Cognition","floor":33.0},{"not_picked":["Ball Lightning","Sweeping Beam"],"picked":"Capacitor","floor":35.0},{"not_picked":["Chaos","Barrage"],"picked":"Cold Snap+1","floor":39.0},{"not_picked":["Thunder Strike","Streamline","Barrage"],"picked":"Singing Bowl","floor":40.0},{"not_picked":["Rebound","FTL","Cold Snap"],"picked":"Singing Bowl","floor":41.0},{"not_picked":["Conserve Battery","Turbo"],"picked":"Hello World+1","floor":42.0},{"not_picked":["Steam","Double Energy","Rebound"],"picked":"Singing Bowl","floor":44.0},{"not_picked":["Leap","Steam Power+1","Recycle+1"],"picked":"Singing Bowl","floor":46.0},{"not_picked":["Sweeping Beam+1","Rip and Tear+1","Rebound+1"],"picked":"Singing Bowl","floor":55.0}],"player_experience":1011977,"relics_obtained":[{"floor":7.0,"key":"Orichalcum"},{"floor":9.0,"key":"Ornamental Fan"},{"floor":10.0,"key":"Meat on the Bone"},{"floor":12.0,"key":"Bird Faced Urn"},{"floor":23.0,"key":"Nunchaku"},{"floor":25.0,"key":"Turnip"},{"floor":27.0,"key":"Singing Bowl"},{"floor":30.0,"key":"WingedGreaves"},{"floor":31.0,"key":"Centennial Puzzle"},{"floor":40.0,"key":"Bottled Tornado"},{"floor":41.0,"key":"Potion Belt"},{"floor":43.0,"key":"Omamori"},{"floor":44.0,"key":"Lizard Tail"},{"floor":46.0,"key":"Regal Pillow"},{"floor":47.0,"key":"Art of War"},{"floor":55.0,"key":"Bag of Preparation"}],"event_choices":[{"damage_healed":0.0,"max_hp_gain":0.0,"max_hp_loss":0.0,"gold_gain":0.0,"event_name":"Lab","player_choice":"Got Potions","floor":2.0,"gold_loss":0.0,"damage_taken":0.0},{"damage_healed":0.0,"max_hp_gain":0.0,"max_hp_loss":0.0,"gold_gain":0.0,"cards_transformed":["Strike_B","Strike_B"],"event_name":"Drug Dealer","player_choice":"Became Test Subject","floor":20.0,"gold_loss":0.0,"damage_taken":0.0,"cards_obtained":["Creative AI","Consume"]},{"damage_healed":0.0,"max_hp_gain":0.0,"max_hp_loss":0.0,"gold_gain":0.0,"event_name":"The Mausoleum","player_choice":"Opened","floor":22.0,"gold_loss":0.0,"damage_taken":0.0,"relics_obtained":["Happy Flower"],"cards_obtained":["Writhe"]},{"damage_healed":0.0,"max_hp_gain":0.0,"max_hp_loss":0.0,"gold_gain":0.0,"event_name":"Addict","player_choice":"Obtained Relic","floor":29.0,"gold_loss":85.0,"damage_taken":0.0,"relics_obtained":["Blood Vial"]},{"damage_healed":0.0,"max_hp_gain":0.0,"max_hp_loss":0.0,"gold_gain":50.0,"event_name":"Golden Shrine","player_choice":"Pray","floor":37.0,"gold_loss":0.0,"damage_taken":0.0},{"damage_healed":0.0,"max_hp_gain":0.0,"max_hp_loss":0.0,"gold_gain":0.0,"event_name":"SecretPortal","player_choice":"Ignored","floor":48.0,"gold_loss":0.0,"damage_taken":0.0}],"is_beta":false,"boss_relics":[{"not_picked":["Calling Bell","Inserter"],"picked":"Fusion Hammer"},{"not_picked":["Runic Dome","Philosopher\u0027s Stone"],"picked":"Empty Cage"}],"items_purged_floors":[36,38],"is_endless":false,"potions_floor_spawned":[7,10,11,12,19,25,27,35,39],"ascension_level":20}}