{"host":"fevvm7bbzuh4s1jc","time":1612840978,"event":{"mods":["BaseMod","Highlight Path","Minty Spire (QoL Compilation)","Relic Stats"],"gold_per_floor":[109,109,34,34,53,88,107,140,140,40,40,54,73,99,99,173,173,191,106,78,23,43,43,70,70,117,117,117,150,173,200,212,302,314,341,353,385,410,174,207,207,221,244,261,295,314,339,353,353,353,353,353,353,153,181,181],"floor_reached":57,"language":"ENG","playtime":5460,"items_purged":["Strike_G","Strike_G","Prepared"],"score":3054,"play_id":"b6b2406f-831a-4e97-8913-1cb77db5232e","local_time":"20210208222258","is_ascension_mode":true,"campfire_choices":[{"data":"Neutralize","floor":15,"key":"SMITH"},{"data":"Adrenaline","floor":23,"key":"SMITH"},{"data":"Outmaneuver","floor":25,"key":"SMITH"},{"floor":27,"key":"REST"},{"floor":32,"key":"REST"},{"floor":41,"key":"RECALL"},{"data":"Concentrate","floor":49,"key":"SMITH"},{"data":"Reflex","floor":53,"key":"SMITH"}],"circlet_count":0,"master_deck":["AscendersBane","Survivor","Neutralize+1","Dagger Throw","Infinite Blades","Choke","PiercingWail","Blade Dance","Accuracy","Adrenaline+1","Outmaneuver+1","Cloak And Dagger","Blade Dance","Deflect","Die Die Die","Leg Sweep+1","Malaise","Infinite Blades+1","Blade Dance","After Image+1","Concentrate+1","Adrenaline","Deflect","Leg Sweep","Reflex+1","PiercingWail+1","Prepared+1","Blade Dance","Prepared+1","Finisher"],"relics":["Ring of the Snake","NeowsBlessing","War Paint","Shovel","MealTicket","Shuriken","Singing Bowl","Runic Pyramid","Frozen Egg 2","Ice Cream","Nunchaku","MawBank","Pandora\u0027s Box","Chemical X","Bottled Lightning","Kunai","Blood Vial","Oddly Smooth Stone"],"acts_visited":["Exordium","TheCity","TheBeyond","TheEnding"],"potions_floor_usage":[8,16,16,16,29,33,56,56],"damage_taken":[{"damage":0,"enemies":"Small Slimes","floor":1,"turns":1},{"damage":0,"enemies":"Jaw Worm","floor":5,"turns":1},{"damage":0,"enemies":"Lagavulin","floor":6,"turns":1},{"damage":0,"enemies":"Cultist","floor":7,"turns":3},{"damage":8,"enemies":"Gremlin Nob","floor":8,"turns":3},{"damage":1,"enemies":"Red Slaver","floor":12,"turns":3},{"damage":3,"enemies":"Looter","floor":13,"turns":4},{"damage":10,"enemies":"3 Sentries","floor":14,"turns":7},{"damage":0,"enemies":"The Guardian","floor":16,"turns":10},{"damage":1,"enemies":"3 Byrds","floor":18,"turns":5},{"damage":5,"enemies":"Shell Parasite","floor":22,"turns":4},{"damage":24,"enemies":"Book of Stabbing","floor":24,"turns":4},{"damage":13,"enemies":"Slavers","floor":29,"turns":5},{"damage":12,"enemies":"Snake Plant","floor":30,"turns":4},{"damage":0,"enemies":"Snecko","floor":31,"turns":2},{"damage":3,"enemies":"Collector","floor":33,"turns":9},{"damage":3,"enemies":"Orb Walker","floor":35,"turns":3},{"damage":0,"enemies":"3 Shapes","floor":37,"turns":5},{"damage":11,"enemies":"Sphere and 2 Shapes","floor":38,"turns":4},{"damage":0,"enemies":"Giant Head","floor":40,"turns":5},{"damage":5,"enemies":"Transient","floor":42,"turns":6},{"damage":7,"enemies":"4 Shapes","floor":44,"turns":8},{"damage":0,"enemies":"Reptomancer","floor":45,"turns":5},{"damage":0,"enemies":"Sphere and 2 Shapes","floor":46,"turns":4},{"damage":6,"enemies":"Nemesis","floor":47,"turns":5},{"damage":2,"enemies":"Writhing Mass","floor":48,"turns":7},{"damage":14,"enemies":"Donu and Deca","floor":50,"turns":8},{"damage":6,"enemies":"Time Eater","floor":51,"turns":14},{"damage":19,"enemies":"Shield and Spear","floor":55,"turns":7},{"damage":53,"enemies":"The Heart","floor":56,"turns":9}],"seed_played":"-3679469842389445972","potions_obtained":[{"floor":4,"key":"Ancient Potion"},{"floor":4,"key":"EssenceOfSteel"},{"floor":6,"key":"CunningPotion"},{"floor":7,"key":"EntropicBrew"},{"floor":8,"key":"BlessingOfTheForge"},{"floor":13,"key":"Dexterity Potion"},{"floor":22,"key":"Explosive Potion"},{"floor":29,"key":"ColorlessPotion"},{"floor":30,"key":"CultistPotion"},{"floor":37,"key":"SteroidPotion"},{"floor":38,"key":"Swift Potion"}],"is_trial":false,"path_per_floor":["M","?","$","?","M","E","M","E","T","$","?","M","M","E","R","B",null,"M","?","$","$","M","R","E","R","T","R","?","E","M","M","R","B",null,"M","?","M","M","$","E","R","M","T","M","E","M","E","M","R","B","B",null,"R","$","E","B",null],"character_chosen":"THE_SILENT","items_purchased":["Cloak And Dagger","Blade Dance","Chemical X","Reflex","Finisher"],"campfire_rested":2,"item_purchase_floors":[20,21,39,39,54],"current_hp_per_floor":[59,48,48,48,48,48,48,40,40,55,55,54,51,41,41,41,60,59,59,66,66,63,63,39,39,39,59,40,27,17,17,39,36,65,64,64,66,55,70,70,70,67,67,60,60,62,56,58,58,46,42,74,74,85,68,17],"gold":181,"neow_bonus":"THREE_ENEMY_KILL","is_daily":false,"chose_seed":false,"campfire_upgraded":5,"win_rate":0.0,"timestamp":1612840978,"path_taken":["M","?","$","?","?","E","M","E","T","?","?","M","M","E","R","BOSS","M","?","?","$","?","R","E","R","T","R","?","E","M","M","R","BOSS","M","?","?","M","?","E","R","?","T","M","E","M","E","M","R","BOSS","BOSS","R","$","E","BOSS"],"items_purchased_type":["Card","Card","Relic","Card","Card"],"build_version":"2020-12-22","purchased_purges":3,"victory":true,"max_hp_per_floor":[66,66,66,66,66,66,66,66,66,66,66,66,66,66,66,66,66,66,66,66,66,68,68,68,68,68,68,73,73,75,75,75,75,75,77,77,79,79,79,79,79,81,81,81,81,83,83,85,85,85,85,85,85,85,87,87],"relic_stats":{"Singing Bowl":16,"counters":[30,156],"War Paint":["Defend_G","Defend_G"],"MawBank":120,"Blood Vial":8,"Nunchaku":[44],"Shovel":0,"Shuriken":[142],"MealTicket":48,"Pandora\u0027s Box":["Infinite Blades","Blade Dance","After Image","Prepared","Concentrate","Adrenaline","Deflect","Underhanded Strike"],"Chemical X":[11],"Kunai":[63],"obtain_stats":[{"Ice Cream":24,"NeowsBlessing":0,"Singing Bowl":14,"Oddly Smooth Stone":55,"War Paint":2,"Frozen Egg 2":19,"MawBank":29,"Blood Vial":47,"Nunchaku":26,"Shovel":6,"Shuriken":9,"MealTicket":8,"Pandora\u0027s Box":34,"Chemical X":39,"Bottled Lightning":40,"Kunai":45,"Ring of the Snake":0,"Runic Pyramid":17},{"Ice Cream":12,"NeowsBlessing":0,"Singing Bowl":8,"Oddly Smooth Stone":29,"War Paint":1,"Frozen Egg 2":10,"MawBank":13,"Blood Vial":25,"Nunchaku":12,"Shovel":3,"Shuriken":5,"MealTicket":5,"Pandora\u0027s Box":16,"Chemical X":19,"Bottled Lightning":20,"Kunai":23,"Ring of the Snake":0,"Runic Pyramid":9},{"Ice Cream":46,"NeowsBlessing":0,"Singing Bowl":23,"Oddly Smooth Stone":147,"War Paint":1,"Frozen Egg 2":38,"MawBank":51,"Blood Vial":111,"Nunchaku":46,"Shovel":3,"Shuriken":9,"MealTicket":9,"Pandora\u0027s Box":66,"Chemical X":78,"Bottled Lightning":83,"Kunai":102,"Ring of the Snake":0,"Runic Pyramid":33}],"Ring of the Snake":[60]},"card_choices":[{"not_picked":["Underhanded Strike","Well Laid Plans"],"picked":"Dagger Throw","floor":1},{"not_picked":["Distraction","Outmaneuver"],"picked":"Infinite Blades","floor":5},{"not_picked":["Flechettes","Catalyst","Acrobatics"],"picked":"SKIP","floor":6},{"not_picked":["Accuracy","Expertise"],"picked":"Choke","floor":7},{"not_picked":["Quick Slash","Deflect","Flying Knee"],"picked":"SKIP","floor":8},{"not_picked":["Poisoned Stab","Caltrops"],"picked":"PiercingWail","floor":12},{"not_picked":["Envenom","Poisoned Stab"],"picked":"Blade Dance","floor":13},{"not_picked":["Prepared","Infinite Blades"],"picked":"Accuracy","floor":14},{"not_picked":["Glass Knife","Storm of Steel"],"picked":"Adrenaline","floor":16},{"not_picked":["Masterful Stab","Backflip"],"picked":"Outmaneuver","floor":18},{"not_picked":["Reflex","Backflip","Noxious Fumes+1"],"picked":"Singing Bowl","floor":22},{"not_picked":["Deadly Poison","Poisoned Stab"],"picked":"Deflect","floor":24},{"not_picked":["Prepared","Catalyst"],"picked":"Die Die Die","floor":29},{"not_picked":["Backflip","Prepared","Dagger Spray"],"picked":"Singing Bowl","floor":30},{"not_picked":["Deflect","Expertise+1"],"picked":"Leg Sweep+1","floor":31},{"not_picked":["Envenom+1","Bullet Time"],"picked":"Malaise","floor":33},{"not_picked":["Bane","Poisoned Stab","Prepared"],"picked":"Singing Bowl","floor":35},{"not_picked":["Backflip","Distraction","Dagger Throw"],"picked":"Singing Bowl","floor":37},{"not_picked":["Dodge and Roll+1","Bouncing Flask"],"picked":"Leg Sweep","floor":38},{"not_picked":["Dagger Throw+1","Eviscerate"],"picked":"PiercingWail+1","floor":40},{"not_picked":["Dodge and Roll","Distraction+1","Deadly Poison"],"picked":"Singing Bowl","floor":42},{"not_picked":["Endless Agony","Escape Plan"],"picked":"Prepared+1","floor":44},{"not_picked":["Well Laid Plans+1","Storm of Steel"],"picked":"Blade Dance","floor":45},{"not_picked":["Cloak And Dagger","Catalyst","All Out Attack"],"picked":"Singing Bowl","floor":46},{"not_picked":["Well Laid Plans+1","Outmaneuver"],"picked":"Prepared+1","floor":47},{"not_picked":["Poisoned Stab","Dodge and Roll","Sucker Punch"],"picked":"Singing Bowl","floor":48},{"not_picked":["Night Terror","Cloak And Dagger","Slice"],"picked":"Singing Bowl","floor":55}],"player_experience":2804280,"relics_obtained":[{"floor":6,"key":"Shovel"},{"floor":8,"key":"MealTicket"},{"floor":9,"key":"Shuriken"},{"floor":14,"key":"Singing Bowl"},{"floor":24,"key":"Ice Cream"},{"floor":26,"key":"Nunchaku"},{"floor":29,"key":"MawBank"},{"floor":40,"key":"Bottled Lightning"},{"floor":45,"key":"Kunai"},{"floor":47,"key":"Blood Vial"},{"floor":55,"key":"Oddly Smooth Stone"}],"event_choices":[{"damage_healed":0,"gold_gain":0,"player_choice":"Success","damage_taken":11,"relics_obtained":["War Paint"],"max_hp_gain":0,"max_hp_loss":0,"event_name":"Scrap Ooze","floor":2,"gold_loss":0},{"damage_healed":0,"gold_gain":0,"player_choice":"Got Potions","damage_taken":0,"max_hp_gain":0,"max_hp_loss":0,"event_name":"Lab","floor":4,"gold_loss":0},{"damage_healed":0,"gold_gain":0,"player_choice":"Ignored","damage_taken":0,"max_hp_gain":0,"max_hp_loss":0,"event_name":"Liars Game","floor":11,"gold_loss":0},{"damage_healed":0,"gold_gain":0,"player_choice":"Obtained Relic","damage_taken":0,"relics_obtained":["Frozen Egg 2"],"max_hp_gain":0,"max_hp_loss":0,"event_name":"Addict","floor":19,"gold_loss":85},{"damage_healed":0,"gold_gain":0,"player_choice":"Shed Blood","damage_taken":24,"max_hp_gain":5,"max_hp_loss":0,"event_name":"Forgotten Altar","floor":28,"gold_loss":0},{"cards_removed":["Underhanded Strike"],"damage_healed":0,"gold_gain":0,"player_choice":"Purged","damage_taken":0,"max_hp_gain":0,"max_hp_loss":0,"event_name":"Purifier","floor":36,"gold_loss":0}],"is_beta":false,"boss_relics":[{"not_picked":["Ectoplasm","Calling Bell"],"picked":"Runic Pyramid"},{"not_picked":["Snecko Eye","Ring of the Serpent"],"picked":"Pandora\u0027s Box"}],"items_purged_floors":[3,10,54],"is_endless":false,"potions_floor_spawned":[6,7,8,12,13,22,29,30,37,38,42,46],"ascension_level":20}}