{"host":"q387i5o1hp66091u","time":1612886545,"event":{"mods":["2.2 Compatiblity","BaseMod","Minty Spire (QoL Compilation)","Rare Cards Sparkle"],"gold_per_floor":[110,110,130,142,158,158,188,199,199,216,216,235,250,282,282,381,381,394,404,420,435,435,435,307,307,307,338,355,355,382,19,19,116,116,129,0,50,50,60,60,93,93,117,143,154,154,65,65,65,65],"floor_reached":51,"language":"JPN","playtime":3532,"items_purged":["Strike_B","Strike_B"],"score":965,"play_id":"bec366d3-4207-4c63-a59b-e9089e67c619","local_time":"20210210010225","is_ascension_mode":true,"campfire_choices":[{"data":"Zap","floor":6.0,"key":"SMITH"},{"floor":11.0,"key":"REST"},{"floor":15.0,"key":"REST"},{"floor":23.0,"key":"REST"},{"data":"Echo Form","floor":25.0,"key":"SMITH"},{"floor":29,"key":"REST"},{"floor":32,"key":"REST"},{"floor":40,"key":"REST"},{"floor":46,"key":"REST"},{"data":"Apotheosis","floor":49,"key":"SMITH"}],"circlet_count":0,"master_deck":["Strike_B","Strike_B+1","Defend_B","Defend_B","Defend_B","Zap+1","Dualcast","Genetic Algorithm+1","Capacitor","Conserve Battery","Beam Cell","Leap","Cold Snap+1","Stack","Cold Snap","Gash","Melter","Echo Form+1","Blizzard+1","Coolheaded","Recycle","Chill","Coolheaded","Cold Snap","Barrage","Glacier","Apotheosis+1","Machine Learning+1","Ball Lightning+1","Leap+1","Leap","Gash+1","Blizzard","Barrage","White Noise","Dramatic Entrance","Magnetism+1","Master of Strategy"],"relics":["FrozenCore","Bottled Flame","Whetstone","Regal Pillow","Velvet Choker","Potion Belt","Frozen Egg 2","Pocketwatch","Red Mask","Gambling Chip","Kunai","InkBottle","MealTicket","Bronze Scales"],"acts_visited":["Exordium","TheCity","TheBeyond"],"potions_floor_usage":[30,35,45,50,50],"damage_taken":[{"damage":4.0,"enemies":"2 Louse","floor":1.0,"turns":3.0},{"damage":1.0,"enemies":"Cultist","floor":3.0,"turns":4.0},{"damage":12.0,"enemies":"Small Slimes","floor":4.0,"turns":4.0},{"damage":5.0,"enemies":"2 Fungi Beasts","floor":5.0,"turns":5.0},{"damage":35.0,"enemies":"3 Sentries","floor":7.0,"turns":10.0},{"damage":3.0,"enemies":"Looter","floor":8.0,"turns":3.0},{"damage":1.0,"enemies":"Blue Slaver","floor":10.0,"turns":2.0},{"damage":0.0,"enemies":"2 Fungi Beasts","floor":12.0,"turns":4.0},{"damage":13.0,"enemies":"Lots of Slimes","floor":13.0,"turns":4.0},{"damage":0.0,"enemies":"Gremlin Nob","floor":14.0,"turns":4.0},{"damage":16.0,"enemies":"The Guardian","floor":16.0,"turns":15.0},{"damage":4.0,"enemies":"3 Byrds","floor":18.0,"turns":6.0},{"damage":0.0,"enemies":"Spheric Guardian","floor":19.0,"turns":2.0},{"damage":34.0,"enemies":"Snake Plant","floor":20.0,"turns":6.0},{"damage":34.0,"enemies":"Snecko","floor":21.0,"turns":6.0},{"damage":16.0,"enemies":"Gremlin Leader","floor":27.0,"turns":8.0},{"damage":5,"enemies":"3 Cultists","floor":28,"turns":7},{"damage":39,"enemies":"Slavers","floor":30,"turns":7},{"damage":41,"enemies":"Champ","floor":33,"turns":14},{"damage":10,"enemies":"3 Darklings","floor":35,"turns":6},{"damage":0,"enemies":"Mind Bloom Boss Battle","floor":37,"turns":8},{"damage":5,"enemies":"3 Shapes","floor":39,"turns":3},{"damage":12,"enemies":"Nemesis","floor":41,"turns":9},{"damage":33,"enemies":"Giant Head","floor":44,"turns":12},{"damage":12,"enemies":"3 Darklings","floor":45,"turns":7},{"damage":21,"enemies":"Donu and Deca","floor":50,"turns":8}],"seed_played":"7188785200063606915","potions_obtained":[{"floor":1.0,"key":"SkillPotion"},{"floor":7.0,"key":"GamblersBrew"},{"floor":8.0,"key":"ColorlessPotion"},{"floor":12.0,"key":"Block Potion"},{"floor":19.0,"key":"AttackPotion"},{"floor":27.0,"key":"GamblersBrew"},{"floor":28,"key":"GamblersBrew"},{"floor":33,"key":"Swift Potion"},{"floor":35,"key":"FocusPotion"},{"floor":37,"key":"EssenceOfSteel"},{"floor":39,"key":"LiquidMemories"}],"is_trial":false,"path_per_floor":["M","?","M","M","M","R","E","M","T","M","R","M","M","E","R","B",null,"M","M","M","M","?","R","$","R","T","E","M","R","E","$","R","B",null,"M","?","?","?","M","R","E","T","T","E","M","R","$","?","R","B",null],"character_chosen":"DEFECT","items_purchased":["Coolheaded","Apotheosis","FairyPotion","PowerPotion","White Noise"],"campfire_rested":7,"item_purchase_floors":[24,31,31,47,47],"current_hp_per_floor":[78,78,77,65,60,60,25,22,22,21,45,45,32,32,71,55,75,71,71,37,3,3,42,42,42,42,26,21,60,21,21,60,19,66,56,56,56,56,51,82,70,70,70,37,25,64,79,69,69,48],"gold":65,"neow_bonus":"TEN_PERCENT_HP_BONUS","is_daily":false,"chose_seed":false,"campfire_upgraded":3,"win_rate":0.0,"timestamp":1612886545,"path_taken":["M","?","M","M","M","R","E","M","T","M","R","M","M","E","R","BOSS","M","M","M","M","?","R","$","R","T","E","M","R","E","$","R","BOSS","M","?","?","?","M","R","E","?","T","E","?","R","$","?","R","BOSS"],"items_purchased_type":["Card","Card","Potion","Potion","Card"],"build_version":"2020-12-22","purchased_purges":2,"victory":true,"max_hp_per_floor":[82,82,82,82,82,82,82,82,82,82,82,82,82,82,82,82,82,82,82,82,82,82,82,82,82,82,82,82,82,82,82,82,82,82,82,82,82,82,82,82,82,82,82,82,82,82,82,82,82,82],"card_choices":[{"not_picked":["Tempest","Conserve Battery"],"picked":"Genetic Algorithm","floor":1.0},{"not_picked":["Barrage","Rebound"],"picked":"Capacitor","floor":3.0},{"not_picked":["Darkness","Gash"],"picked":"Conserve Battery","floor":4.0},{"not_picked":["Steam Power","Fusion"],"picked":"Beam Cell","floor":5.0},{"not_picked":["Creative AI","Steam"],"picked":"Leap","floor":7.0},{"not_picked":["Turbo","Compile Driver"],"picked":"Cold Snap","floor":8.0},{"not_picked":["Turbo","Darkness"],"picked":"Stack","floor":10.0},{"not_picked":["Double Energy","Ball Lightning"],"picked":"Cold Snap","floor":12.0},{"not_picked":["Compile Driver","Heatsinks"],"picked":"Gash","floor":13.0},{"not_picked":["Redo","Self Repair"],"picked":"Melter","floor":14.0},{"not_picked":["Hyperbeam","Buffer"],"picked":"Echo Form","floor":16.0},{"not_picked":["Reprogram","Steam Power+1"],"picked":"Blizzard+1","floor":18.0},{"not_picked":["Rip and Tear","Steam+1"],"picked":"Coolheaded","floor":19.0},{"not_picked":["Scrape","Sweeping Beam"],"picked":"Recycle","floor":20.0},{"not_picked":["Reinforced Body","Barrage+1"],"picked":"Chill","floor":21.0},{"not_picked":["Stack+1","Capacitor+1"],"picked":"Cold Snap","floor":27.0},{"not_picked":["Go for the Eyes","Doom and Gloom+1"],"picked":"Barrage","floor":28},{"not_picked":["Seek","Streamline+1"],"picked":"Glacier","floor":30},{"not_picked":["Seek","Fission"],"picked":"Machine Learning+1","floor":33},{"not_picked":["Turbo","Rebound+1"],"picked":"Ball Lightning+1","floor":35},{"not_picked":["Recycle","Genetic Algorithm+1"],"picked":"Leap+1","floor":37},{"not_picked":["Consume+1","Streamline"],"picked":"Leap","floor":39},{"not_picked":["Ball Lightning+1","Coolheaded"],"picked":"Gash+1","floor":41},{"not_picked":["Sweeping Beam","Meteor Strike"],"picked":"Blizzard","floor":44},{"not_picked":["Conserve Battery+1","Beam Cell+1"],"picked":"Barrage","floor":45},{"not_picked":["Flash of Steel","Violence"],"picked":"Dramatic Entrance","floor":48},{"not_picked":["Metamorphosis","Enlightenment"],"picked":"Magnetism+1","floor":48},{"not_picked":["Deep Breath","Trip"],"picked":"Master of Strategy","floor":48}],"player_experience":607154,"relics_obtained":[{"floor":7.0,"key":"Bottled Flame"},{"floor":9.0,"key":"Whetstone"},{"floor":14.0,"key":"Regal Pillow"},{"floor":26.0,"key":"Potion Belt"},{"floor":27.0,"key":"Frozen Egg 2"},{"floor":30,"key":"Pocketwatch"},{"floor":37,"key":"Gambling Chip"},{"floor":41,"key":"Kunai"},{"floor":42,"key":"InkBottle"},{"floor":43,"key":"MealTicket"},{"floor":44,"key":"Bronze Scales"}],"event_choices":[{"damage_healed":0.0,"max_hp_gain":0.0,"max_hp_loss":0.0,"gold_gain":0.0,"event_name":"Upgrade Shrine","player_choice":"Upgraded","floor":2.0,"gold_loss":0.0,"damage_taken":0.0,"cards_upgraded":["Genetic Algorithm"]},{"damage_healed":0.0,"max_hp_gain":0.0,"max_hp_loss":0.0,"gold_gain":0.0,"event_name":"Ghosts","player_choice":"Ignored","floor":22.0,"gold_loss":0.0,"damage_taken":0.0},{"damage_healed":0,"gold_gain":0,"player_choice":"Paid","damage_taken":0,"relics_obtained":["Red Mask"],"max_hp_gain":0,"max_hp_loss":0,"event_name":"Tomb of Lord Red Mask","floor":36,"gold_loss":129},{"damage_healed":0,"gold_gain":0,"player_choice":"Fight","damage_taken":0,"max_hp_gain":0,"max_hp_loss":0,"event_name":"MindBloom","floor":37,"gold_loss":0},{"cards_removed":["Defend_B"],"damage_healed":0,"gold_gain":0,"player_choice":"Removed Skill","damage_taken":0,"max_hp_gain":0,"max_hp_loss":0,"event_name":"Falling","floor":38,"gold_loss":0},{"damage_healed":0,"gold_gain":0,"player_choice":"Memory 3","damage_taken":10,"max_hp_gain":0,"max_hp_loss":0,"event_name":"SensoryStone","floor":48,"gold_loss":0}],"is_beta":false,"boss_relics":[{"not_picked":["Coffee Dripper","Fusion Hammer"],"picked":"Velvet Choker"},{"not_picked":["Busted Crown","SacredBark"],"picked":"FrozenCore"}],"items_purged_floors":[24,31],"is_endless":false,"potions_floor_spawned":[1,7,8,12,19,27,28,33,35,37,39,44],"ascension_level":5}}