{"host":"w01zow3jg16g8jdh","time":1612877443,"event":{"mods":["2.2 Compatiblity","AchievementEnabler","BaseMod","DeckTracker","Hermit","Keyboard Shortcuts","Marisa£¨Ùöéë¡¡Øª×âÞÞ£©","Minty Spire (QoL Compilation)","Permanent Neow","StSLib","SuperFastMode"],"gold_per_floor":[18,31,65,95,95,142,172,18,18,18,58,58,101,121,121,241,241,251,251,277,42,42,71,71,71,71,21,66,95,95,122,122,242,242,277,311,328,393,253,278,278,321,321,351,365,365,380,230,230,230],"floor_reached":51,"language":"KOR","playtime":1023,"items_purged":["Defend_MRS","Strike_MRS","Occultation","UnstableBomb"],"score":1023,"play_id":"217e8eea-ea09-40f1-b1fd-4732ce17257e","local_time":"20210209223043","is_ascension_mode":true,"campfire_choices":[{"data":"GrandCross","floor":15.0,"key":"SMITH"},{"data":"BlazeAway","floor":25,"key":"SMITH"},{"data":"GrandCross","floor":30,"key":"SMITH"},{"data":"Acceleration","floor":32,"key":"SMITH"},{"data":"SporeBomb","floor":41,"key":"SMITH"},{"floor":46,"key":"REST"},{"data":"SuperNova","floor":49,"key":"SMITH"}],"circlet_count":0,"master_deck":["Strike_MRS","Defend_MRS","MasterSpark","UpSweep","WitchOfGreed","DC","Acceleration+1","GrandCross+1","SporeBomb+1","BlazeAway+1","SuperNova+1","MagicAbsorber","GrandCross+1","Acceleration+1","GrandCross+1","GrandCross+1"],"relics":["MiniHakkero","MealTicket","Eternal Feather","Membership Card","Anchor","Akabeko","Oddly Smooth Stone","Omamori","Runic Dome","Kunai","Bag of Preparation","Turnip","BreadOfAWashokuLover","Toy Ornithopter","Juzu Bracelet","SlaversCollar","Ice Cream","DollysMirror","Lizard Tail","Blue Candle","Bag of Marbles"],"acts_visited":["Exordium","TheCity","TheBeyond"],"potions_floor_usage":[16,23,23,23,31,31,33,35,35,36,36,36,37,37,42,44,50],"damage_taken":[{"damage":9.0,"enemies":"Jaw Worm","floor":1.0,"turns":3.0},{"damage":5.0,"enemies":"Small Slimes","floor":2.0,"turns":2.0},{"damage":1.0,"enemies":"2 Louse","floor":3.0,"turns":3.0},{"damage":11.0,"enemies":"Large Slime","floor":4.0,"turns":6.0},{"damage":13.0,"enemies":"Gremlin Nob","floor":6.0,"turns":4.0},{"damage":10.0,"enemies":"3 Sentries","floor":11.0,"turns":4.0},{"damage":16.0,"enemies":"Gremlin Nob","floor":13.0,"turns":3.0},{"damage":0.0,"enemies":"Exordium Wildlife","floor":14.0,"turns":1.0},{"damage":38,"enemies":"Hexaghost","floor":16,"turns":6},{"damage":2,"enemies":"Chosen","floor":18,"turns":2},{"damage":10,"enemies":"Shell Parasite","floor":20,"turns":3},{"damage":15,"enemies":"Book of Stabbing","floor":23,"turns":3},{"damage":8,"enemies":"Gremlin Leader","floor":28,"turns":4},{"damage":2,"enemies":"Chosen and Byrds","floor":29,"turns":3},{"damage":18,"enemies":"Book of Stabbing","floor":31,"turns":3},{"damage":21,"enemies":"Champ","floor":33,"turns":5},{"damage":21,"enemies":"3 Shapes","floor":35,"turns":3},{"damage":6,"enemies":"3 Darklings","floor":36,"turns":3},{"damage":26,"enemies":"Jaw Worm Horde","floor":37,"turns":3},{"damage":31,"enemies":"2 Orb Walkers","floor":38,"turns":4},{"damage":0,"enemies":"Nemesis","floor":40,"turns":1},{"damage":32,"enemies":"Reptomancer","floor":42,"turns":4},{"damage":3,"enemies":"Sphere and 2 Shapes","floor":44,"turns":3},{"damage":15,"enemies":"4 Shapes","floor":45,"turns":3},{"damage":30,"enemies":"Maw","floor":47,"turns":4},{"damage":63,"enemies":"Donu and Deca","floor":50,"turns":5}],"seed_played":"-4215935947531595274","potions_obtained":[{"floor":1.0,"key":"AttackPotion"},{"floor":3.0,"key":"DistilledChaos"},{"floor":3.0,"key":"Weak Potion"},{"floor":4.0,"key":"EssenceOfSteel"},{"floor":6.0,"key":"Explosive Potion"},{"floor":6.0,"key":"StarNLove"},{"floor":11.0,"key":"Fruit Juice"},{"floor":11.0,"key":"FearPotion"},{"floor":13.0,"key":"Strength Potion"},{"floor":16,"key":"ShroomBrew"},{"floor":18,"key":"Weak Potion"},{"floor":20,"key":"LiquidBronze"},{"floor":28,"key":"Weak Potion"},{"floor":29,"key":"LiquidBronze"},{"floor":29,"key":"FearPotion"},{"floor":31,"key":"Block Potion"},{"floor":33,"key":"Fire Potion"},{"floor":33,"key":"ShroomBrew"},{"floor":35,"key":"LiquidMemories"},{"floor":35,"key":"BottledSpark"},{"floor":36,"key":"LiquidBronze"},{"floor":36,"key":"Dexterity Potion"},{"floor":38,"key":"DistilledChaos"},{"floor":42,"key":"ShroomBrew"},{"floor":42,"key":"Ancient Potion"},{"floor":45,"key":"SpeedPotion"}],"is_trial":false,"path_per_floor":["M","M","M","M","?","E","?","$","T","$","E","?","E","M","R","B",null,"M","?","M","$","?","E","?","R","T","$","E","M","R","E","R","B",null,"M","M","M","?","$","E","R","E","T","M","M","R","M","$","R","B",null],"character_chosen":"MARISA","items_purchased":["Membership Card","Kunai","Bag of Preparation","DollysMirror","Bag of Marbles"],"campfire_rested":1,"item_purchase_floors":[8,21,21,39,48],"current_hp_per_floor":[66,61,60,49,49,36,36,51,51,66,61,54,38,38,47,9,62,60,60,50,65,65,50,35,44,44,59,51,49,58,50,59,43,75,64,73,57,26,41,41,50,23,23,25,12,46,16,31,40,42],"gold":230,"neow_bonus":"TRANSFORM_TWO_CARDS","is_daily":false,"chose_seed":false,"campfire_upgraded":6,"win_rate":0.0,"timestamp":1612877443,"path_taken":["M","M","M","M","?","E","?","$","T","$","E","?","E","M","R","BOSS","M","?","M","$","?","E","?","R","T","$","E","M","R","E","R","BOSS","M","M","M","?","$","E","R","E","T","M","M","R","M","$","R","BOSS"],"items_purchased_type":["Relic","Relic","Relic","Relic","Relic"],"build_version":"2020-12-22","purchased_purges":4,"victory":true,"max_hp_per_floor":[75,75,75,75,75,75,75,75,75,75,80,80,80,80,80,80,80,80,80,80,80,80,80,85,85,85,85,85,85,85,85,85,85,85,85,85,85,85,85,85,85,85,85,85,85,85,85,85,85,85],"card_choices":[{"not_picked":["ChargingUp","GalacticHalo"],"picked":"WitchOfGreed","floor":1.0},{"not_picked":["SuperPerseids","SprinkleStarSeal"],"picked":"DC","floor":2.0},{"not_picked":["IllusionStar","DeepEcoloBomb"],"picked":"Acceleration","floor":3.0},{"not_picked":["GalacticHalo","WitchLeyline","GravityBeat"],"picked":"SKIP","floor":4.0},{"not_picked":["FairyDestructionRay","GasGiant","DarkMatter"],"picked":"SKIP","floor":6.0},{"not_picked":["ShootingEcho","BinaryStars"],"picked":"GrandCross","floor":11.0},{"not_picked":["RefractionSpark","WitchLeyline"],"picked":"SporeBomb","floor":13.0},{"not_picked":["SprinkleStarSeal","WitchOfGreed","DoubleSpark"],"picked":"SKIP","floor":14.0},{"not_picked":["DoubleSpark","PowerUp+1","ShootingEcho"],"picked":"SKIP","floor":18},{"not_picked":["WitchOfGreed","DeepEcoloBomb","SporeBomb+1"],"picked":"SKIP","floor":20},{"not_picked":["NonDirectionalLaser","MysteriousBeam","DoubleSpark"],"picked":"SKIP","floor":23},{"not_picked":["PulseMagic","DarkSpark+1"],"picked":"GrandCross","floor":28},{"not_picked":["DeepEcoloBomb+1","WitchOfGreed+1","MysteriousBeam"],"picked":"SKIP","floor":29},{"not_picked":["GasGiant","DragonMeteor","BlazingStar"],"picked":"SKIP","floor":31},{"not_picked":["MilkyWay","OpenUniverse+1"],"picked":"Acceleration+1","floor":35},{"not_picked":["SporeBomb","EarthLightRay+1","GalacticHalo+1"],"picked":"SKIP","floor":36},{"not_picked":["GasGiant","NonDirectionalLaser","OneTimeOff"],"picked":"SKIP","floor":37},{"not_picked":["MagicAbsorber+1","ChargeUpSpray","ManaConvection+1"],"picked":"SKIP","floor":40},{"not_picked":["Acceleration","Occultation"],"picked":"GrandCross+1","floor":42},{"not_picked":["BigCrunch","AsteroidBelt","WitchLeyline"],"picked":"SKIP","floor":44},{"not_picked":["DarkMatter","ShootingEcho+1","EnergyFlow"],"picked":"SKIP","floor":45},{"not_picked":["GravityBeat","PulseMagic","Orbital"],"picked":"SKIP","floor":47}],"player_experience":378052,"relics_obtained":[{"floor":6.0,"key":"MealTicket"},{"floor":9.0,"key":"Anchor"},{"floor":11.0,"key":"Akabeko"},{"floor":13.0,"key":"Omamori"},{"floor":23,"key":"Turnip"},{"floor":26,"key":"BreadOfAWashokuLover"},{"floor":28,"key":"Toy Ornithopter"},{"floor":31,"key":"Juzu Bracelet"},{"floor":38,"key":"Ice Cream"},{"floor":40,"key":"Lizard Tail"},{"floor":42,"key":"Blue Candle"}],"event_choices":[{"damage_healed":0.0,"max_hp_gain":0.0,"max_hp_loss":0.0,"gold_gain":0.0,"event_name":"Liars Game","player_choice":"Ignored","floor":5.0,"gold_loss":0.0,"damage_taken":0.0},{"damage_healed":0.0,"max_hp_gain":0.0,"max_hp_loss":0.0,"gold_gain":30.0,"event_name":"Dead Adventurer","player_choice":"Searched \u00273\u0027 times","floor":7.0,"gold_loss":0.0,"damage_taken":0.0,"relics_obtained":["Eternal Feather"]},{"damage_healed":0.0,"max_hp_gain":0.0,"max_hp_loss":0.0,"gold_gain":0.0,"event_name":"Scrap Ooze","player_choice":"Success","floor":12.0,"gold_loss":0.0,"damage_taken":7.0,"relics_obtained":["Oddly Smooth Stone"]},{"damage_healed":0,"gold_gain":0,"cards_transformed":["Strike_MRS","Defend_MRS"],"player_choice":"Became Test Subject","damage_taken":0,"max_hp_gain":0,"max_hp_loss":0,"event_name":"Drug Dealer","floor":19,"gold_loss":0,"cards_obtained":["BlazeAway","SuperNova"]},{"damage_healed":0,"gold_gain":0,"player_choice":"Read","damage_taken":0,"max_hp_gain":0,"max_hp_loss":0,"event_name":"The Library","floor":22,"gold_loss":0,"cards_obtained":["MagicAbsorber"]},{"damage_healed":0,"gold_gain":0,"player_choice":"Shed Blood","damage_taken":20,"max_hp_gain":5,"max_hp_loss":0,"event_name":"Forgotten Altar","floor":24,"gold_loss":0},{"damage_healed":0,"gold_gain":0,"player_choice":"Fight","damage_taken":0,"max_hp_gain":0,"max_hp_loss":0,"event_name":"Mysterious Sphere","floor":38,"gold_loss":0}],"is_beta":false,"boss_relics":[{"not_picked":["Velvet Choker","Busted Crown"],"picked":"Runic Dome"},{"not_picked":["Coffee Dripper","Astrolabe"],"picked":"SlaversCollar"}],"items_purged_floors":[21,27,39,48],"is_endless":false,"potions_floor_spawned":[1,3,6,11,18,29,31,33,35,36,42,45],"ascension_level":5}}