{"host":"y6zg4wwu39otf01a","time":1612905955,"event":{"mods":["Act Like it!","Aspiration","BaseMod","Better Altar","Better Match","Better Note","Better Sensory Stone","Better Skull","Better Third Choice","Challenge The Spire","Colored Map","Colored Powertips","Conspire","GifTheSpireLib","Glutton Mod","Halation","Hermit","Highlight Path","Hubris","Infinite Spire","Mimic Mod","Minty Spire (QoL Compilation)","Quick Restart","Random Character Button","Rare Cards Sparkle","Replay The Spire","Retaliation","Spicy Shops","Spire Arcade","StSLib","Stuff the Spire","The Blue Laboratory","The Jungle"],"gold_per_floor":[119,44,44,44,63,90,90,101,101,117,117,130,142,72,144,240,240,259,259,298,298,298,298,332,332,357,136,136,169,169,195,195,299,299,326,383,383,8,33,33,70,70,102,102,102,136,155,177,177,184,184],"floor_reached":50,"language":"ENG","playtime":3786,"items_purged":["ReplayTheSpireMod:Doomed"],"score":1033,"play_id":"541bed7d-b34b-4033-b6a8-5894786d787f","local_time":"20210209152555","is_ascension_mode":true,"campfire_choices":[{"data":"hermit:Covet","floor":7,"key":"SMITH"},{"data":"Pot Of Greed","floor":23,"key":"SMITH"},{"data":"Pot Of Greed","floor":25,"key":"SMITH"},{"floor":28,"key":"REST"},{"floor":32,"key":"RECALL"},{"data":"Pot Of Greed","floor":40,"key":"SMITH"},{"floor":45,"key":"REST"},{"data":"hubris:DuctTapeCard","floor":49,"key":"SMITH"}],"circlet_count":0,"master_deck":["hermit:Strike_Hermit","hermit:Strike_Hermit","hermit:Strike_Hermit","hermit:Strike_Hermit","hermit:Defend_Hermit","hermit:Defend_Hermit","hermit:Defend_Hermit","hermit:Defend_Hermit","hermit:Snapshot","hermit:Covet+1","Enlightenment+1","hermit:CursedWeapon+1","Pain","hermit:Snipe","hermit:BigShot","hermit:Quickdraw","Regret","ReplayTheSpireMod:IOU","Pot Of Greed+1","Pot Of Greed+1","hermit:Dissolve","hermit:GhostlyPresence","hubris:DuctTapeCard+2","hermit:Determination+1","Pot Of Greed+1","Hallucinations","ReplayTheSpireMod:IOU","infinitespire:Gouge","hermit:Roughhouse","ReplayTheSpireMod:IOU","Decay","hermit:Scavenge+1","infinitespire:Collect","hermit:FromBeyond","hermit:Glare+1","ReplayTheSpireMod:Splinters","Pot Of Greed","hermit:Quickdraw","Clumsy","hermit:Headshot","hermit:Enervate+1","hermit:Deadeye+1"],"relics":["hermit:ClaspedLocket","NeowsBlessing","halation:EternalFortune","WarpedTongs","ReplayFunnel","Replay:Bottled Snecko","ReplayTheSpireMod:CursedCoin","Replay:Wax Seal","Grinning Jar","aspiration:ChemicalBlood","theJungle:WildStrawberry","hubris:DuctTape","Ring of Peace","aspiration:AnachronicSnailShell","halation:TwoAmDonut","halation:BottledHappiness","StuffTheSpire:MayFlowers","Frozen Egg 2","Replay:Bronze Core","halation:AfternoonTea","hermit:CharredGlove","ClockworkSouvenir","halation:LostSnail","infinitespire:Lucky Rock","Boot","Pet Ghost","Replay:PocketPolymizer","StuffTheSpire:Barrel","StuffTheSpire:Gunfinga"],"acts_visited":["Exordium","Exordium","TheBeyond"],"potions_floor_usage":[10,16,18,20,24,24,29,31,33,33,39,41,41,41,43,43,48,50,50,50,50],"damage_taken":[{"damage":0,"enemies":"2 Louse","floor":1,"turns":1},{"damage":2,"enemies":"Cultist","floor":5,"turns":1},{"damage":0,"enemies":"Lagavulin","floor":6,"turns":1},{"damage":2,"enemies":"Small Slimes","floor":8,"turns":2},{"damage":0,"enemies":"Red Slaver","floor":10,"turns":4},{"damage":7,"enemies":"Exordium Wildlife","floor":12,"turns":3},{"damage":10,"enemies":"Large Slime","floor":13,"turns":3},{"damage":22,"enemies":"Fading Forest","floor":16,"turns":11},{"damage":6,"enemies":"Shell Parasite","floor":18,"turns":4},{"damage":21,"enemies":"theJungle:GiantWrat","floor":20,"turns":8},{"damage":19,"enemies":"theJungle:Cassacara","floor":24,"turns":6},{"damage":14,"enemies":"theJungle:2_Phrogs","floor":29,"turns":6},{"damage":1,"enemies":"theJungle:GiantWrat","floor":31,"turns":6},{"damage":0,"enemies":"theJungle:QueenSpyder","floor":33,"turns":8},{"damage":14,"enemies":"3 Shapes","floor":35,"turns":6},{"damage":8,"enemies":"3 Darklings","floor":39,"turns":5},{"damage":68,"enemies":"Reptomancer","floor":41,"turns":4},{"damage":6,"enemies":"Maw","floor":43,"turns":4},{"damage":2,"enemies":"R_Hoarder","floor":46,"turns":7},{"damage":20,"enemies":"Maw","floor":47,"turns":6},{"damage":3,"enemies":"Transient","floor":48,"turns":5},{"damage":50,"enemies":"Time Eater","floor":50,"turns":9}],"seed_played":"7952596231328698286","potions_obtained":[{"floor":1,"key":"Weak Potion"},{"floor":6,"key":"blueLaboratory:EnragingPotion"},{"floor":12,"key":"Elixir"},{"floor":16,"key":"blueLaboratory:BottleOfRum"},{"floor":24,"key":"Toxic Potion"},{"floor":29,"key":"Flashbang"},{"floor":31,"key":"hermit:Tonic"},{"floor":35,"key":"Cursed Concoction"},{"floor":36,"key":"Reflective Coating"},{"floor":37,"key":"infinitespire:BlackPotion"},{"floor":37,"key":"blueLaboratory:FruitPreserves"},{"floor":41,"key":"Ancient Potion"},{"floor":47,"key":"Elixir"}],"is_trial":false,"path_per_floor":["M","?","?","?","M","E","R","M","T","M","$","M","M","$","R_BF","B",null,"M","?","MIM","?","?","R","E","R","T","$","R","E","AVR","M","R_BF","B",null,"M","?","?","$","M","R","E","?","MIM","?","R","E","M","M","R","B"],"character_chosen":"HERMIT","items_purchased":["ReplayTheSpireMod:CursedCoin","Replay:Wax Seal","Grinning Jar","aspiration:ChemicalBlood","halation:TwoAmDonut","halation:BottledHappiness","hermit:CharredGlove","ClockworkSouvenir","halation:LostSnail","infinitespire:Lucky Rock"],"campfire_rested":2,"item_purchase_floors":[14,14,14,14,27,27,38,38,38,38],"current_hp_per_floor":[75,75,78,78,76,76,76,74,74,74,74,67,60,60,60,46,81,78,71,50,50,50,50,31,31,31,31,58,44,44,46,46,52,91,80,80,80,80,78,78,12,12,7,7,34,60,44,44,44,0,0],"gold":184,"neow_bonus":"THREE_ENEMY_KILL","is_daily":false,"chose_seed":false,"campfire_upgraded":5,"win_rate":0.0,"timestamp":1612905955,"path_taken":["M","?","?","?","?","E","R","?","T","M","?","M","M","$","R_BF","BOSS","M","?","?","?","?","R","E","R","T","?","R","E","AVR","M","R_BF","BOSS","M","?","?","$","?","R","E","?","MIM","?","R","E","?","M","R","BOSS"],"items_purchased_type":["Relic","Relic","Relic","Relic","Relic","Relic","Relic","Relic","Relic","Relic"],"build_version":"2020-12-22","purchased_purges":1,"victory":false,"max_hp_per_floor":[75,75,78,78,78,78,78,78,78,78,78,78,81,81,81,81,81,84,91,91,91,91,91,91,91,91,91,91,91,91,91,91,91,91,91,91,91,91,91,91,91,91,91,91,91,95,95,95,95,95,95],"card_choices":[{"not_picked":["hermit:HighCaliber","hermit:Desperado","hermit:Vantage"],"picked":"SKIP","floor":1},{"not_picked":["Dark Shackles+1","Trip+1"],"picked":"Enlightenment+1","floor":2},{"not_picked":["hermit:Midnight+1","hermit:Brawl+1"],"picked":"hermit:CursedWeapon+1","floor":2},{"not_picked":["hermit:Spite","hermit:PistolWhip"],"picked":"hermit:Deadeye","floor":5},{"not_picked":["hermit:Grudge","hermit:LuckOfTheDraw"],"picked":"hermit:Snipe","floor":6},{"not_picked":["hermit:EyeOfTheStorm","hermit:ShadowCloak"],"picked":"hermit:Deadeye","floor":8},{"not_picked":["hermit:Virtue","hermit:Grudge"],"picked":"hermit:BigShot","floor":10},{"not_picked":["hermit:Dive","hermit:WideOpen"],"picked":"hermit:Quickdraw","floor":12},{"not_picked":["hermit:Horror","hermit:NoHoldsBarred","hermit:HighNoon"],"picked":"SKIP","floor":13},{"not_picked":["hermit:Reprieve","hermit:BlackWind"],"picked":"hermit:Dissolve","floor":16},{"not_picked":["hermit:WideOpen","hermit:Vantage"],"picked":"hermit:GhostlyPresence","floor":18},{"not_picked":["hermit:Maintenance","hermit:WideOpen"],"picked":"hermit:Determination+1","floor":20},{"not_picked":["infinitespire:SevenWalls","hubris:InfiniteBlow+1"],"picked":"infinitespire:Gouge","floor":22},{"not_picked":["hermit:Dive","hermit:Combo"],"picked":"hermit:Roughhouse","floor":24},{"not_picked":["hermit:FinalCanter","hermit:Grudge"],"picked":"hermit:Scavenge+1","floor":29},{"not_picked":["hermit:Vantage+1","hermit:Ricochet","hermit:EyeOfTheStorm"],"picked":"SKIP","floor":31},{"not_picked":["hermit:HeroicBravado","hermit:FinalCanter"],"picked":"hermit:FromBeyond","floor":33},{"not_picked":["hermit:Roulette+1","hermit:Manifest"],"picked":"hermit:Glare+1","floor":35},{"not_picked":["hermit:Gestalt+1","hermit:Roulette+1"],"picked":"hermit:Quickdraw","floor":36},{"not_picked":["hermit:Coalescence+1","hermit:Brawl+1","hermit:Desperado"],"picked":"SKIP","floor":39},{"not_picked":["hermit:BodyArmor","hermit:Cheat+1","hermit:Gestalt"],"picked":"SKIP","floor":41},{"not_picked":["hermit:Roulette","hermit:Misfire+1"],"picked":"hermit:Headshot","floor":46},{"not_picked":["hermit:Headshot","hermit:Roulette"],"picked":"hermit:Enervate+1","floor":47},{"not_picked":["hermit:SprayPray","hermit:FinalCanter"],"picked":"hermit:Deadeye+1","floor":48}],"player_experience":761259,"relics_obtained":[{"floor":6,"key":"ReplayFunnel"},{"floor":9,"key":"Replay:Bottled Snecko"},{"floor":13,"key":"halation:EternalFortune"},{"floor":18,"key":"halation:EternalFortune"},{"floor":20,"key":"hubris:DuctTape"},{"floor":21,"key":"Ring of Peace"},{"floor":24,"key":"aspiration:AnachronicSnailShell"},{"floor":29,"key":"StuffTheSpire:MayFlowers"},{"floor":36,"key":"halation:AfternoonTea"},{"floor":41,"key":"Boot"},{"floor":43,"key":"Replay:PocketPolymizer"},{"floor":46,"key":"halation:EternalFortune"},{"floor":46,"key":"StuffTheSpire:Gunfinga"}],"event_choices":[{"damage_healed":0,"gold_gain":0,"player_choice":"2","damage_taken":0,"max_hp_gain":0,"max_hp_loss":0,"event_name":"betterMatch:BetterMatch","floor":2,"gold_loss":0,"cards_obtained":["betterMatch:ColorlessUncommonCard","betterMatch:UncommonCard"]},{"damage_healed":0,"gold_gain":0,"player_choice":"Rummage","damage_taken":0,"relics_obtained":["WarpedTongs"],"max_hp_gain":0,"max_hp_loss":0,"event_name":"Accursed Blacksmith","floor":4,"gold_loss":0,"cards_obtained":["Pain"]},{"damage_healed":0,"gold_gain":0,"player_choice":"Got Potions","damage_taken":0,"max_hp_gain":0,"max_hp_loss":0,"event_name":"Lab","floor":37,"gold_loss":0},{"damage_healed":0,"gold_gain":0,"player_choice":"Gave Potion","damage_taken":0,"relics_obtained":["StuffTheSpire:Barrel"],"max_hp_gain":0,"max_hp_loss":0,"event_name":"WeMeetAgain","floor":44,"gold_loss":0}],"is_beta":false,"boss_relics":[{"not_picked":["Abe\u0027s Treasure","StuffTheSpire:RunicConfusion","Ectoplasm"]},{"not_picked":["hermit:BartenderGlass","halation:LoveArrow"],"picked":"hermit:ClaspedLocket"}],"items_purged_floors":[27],"is_endless":false,"potions_floor_spawned":[1,6,12,16,24,29,31,35,47],"killed_by":"Time Eater","ascension_level":3}}