{"host":"j4g6ia6asvpyu2b0","time":1612876519,"event":{"mods":["BaseMod","Colored Map","Infinite Spire","Minty Spire (QoL Compilation)","Permanent Neow","Quick Restart","Relic Stats","StSLib","Unceasing Turn Reminder"],"gold_per_floor":[119,136,211,224,234,234,265,295,307,319,362,374,415,427,439,553,565,597,609,587,611,623,635,647,659,671,697,743,788,800,823,835,947,959,984,1046,1075,1105,1135,1182,1194,724,736,748,776,817,829,875,887,899,911,923,21,52,52],"floor_reached":56,"language":"ENG","playtime":2748,"items_purged":["Strike_G","Strike_G"],"score":1708,"play_id":"47f35d0b-0ee1-42a2-92d8-d58691a728c4","local_time":"20210209061519","is_ascension_mode":true,"campfire_choices":[{"data":"Footwork","floor":6.0,"key":"SMITH"},{"data":"Deadly Poison","floor":10.0,"key":"SMITH"},{"data":"After Image","floor":12,"key":"SMITH"},{"data":"Deadly Poison","floor":15,"key":"SMITH"},{"data":"Noxious Fumes","floor":23,"key":"SMITH"},{"data":"Burst","floor":25,"key":"SMITH"},{"floor":32,"key":"REST"},{"floor":41,"key":"RECALL"},{"data":"infinitespire:FutureSight","floor":44,"key":"SMITH"},{"data":"Wraith Form v2","floor":49,"key":"SMITH"},{"data":"After Image","floor":52,"key":"SMITH"}],"circlet_count":0,"master_deck":["Strike_G","Strike_G+1","Strike_G+1","Defend_G","Defend_G","Defend_G","Defend_G","Defend_G","Survivor","Neutralize","Deadly Poison+1","Infinite Blades","Footwork+1","Deadly Poison+1","Dagger Spray","Dash","After Image+1","Footwork+1","After Image+1","Endless Agony+1","Outmaneuver","Burst+1","Backstab","Prepared","Noxious Fumes+1","Caltrops","Endless Agony","Dagger Throw","Corpse Explosion","Wraith Form v2+1","Escape Plan","Prepared+1","Backflip","Caltrops+1","Blur+1","PiercingWail+1","infinitespire:FutureSight+1","Flying Knee+1","Noxious Fumes","Madness","Madness","Blur","Crippling Poison","Doppelganger","Noxious Fumes","Dash","Flying Knee","Caltrops+1"],"relics":["Ring of the Snake","Thread and Needle","WingedGreaves","MawBank","Bag of Preparation","Matryoshka","Shuriken","Runic Pyramid","Nilry\u0027s Codex","Akabeko","infinitespire:WardingShard","Bag of Marbles","Orichalcum","Coffee Dripper","Tough Bandages","Turnip","Boot","Letter Opener","Tingsha","Nunchaku","Whetstone","Lee\u0027s Waffle","Mummified Hand"],"acts_visited":["Exordium","TheCity","TheBeyond","TheEnding"],"potions_floor_usage":[11,16,20,50,55,55,55],"damage_taken":[{"damage":0.0,"enemies":"Jaw Worm","floor":1.0,"turns":3.0},{"damage":0.0,"enemies":"Small Slimes","floor":2.0,"turns":3.0},{"damage":0.0,"enemies":"Cultist","floor":4.0,"turns":4.0},{"damage":0.0,"enemies":"Exordium Wildlife","floor":5.0,"turns":4.0},{"damage":0.0,"enemies":"Lagavulin","floor":7.0,"turns":7.0},{"damage":12.0,"enemies":"3 Sentries","floor":8.0,"turns":5.0},{"damage":15,"enemies":"Gremlin Nob","floor":11,"turns":4},{"damage":0,"enemies":"Lagavulin","floor":13,"turns":6},{"damage":2,"enemies":"Slime Boss","floor":16,"turns":7},{"damage":0,"enemies":"Shell Parasite","floor":18,"turns":6},{"damage":13,"enemies":"2 Thieves","floor":20,"turns":5},{"damage":6,"enemies":"Sentry and Sphere","floor":21,"turns":9},{"damage":0,"enemies":"3 Cultists","floor":27,"turns":5},{"damage":0,"enemies":"Nightmare","floor":28,"turns":8},{"damage":12,"enemies":"Book of Stabbing","floor":29,"turns":8},{"damage":0,"enemies":"Chosen and Byrds","floor":31,"turns":4},{"damage":0,"enemies":"Automaton","floor":33,"turns":13},{"damage":0,"enemies":"3 Shapes","floor":35,"turns":3},{"damage":0,"enemies":"Mind Bloom Boss Battle","floor":36,"turns":6},{"damage":0,"enemies":"3 Darklings","floor":37,"turns":2},{"damage":0,"enemies":"Spire Growth","floor":38,"turns":5},{"damage":13,"enemies":"Jaw Worm Horde","floor":39,"turns":5},{"damage":0,"enemies":"Nemesis","floor":40,"turns":7},{"damage":0,"enemies":"Transient","floor":45,"turns":5},{"damage":0,"enemies":"Reptomancer","floor":46,"turns":7},{"damage":3,"enemies":"Nightmare","floor":48,"turns":8},{"damage":12,"enemies":"infinitespire:MassOfShapes","floor":50,"turns":10},{"damage":0,"enemies":"Shield and Spear","floor":54,"turns":6},{"damage":1,"enemies":"The Heart","floor":55,"turns":8}],"seed_played":"6306025161766444634","potions_obtained":[{"floor":1.0,"key":"DuplicationPotion"},{"floor":7.0,"key":"CunningPotion"},{"floor":8.0,"key":"Strength Potion"},{"floor":11,"key":"ColorlessPotion"},{"floor":21,"key":"EssenceOfSteel"},{"floor":27,"key":"Dexterity Potion"},{"floor":33,"key":"LiquidBronze"},{"floor":40,"key":"PowerPotion"}],"is_trial":false,"path_per_floor":["M","M","?","M","M","R","E","E","T","R","E","R","E","?","R","B",null,"M","?","M","M","?","R","AVR","R","T","M","NM","E","$","M","R","B",null,"M","?","M","M","M","E","R","?","T","R","M","E","?","NM","R","B",null,"R","$","E","B",null],"character_chosen":"THE_SILENT","items_purchased":["Crippling Poison","Nunchaku","Whetstone","Swift Potion","Doppelganger","Noxious Fumes","Lee\u0027s Waffle","Dash","Flying Knee"],"campfire_rested":1,"item_purchase_floors":[53,53,53,53,53,53,53,53,53],"current_hp_per_floor":[63,63,52,52,52,52,52,40,40,40,25,25,25,25,25,23,63,63,63,50,44,28,28,28,28,28,28,28,16,16,16,34,34,63,63,63,63,63,50,50,50,50,50,50,50,50,42,39,39,27,63,63,70,70,69],"gold":52,"neow_bonus":"ONE_RARE_RELIC","is_daily":false,"chose_seed":false,"campfire_upgraded":9,"win_rate":0.0,"timestamp":1612876519,"path_taken":["M","M","?","M","M","R","E","E","T","R","E","R","E","?","R","BOSS","M","?","M","?","?","R","AVR","R","T","M","NM","E","$","M","R","BOSS","M","?","M","M","M","E","R","?","T","R","M","E","?","NM","R","BOSS","R","$","E","BOSS"],"items_purchased_type":["Card","Relic","Relic","Potion","Card","Card","Relic","Card","Card"],"build_version":"2020-12-22","purchased_purges":2,"victory":true,"max_hp_per_floor":[63,63,63,63,63,63,63,63,63,63,63,63,63,63,63,63,63,63,63,63,63,63,63,63,63,63,63,63,63,63,63,63,63,63,63,63,63,63,63,63,63,63,63,63,63,63,63,63,63,63,63,63,70,70,70],"relic_stats":{"Lee\u0027s Waffle":7,"counters":[29,173],"Tingsha":[18],"Bag of Preparation":[48],"Letter Opener":[101],"Whetstone":["Strike_G","Strike_G"],"Orichalcum":[6],"MawBank":540,"Boot":[23],"Tough Bandages":[96],"Nunchaku":[3],"Shuriken":[62],"Mummified Hand":[13],"Turnip":[2],"obtain_stats":[{"Lee\u0027s Waffle":53,"Nilry\u0027s Codex":22,"Thread and Needle":0,"Tingsha":48,"Bag of Preparation":9,"Letter Opener":46,"Whetstone":53,"Orichalcum":29,"MawBank":8,"Boot":43,"Akabeko":26,"Tough Bandages":36,"Nunchaku":53,"Matryoshka":11,"infinitespire:WardingShard":26,"Shuriken":13,"Mummified Hand":54,"WingedGreaves":7,"Turnip":40,"Bag of Marbles":28,"Coffee Dripper":34,"Ring of the Snake":0,"Runic Pyramid":17},{"Lee\u0027s Waffle":27,"Nilry\u0027s Codex":12,"Thread and Needle":0,"Tingsha":26,"Bag of Preparation":6,"Letter Opener":25,"Whetstone":27,"Orichalcum":15,"MawBank":6,"Boot":23,"Akabeko":12,"Tough Bandages":19,"Nunchaku":27,"Matryoshka":7,"infinitespire:WardingShard":12,"Shuriken":8,"Mummified Hand":28,"WingedGreaves":5,"Turnip":23,"Bag of Marbles":14,"Coffee Dripper":17,"Ring of the Snake":0,"Runic Pyramid":9},{"Lee\u0027s Waffle":159,"Nilry\u0027s Codex":63,"Thread and Needle":0,"Tingsha":149,"Bag of Preparation":26,"Letter Opener":141,"Whetstone":159,"Orichalcum":84,"MawBank":26,"Boot":129,"Akabeko":63,"Tough Bandages":110,"Nunchaku":159,"Matryoshka":30,"infinitespire:WardingShard":63,"Shuriken":36,"Mummified Hand":165,"WingedGreaves":21,"Turnip":129,"Bag of Marbles":76,"Coffee Dripper":101,"Ring of the Snake":0,"Runic Pyramid":43}],"Ring of the Snake":[61]},"card_choices":[{"not_picked":["Choke","Prepared"],"picked":"Deadly Poison","floor":1.0},{"not_picked":["Dodge and Roll","Choke"],"picked":"Infinite Blades","floor":2.0},{"not_picked":["Deadly Poison","Escape Plan"],"picked":"Footwork","floor":4.0},{"not_picked":["Sucker Punch","Backflip"],"picked":"Deadly Poison","floor":5.0},{"not_picked":["Prepared","Eviscerate"],"picked":"Dagger Spray","floor":7.0},{"not_picked":["Infinite Blades","Choke"],"picked":"Dash","floor":8.0},{"not_picked":["Poisoned Stab","Expertise"],"picked":"After Image","floor":11},{"not_picked":["Deadly Poison","Dagger Throw"],"picked":"Footwork","floor":13},{"not_picked":["Phantasmal Killer","Burst"],"picked":"After Image","floor":16},{"not_picked":["Cloak And Dagger","Masterful Stab"],"picked":"Endless Agony+1","floor":18},{"not_picked":["Bane","Skewer"],"picked":"Prepared","floor":20},{"not_picked":["Leg Sweep","Dodge and Roll"],"picked":"Noxious Fumes","floor":21},{"not_picked":["Deflect","Poisoned Stab"],"picked":"Caltrops","floor":27},{"not_picked":["Prepared","Infinite Blades"],"picked":"Endless Agony","floor":28},{"not_picked":["Riddle With Holes","Bane+1"],"picked":"Dagger Throw","floor":29},{"not_picked":["Slice+1","Quick Slash"],"picked":"Corpse Explosion","floor":31},{"not_picked":["Venomology","Storm of Steel"],"picked":"Wraith Form v2","floor":33},{"not_picked":["Setup","Outmaneuver"],"picked":"Escape Plan","floor":35},{"not_picked":["Dodge and Roll+1","Expertise+1"],"picked":"Prepared+1","floor":36},{"not_picked":["Terror","Poisoned Stab+1"],"picked":"Backflip","floor":37},{"not_picked":["Choke+1","All Out Attack"],"picked":"Caltrops+1","floor":38},{"not_picked":["Poisoned Stab","Leg Sweep"],"picked":"Blur+1","floor":39},{"not_picked":["Well Laid Plans+1","Tactician"],"picked":"PiercingWail+1","floor":40},{"not_picked":["infinitespire:SevenWalls","infinitespire:Oblivion"],"picked":"infinitespire:FutureSight","floor":42},{"not_picked":["Prepared+1","Dagger Spray+1"],"picked":"Flying Knee+1","floor":45},{"not_picked":["Doppelganger","All Out Attack"],"picked":"Noxious Fumes","floor":46},{"not_picked":["Deflect+1","Cloak And Dagger"],"picked":"Blur","floor":48},{"not_picked":["Backstab","Flying Knee+1"],"picked":"Caltrops+1","floor":54}],"player_experience":1196416,"relics_obtained":[{"floor":7.0,"key":"WingedGreaves"},{"floor":8.0,"key":"MawBank"},{"floor":9.0,"key":"Bag of Preparation"},{"floor":11,"key":"Matryoshka"},{"floor":13,"key":"Shuriken"},{"floor":22,"key":"Nilry\u0027s Codex"},{"floor":26,"key":"Akabeko"},{"floor":26,"key":"infinitespire:WardingShard"},{"floor":28,"key":"Bag of Marbles"},{"floor":29,"key":"Orichalcum"},{"floor":36,"key":"Tough Bandages"},{"floor":40,"key":"Turnip"},{"floor":43,"key":"Boot"},{"floor":46,"key":"Letter Opener"},{"floor":48,"key":"Tingsha"},{"floor":54,"key":"Mummified Hand"}],"event_choices":[{"damage_healed":0.0,"max_hp_gain":0.0,"max_hp_loss":0.0,"gold_gain":75.0,"event_name":"World of Goop","player_choice":"Gather Gold","floor":3.0,"gold_loss":0.0,"damage_taken":11.0},{"damage_healed":0,"gold_gain":0,"player_choice":"Grow","damage_taken":0,"max_hp_gain":0,"max_hp_loss":0,"event_name":"Living Wall","floor":14,"gold_loss":0,"cards_upgraded":["Footwork"]},{"damage_healed":0,"gold_gain":0,"player_choice":"3 cards matched","damage_taken":0,"max_hp_gain":0,"max_hp_loss":0,"event_name":"Match and Keep!","floor":19,"gold_loss":0,"cards_obtained":["Outmaneuver","Burst","Backstab"]},{"damage_healed":0,"gold_gain":0,"player_choice":"Obtained Book","damage_taken":16,"max_hp_gain":0,"max_hp_loss":0,"event_name":"Cursed Tome","floor":22,"gold_loss":0},{"damage_healed":0,"gold_gain":0,"player_choice":"Fight","damage_taken":0,"max_hp_gain":0,"max_hp_loss":0,"event_name":"MindBloom","floor":36,"gold_loss":0},{"damage_healed":0,"gold_gain":0,"player_choice":"Embrace Madness","damage_taken":8,"max_hp_gain":0,"max_hp_loss":0,"event_name":"Winding Halls","floor":47,"gold_loss":0,"cards_obtained":["Madness","Madness"]}],"is_beta":false,"boss_relics":[{"not_picked":["Calling Bell","Velvet Choker"],"picked":"Runic Pyramid"},{"not_picked":["Black Star","Busted Crown"],"picked":"Coffee Dripper"}],"items_purged_floors":[24,53],"is_endless":false,"potions_floor_spawned":[1,7,8,11,21,27,33,36,37,38,40,45,54],"ascension_level":3}}