{"host":"bakf0s4odzu8z5xt","time":1612852400,"event":{"mods":["2.2 Compatiblity","BaseMod","Downfall","Friendly Minions","Minty Spire (QoL Compilation)","StSLib"],"gold_per_floor":[99,113,213,213,226,226,279,297,309,327,344,344,354,394,421,528,528,337,346,346,375,13,67,94,113,14,23,52,64,73,44,73,185,185,194,230,263,272,297,297,297,352,36,45,80,156,215,12,34,34],"floor_reached":51,"language":"ENG","playtime":4799,"items_purged":["downfall:Bewildered","sneckomod:UnknownClassBLUE","Parasite"],"score":703,"play_id":"d1f16f93-9d6b-441f-8c87-64e9b18985ae","local_time":"20210209003320","is_ascension_mode":false,"campfire_choices":[{"floor":1.0,"key":"RECALL"},{"data":"sneckomod:UnendingSupply","floor":12.0,"key":"SMITH"}],"circlet_count":0,"master_deck":["sneckomod:TailWhip","sneckomod:SnekBite+1","sneckomod:Unknown","sneckomod:ImprovisedGuard+1","sneckomod:UnendingSupply+1","sneckomod:QuickBite","sneckomod:DangerNoodle","sneckomod:SlitherStrike","sneckomod:QuickBite","sneckomod:UnknownRareAttack","Melter","sneckomod:Restock","sneckomod:Unknown2Cost","sneckomod:UnknownClassTHE_BRONZE_AUTOMATON","sneckomod:UnknownUncommonPower","sneckomod:UnknownDraw","sneckomod:UnknownUncommonAttack","sneckomod:PureSnecko+1","sneckomod:SoulExchange","sneckomod:UnendingSupply","Coolheaded+1","sneckomod:Rotation","bronze:Boost","sneckomod:SoulCleanse","sneckomod:MorePower","Hyperbeam","sneckomod:UnknownRareSkill+1","sneckomod:UnknownStrength+1","sneckomod:UnknownDraw+1","expansioncontent:Chronoboost","expansioncontent:Chronoboost","sneckomod:UnknownDraw+1","sneckomod:SoulDraw","sneckomod:UnknownClassTHE_BRONZE_AUTOMATON","Reinforced Body","sneckomod:UnknownX+1","sneckomod:QuickMove+1","sneckomod:UnknownRareSkill+1","sneckomod:CheapStock","sneckomod:MasterEye","sneckomod:CheapStock","sneckomod:Rotation","sneckomod:SoulExchange"],"relics":["sneckomod:SneckoSoul","Centennial Puzzle","CeramicFish","Snecko Eye","downfall:HeartBlessingGreen","downfall:HeartBlessingRed","sneckomod:BabySnecko","bronze:DecasWashers","Anchor","Calipers","Fusion Hammer","Chemical X","The Courier","Mango"],"acts_visited":["Exordium","TheCity","TheBeyond"],"potions_floor_usage":[],"damage_taken":[{"damage":1.0,"enemies":"Cultist","floor":2.0,"turns":4.0},{"damage":11.0,"enemies":"Small Slimes","floor":5.0,"turns":4.0},{"damage":0.0,"enemies":"2 Louse","floor":8.0,"turns":4.0},{"damage":0.0,"enemies":"2 Fungi Beasts","floor":9.0,"turns":3.0},{"damage":1.0,"enemies":"3 Louse","floor":10.0,"turns":3.0},{"damage":3.0,"enemies":"Red Slaver","floor":11.0,"turns":3.0},{"damage":2.0,"enemies":"Exordium Wildlife","floor":13.0,"turns":2.0},{"damage":12.0,"enemies":"3 Sentries","floor":14.0,"turns":8.0},{"damage":8.0,"enemies":"3 Louse","floor":15.0,"turns":4.0},{"damage":14.0,"enemies":"DF_ARCHETYPE_STREAMLINE","floor":16.0,"turns":9.0},{"damage":0.0,"enemies":"Spheric Guardian","floor":21.0,"turns":1.0},{"damage":0.0,"enemies":"downfall:FleeingMerchant","floor":22.0,"turns":4.0},{"damage":0.0,"enemies":"Cultist and Chosen","floor":25.0,"turns":4.0},{"damage":15.0,"enemies":"downfall:FleeingMerchant","floor":26.0,"turns":3.0},{"damage":8,"enemies":"Centurion and Healer","floor":28,"turns":3},{"damage":0,"enemies":"Snecko","floor":29,"turns":2},{"damage":0,"enemies":"Sentry and Sphere","floor":32,"turns":2},{"damage":11,"enemies":"WA_ARCHETYPE_CALM","floor":33,"turns":8},{"damage":0,"enemies":"Orb Walker","floor":36,"turns":1},{"damage":0,"enemies":"3 Shapes","floor":37,"turns":3},{"damage":0,"enemies":"Spire Growth","floor":39,"turns":4},{"damage":12,"enemies":"Writhing Mass","floor":42,"turns":4},{"damage":0,"enemies":"Jaw Worm Horde","floor":45,"turns":4},{"damage":0,"enemies":"Jaw Worm Horde","floor":47,"turns":4},{"damage":19,"enemies":"3 Darklings","floor":49,"turns":4},{"damage":74,"enemies":"IC_BLOCK_ARCHETYPE","floor":50,"turns":9}],"seed_played":"-4479933953255683601","potions_obtained":[{"floor":2.0,"key":"PowerPotion"},{"floor":5.0,"key":"hexamod:SoulburnPotion"},{"floor":9.0,"key":"Guardian:BlockOnCardUsePotion"},{"floor":13.0,"key":"bronze:BurnAndBuffPotion"},{"floor":16.0,"key":"EssenceOfSteel"},{"floor":21.0,"key":"Fire Potion"},{"floor":25.0,"key":"AttackPotion"},{"floor":32,"key":"AttackPotion"},{"floor":36,"key":"Block Potion"},{"floor":37,"key":"DuplicationPotion"},{"floor":45,"key":"EntropicBrew"}],"is_trial":false,"path_per_floor":["R","M","?","?","M","?","T","M","M","M","M","R","M","E","M","B",null,"R","?","?","M","$","?","T","M","$","R","M","M","R","$","M","B",null,"R","M","M","?","M","?","T","M","$","R","M","T","?","$","M","B",null],"character_chosen":"THE_SNECKO","items_purchased":["bronze:DecasWashers","sneckomod:Unknown2Cost","Calipers","sneckomod:UnendingSupply","sneckomod:SoulCleanse","Chemical X","sneckomod:UnknownClassTHE_BRONZE_AUTOMATON","sneckomod:CheapStock","sneckomod:MasterEye","sneckomod:CheapStock","sneckomod:Rotation"],"campfire_rested":0,"item_purchase_floors":[22,22,26,26,31,43,43,48,48,48,48],"current_hp_per_floor":[99,98,98,98,87,87,87,87,87,86,83,83,81,69,61,47,99,99,99,99,99,99,99,99,99,84,84,76,76,76,76,76,65,99,99,99,99,99,99,99,99,87,87,87,87,87,101,101,82,8],"gold":34,"neow_bonus":"TEN_PERCENT_HP_BONUS","is_daily":false,"chose_seed":false,"campfire_upgraded":1,"win_rate":0.0,"timestamp":1612852400,"path_taken":["R","M","?","?","M","?","T","M","M","M","M","R","M","E","M","BOSS","R","?","?","?","$","?","T","M","$","R","M","M","R","?","M","BOSS","R","M","M","?","M","?","T","M","$","R","M","?","?","$","M","BOSS"],"items_purchased_type":["Relic","Card","Relic","Card","Card","Relic","Card","Card","Card","Card","Card"],"build_version":"2020-12-22","purchased_purges":3,"victory":true,"max_hp_per_floor":[99,99,99,99,99,99,99,99,99,99,99,99,99,99,99,99,99,99,99,99,99,99,99,99,99,99,99,99,99,99,99,99,99,99,99,99,99,99,99,99,99,99,96,96,96,96,110,110,110,110],"card_choices":[{"not_picked":["sneckomod:Unknown1Cost","sneckomod:SnekBeam"],"picked":"sneckomod:ImprovisedGuard","floor":2.0},{"not_picked":["sneckomod:Unknown2Cost","sneckomod:DiceBoulder"],"picked":"sneckomod:UnendingSupply","floor":5.0},{"not_picked":["sneckomod:UnknownCommonAttack","sneckomod:Nope"],"picked":"sneckomod:QuickBite","floor":8.0},{"not_picked":["sneckomod:UnknownCommonAttack","sneckomod:UnknownCommonSkill"],"picked":"sneckomod:DangerNoodle","floor":9.0},{"not_picked":["sneckomod:Nope","sneckomod:SoulDraw"],"picked":"sneckomod:SlitherStrike","floor":10.0},{"not_picked":["sneckomod:SoulCleanse","sneckomod:UnknownUncommonSkill"],"picked":"sneckomod:UnknownX","floor":11.0},{"not_picked":["sneckomod:DiceBlock","sneckomod:RainOfDice","sneckomod:IronFang"],"picked":"SKIP","floor":13.0},{"not_picked":["sneckomod:UnknownUncommonSkill","sneckomod:UnknownCommonSkill"],"picked":"sneckomod:Unknown2Cost","floor":14.0},{"not_picked":["sneckomod:SoulDraw","sneckomod:DiceBlock"],"picked":"sneckomod:QuickBite","floor":15.0},{"not_picked":["sneckomod:UnknownBoss","sneckomod:DangerNoodle"],"picked":"sneckomod:UnknownRareAttack","floor":16.0},{"not_picked":["sneckomod:Rotation","sneckomod:UnknownCommonSkill"],"picked":"sneckomod:UnknownDraw+1","floor":21.0},{"not_picked":["sneckomod:QuickMove","sneckomod:SoulDraw"],"picked":"sneckomod:Restock","floor":22.0},{"not_picked":["sneckomod:Nope+1","sneckomod:UnknownCommonSkill+1"],"picked":"sneckomod:PureSnecko+1","floor":25.0},{"not_picked":["sneckomod:RainOfDice","sneckomod:SoulDraw"],"picked":"sneckomod:SoulExchange","floor":26.0},{"not_picked":["sneckomod:DiceCrush","sneckomod:WideSting"],"picked":"sneckomod:Rotation","floor":28},{"not_picked":["sneckomod:RainOfDice","sneckomod:DiceCrush+1","sneckomod:SnakeSap"],"picked":"SKIP","floor":29},{"not_picked":["sneckomod:UnknownUncommonPower+1","sneckomod:UnknownVulnerable"],"picked":"sneckomod:Unknown2Cost","floor":32},{"not_picked":["sneckomod:UnlimitedRolls","sneckomod:UnknownRareAttack"],"picked":"sneckomod:MorePower","floor":33},{"not_picked":["sneckomod:UnknownCommonAttack+1","sneckomod:UnknownUncommonPower+1"],"picked":"sneckomod:UnknownRareSkill+1","floor":36},{"not_picked":["sneckomod:UnknownColorless+1","sneckomod:UnknownBlock+1"],"picked":"sneckomod:SnekBeam+1","floor":36},{"not_picked":["sneckomod:UnknownExhaust+1","sneckomod:UnknownVulnerable+1"],"picked":"sneckomod:UnknownStrength+1","floor":37},{"not_picked":["sneckomod:RainOfDice","sneckomod:UnknownColorless+1"],"picked":"sneckomod:UnknownDraw+1","floor":37},{"not_picked":["expansioncontent:LastStand","expansioncontent:InvincibleStrength"],"picked":"expansioncontent:Chronoboost","floor":38},{"not_picked":["sneckomod:DiceBlock+1","sneckomod:UnknownStrike+1"],"picked":"sneckomod:Memorize+1","floor":39},{"not_picked":["sneckomod:UnknownColorless+1","sneckomod:UnknownUncommonAttack+1"],"picked":"sneckomod:UnknownDraw+1","floor":42},{"not_picked":["sneckomod:IronFang+1","sneckomod:UnknownCommonAttack"],"picked":"sneckomod:SoulDraw","floor":42},{"not_picked":["sneckomod:UnknownBoss+1","sneckomod:UnknownUncommonPower+1"],"picked":"sneckomod:UnknownX+1","floor":45},{"not_picked":["sneckomod:SoulRoll+1","sneckomod:UnknownClassTHE_BRONZE_AUTOMATON+1"],"picked":"sneckomod:QuickMove+1","floor":45},{"not_picked":["sneckomod:UnknownWeak+1","sneckomod:UnknownClassBLUE+1"],"picked":"sneckomod:UnknownRareSkill+1","floor":47},{"not_picked":["sneckomod:UnknownStrike","sneckomod:SoulRoll+1"],"picked":"sneckomod:SoulExchange","floor":49}],"player_experience":2126441,"relics_obtained":[{"floor":7.0,"key":"Centennial Puzzle"},{"floor":14.0,"key":"CeramicFish"},{"floor":24.0,"key":"Anchor"},{"floor":46,"key":"The Courier"},{"floor":47,"key":"Mango"}],"event_choices":[{"cards_removed":["sneckomod:SnekBeam"],"damage_healed":0,"gold_gain":0,"player_choice":"Removed Attack","damage_taken":0,"max_hp_gain":0,"max_hp_loss":0,"event_name":"Falling","floor":40,"gold_loss":0}],"is_beta":false,"boss_relics":[{"not_picked":["SlaversCollar","Black Star"],"picked":"Snecko Eye"},{"not_picked":["Velvet Choker","Philosopher\u0027s Stone"],"picked":"Fusion Hammer"}],"items_purged_floors":[22,26,43],"is_endless":false,"potions_floor_spawned":[2,5,9,13,16,21,25,32,36,37,45],"ascension_level":0}}