{"host":"c6u7e77myxvw4d0m","time":1612867359,"event":{"mods":["AchievementEnabler","BaseMod","Bestiary","Colored Map","Colored Powertips","Minty Spire (QoL Compilation)","Rare Cards Sparkle","Relic Stats","everything is the same but u backflip on backflip"],"gold_per_floor":[216,232,246,86,101,101,126,126,152,2,2,44,44,382,382,462,462,475,520,541,33,42,42,42,42,42,67,67,77,77,111,111,196,196,222,247,232,232,232,270,270,270,270],"floor_reached":42,"language":"ENG","playtime":6333,"items_purged":["Strike_G"],"score":1170,"play_id":"5706fd45-32f0-4911-9d0f-8054757239ec","local_time":"20210209124239","is_ascension_mode":true,"campfire_choices":[{"data":"Poisoned Stab","floor":6.0,"key":"SMITH"},{"data":"Catalyst","floor":8.0,"key":"SMITH"},{"data":"Crippling Poison","floor":11.0,"key":"SMITH"},{"floor":13.0,"key":"REST"},{"data":"Bouncing Flask","floor":15.0,"key":"SMITH"},{"data":"Burst","floor":23.0,"key":"SMITH"},{"data":"Corpse Explosion","floor":25.0,"key":"SMITH"},{"floor":28.0,"key":"REST"},{"data":"Footwork","floor":30.0,"key":"SMITH"},{"floor":32.0,"key":"REST"},{"data":"Catalyst","floor":41,"key":"SMITH"}],"circlet_count":0,"master_deck":["AscendersBane","Defend_G","Defend_G","Defend_G","Defend_G","Defend_G","Survivor","Choke","Bouncing Flask+1","Footwork+1","Catalyst+1","Footwork","Crippling Poison+1","Poisoned Stab+1","Backflip","Bane","Well Laid Plans","Acrobatics","Poisoned Stab","Burst+1","Bite","Bite","Bite","Bite","Bite","Deflect","Corpse Explosion+1","Deflect","PiercingWail+1","Venomology","Escape Plan","Catalyst+1","Deflect","Well Laid Plans"],"relics":["Ring of the Snake","Orrery","Ancient Tea Set","Lantern","CeramicFish","Old Coin","Cursed Key","Calipers","Medical Kit","Oddly Smooth Stone","Black Star","Sundial","Bottled Flame"],"acts_visited":["Exordium","TheCity","TheBeyond"],"potions_floor_usage":[42,42,42],"damage_taken":[{"damage":13.0,"enemies":"Jaw Worm","floor":1.0,"turns":8.0},{"damage":0.0,"enemies":"Small Slimes","floor":2.0,"turns":3.0},{"damage":0.0,"enemies":"Cultist","floor":3.0,"turns":4.0},{"damage":5.0,"enemies":"Exordium Thugs","floor":5.0,"turns":7.0},{"damage":12.0,"enemies":"Lagavulin","floor":7.0,"turns":7.0},{"damage":0.0,"enemies":"Gremlin Nob","floor":12.0,"turns":2.0},{"damage":5.0,"enemies":"3 Sentries","floor":14.0,"turns":11.0},{"damage":13.0,"enemies":"Hexaghost","floor":16.0,"turns":6.0},{"damage":18.0,"enemies":"Shell Parasite","floor":18.0,"turns":4.0},{"damage":21.0,"enemies":"Spheric Guardian","floor":20.0,"turns":5.0},{"damage":15.0,"enemies":"Snake Plant","floor":27.0,"turns":3.0},{"damage":0.0,"enemies":"Snecko","floor":29.0,"turns":2.0},{"damage":34.0,"enemies":"Gremlin Leader","floor":31.0,"turns":6.0},{"damage":0.0,"enemies":"Collector","floor":33.0,"turns":1.0},{"damage":0.0,"enemies":"3 Darklings","floor":35.0,"turns":1.0},{"damage":5.0,"enemies":"Orb Walker","floor":36.0,"turns":3.0},{"damage":4,"enemies":"Nemesis","floor":40,"turns":7},{"damage":52,"enemies":"Reptomancer","floor":42,"turns":4}],"seed_played":"1922916761229219832","potions_obtained":[{"floor":3.0,"key":"GamblersBrew"},{"floor":5.0,"key":"AttackPotion"},{"floor":7.0,"key":"Explosive Potion"},{"floor":14.0,"key":"DistilledChaos"},{"floor":27.0,"key":"SteroidPotion"},{"floor":31.0,"key":"DuplicationPotion"},{"floor":33.0,"key":"SneckoOil"},{"floor":35.0,"key":"CunningPotion"},{"floor":36,"key":"Ancient Potion"}],"is_trial":false,"path_per_floor":["M","M","M","$","M","R","E","R","T","$","R","E","R","E","R","B",null,"M","?","M","$","?","R","$","R","T","M","R","M","R","E","R","B",null,"M","M","$","T","?","E","R","E"],"character_chosen":"THE_SILENT","items_purchased":["Orrery","Well Laid Plans","Calipers","Medical Kit","Deflect"],"campfire_rested":3,"item_purchase_floors":[4,10,21,21,37],"current_hp_per_floor":[46,46,46,46,41,41,29,29,29,29,29,29,48,43,43,30,57,39,39,28,28,28,28,28,28,28,19,32,38,38,14,27,27,41,41,40,40,40,40,44,44,0,0],"gold":270,"neow_bonus":"HUNDRED_GOLD","is_daily":false,"chose_seed":false,"campfire_upgraded":8,"win_rate":0.0,"timestamp":1612867359,"path_taken":["M","M","M","$","M","R","E","R","T","$","R","E","R","E","R","BOSS","M","?","M","$","?","R","$","R","T","M","R","M","R","E","R","BOSS","M","M","?","?","?","E","R","E"],"items_purchased_type":["Relic","Card","Relic","Relic","Card"],"build_version":"2020-12-22","purchased_purges":1,"victory":false,"max_hp_per_floor":[66,66,66,66,66,66,66,66,66,66,66,66,66,66,66,66,66,66,46,46,46,46,46,46,46,46,46,46,46,46,46,46,46,46,46,46,46,46,46,46,46,46,46],"relic_stats":{"counters":[18,84],"Sundial":[0],"CeramicFish":153,"Black Star":1,"Cursed Key":0,"Medical Kit":[4],"obtain_stats":[{"Lantern":9,"Calipers":21,"CeramicFish":12,"Oddly Smooth Stone":31,"Ancient Tea Set":7,"Cursed Key":17,"Medical Kit":21,"Old Coin":14,"Bottled Flame":40,"Sundial":40,"Orrery":4,"Black Star":34,"Ring of the Snake":0},{"Lantern":5,"Calipers":10,"CeramicFish":6,"Oddly Smooth Stone":13,"Ancient Tea Set":5,"Cursed Key":8,"Medical Kit":10,"Old Coin":7,"Bottled Flame":17,"Sundial":17,"Orrery":3,"Black Star":14,"Ring of the Snake":0},{"Lantern":29,"Calipers":57,"CeramicFish":31,"Oddly Smooth Stone":68,"Ancient Tea Set":29,"Cursed Key":48,"Medical Kit":57,"Old Coin":42,"Bottled Flame":80,"Sundial":80,"Orrery":15,"Black Star":69,"Ring of the Snake":0}],"Ring of the Snake":[36]},"card_choices":[{"not_picked":["Deflect","Reflex"],"picked":"Choke","floor":1.0},{"not_picked":["Underhanded Strike","Accuracy"],"picked":"Bouncing Flask","floor":2.0},{"not_picked":["Quick Slash","Prepared"],"picked":"Footwork","floor":3.0},{"not_picked":["Acrobatics","Prepared"],"picked":"Catalyst","floor":4.0},{"not_picked":["Acrobatics","Sucker Punch"],"picked":"Footwork","floor":4.0},{"not_picked":["Quick Slash","Terror"],"picked":"Crippling Poison","floor":4.0},{"not_picked":["Dash","Deadly Poison"],"picked":"Poisoned Stab","floor":4.0},{"not_picked":["Concentrate","Blade Dance"],"picked":"Backflip","floor":4.0},{"not_picked":["Acrobatics","Cloak And Dagger"],"picked":"Bane","floor":5.0},{"not_picked":["Expertise","Skewer","Phantasmal Killer"],"picked":"SKIP","floor":7.0},{"not_picked":["All Out Attack","Quick Slash"],"picked":"Acrobatics","floor":12.0},{"not_picked":["Flying Knee","Acrobatics"],"picked":"Poisoned Stab","floor":14.0},{"not_picked":["After Image","Storm of Steel"],"picked":"Burst","floor":16.0},{"not_picked":["Dagger Throw","Sucker Punch","Dagger Spray"],"picked":"SKIP","floor":18.0},{"not_picked":["Bane","Slice"],"picked":"Deflect","floor":20.0},{"not_picked":["Blade Dance+1","Quick Slash"],"picked":"Deflect","floor":27.0},{"not_picked":["Outmaneuver","Storm of Steel","Slice"],"picked":"SKIP","floor":29.0},{"not_picked":["Predator","Quick Slash"],"picked":"PiercingWail+1","floor":31.0},{"not_picked":["Unload","Die Die Die"],"picked":"Venomology","floor":33.0},{"not_picked":["Sucker Punch","Cloak And Dagger"],"picked":"Escape Plan","floor":35.0},{"not_picked":["Dagger Throw","Acrobatics"],"picked":"Catalyst","floor":36},{"not_picked":["Dagger Throw","Leg Sweep"],"picked":"Well Laid Plans","floor":40}],"player_experience":739868,"relics_obtained":[{"floor":7.0,"key":"Ancient Tea Set"},{"floor":9.0,"key":"Lantern"},{"floor":12.0,"key":"CeramicFish"},{"floor":14.0,"key":"Old Coin"},{"floor":31.0,"key":"Oddly Smooth Stone"},{"floor":40,"key":"Sundial"},{"floor":40,"key":"Bottled Flame"}],"event_choices":[{"damage_healed":0.0,"max_hp_gain":0.0,"max_hp_loss":20.0,"gold_gain":0.0,"event_name":"Vampires","player_choice":"Became a vampire","floor":19.0,"gold_loss":0.0,"damage_taken":0.0,"cards_obtained":["Bite","Bite","Bite","Bite","Bite"]},{"damage_healed":0.0,"max_hp_gain":0.0,"max_hp_loss":0.0,"gold_gain":0.0,"event_name":"Match and Keep!","player_choice":"1 cards matched","floor":22.0,"gold_loss":0.0,"damage_taken":0.0,"cards_obtained":["Corpse Explosion"]},{"cards_removed":["Neutralize"],"damage_healed":0,"gold_gain":0,"player_choice":"Removed Attack","damage_taken":0,"max_hp_gain":0,"max_hp_loss":0,"event_name":"Falling","floor":39,"gold_loss":0}],"is_beta":false,"boss_relics":[{"not_picked":["Runic Pyramid","Fusion Hammer"],"picked":"Cursed Key"},{"not_picked":["WristBlade","Velvet Choker"],"picked":"Black Star"}],"items_purged_floors":[10],"is_endless":false,"potions_floor_spawned":[3,5,7,14,27,31,33,35,36],"killed_by":"Reptomancer","ascension_level":20}}