{"host":"bakf0s4odzu8z5xt","time":1612904844,"event":{"mods":["2.2 Compatiblity","BaseMod","Downfall","Friendly Minions","Minty Spire (QoL Compilation)","StSLib"],"gold_per_floor":[99,115,128,140,159,177,177,190,190,29,62,47,47,77,92,193,193,193,206,223,63,77,87,142,142,142,156,156,84,84,114,131,131,131,131],"floor_reached":33,"language":"ENG","playtime":2243,"items_purged":["champ:CrownThrow","champ:GladiatorForm","champ:Taunt+1"],"score":295,"play_id":"f23ea2a4-d1d2-44c4-952c-7a0bab6a09aa","local_time":"20210209150723","is_ascension_mode":true,"campfire_choices":[{"data":"champ:Taunt","floor":1,"key":"SMITH"},{"data":"champ:PerfectedStrike","floor":9,"key":"SMITH"},{"data":"champ:GladiatorForm","floor":18,"key":"SMITH"},{"data":"champ:BerserkerStyle","floor":25,"key":"SMITH"},{"floor":30,"key":"RECALL"}],"circlet_count":0,"master_deck":["champ:Strike","champ:Strike","champ:Strike","champ:Strike","champ:Defend","champ:Defend","champ:Defend","champ:Defend","champ:PerfectedStrike+1","champ:BerserkerStyle+1","champ:FanOfKnives","champ:AdrenalArmor","champ:RisingSlash","champ:AdrenalArmor","champ:SteelEdge","champ:CrookedStrike","champ:GladiatorForm+1","champ:FaceSlap","champ:BladeFlurry","champ:Lariat+1","champ:CalledShot","champ:FocusedBerserking","champ:ShieldWall","champ:EnragedBash","champ:LastStand","champ:Endure+1"],"relics":["champ:ChampionCrown","Dream Catcher","StrikeDummy","Incense Burner","Darkstone Periapt","sneckomod:SneckoTalon","Lantern","Bottled Flame"],"acts_visited":["Exordium","TheCity"],"potions_floor_usage":[6,14,16,19,31,32],"damage_taken":[{"damage":10,"enemies":"Small Slimes","floor":2,"turns":3},{"damage":6,"enemies":"Jaw Worm","floor":3,"turns":3},{"damage":0,"enemies":"2 Louse","floor":4,"turns":2},{"damage":33,"enemies":"Red Slaver","floor":5,"turns":4},{"damage":5,"enemies":"3 Louse","floor":6,"turns":3},{"damage":0,"enemies":"2 Fungi Beasts","floor":8,"turns":3},{"damage":10,"enemies":"downfall:FleeingMerchant","floor":10,"turns":4},{"damage":65,"enemies":"Lagavulin","floor":11,"turns":7},{"damage":47,"enemies":"downfall:FleeingMerchant","floor":12,"turns":4},{"damage":2,"enemies":"Gremlin Nob","floor":14,"turns":3},{"damage":10,"enemies":"Red Slaver","floor":15,"turns":2},{"damage":62,"enemies":"DF_ARCHETYPE_STREAMLINE","floor":16,"turns":7},{"damage":11,"enemies":"3 Byrds","floor":19,"turns":5},{"damage":23,"enemies":"Shelled Parasite and Fungi","floor":20,"turns":3},{"damage":56,"enemies":"downfall:FleeingMerchant","floor":21,"turns":4},{"damage":22,"enemies":"Cultist and Chosen","floor":22,"turns":4},{"damage":62,"enemies":"Snecko","floor":23,"turns":4},{"damage":59,"enemies":"Shelled Parasite and Fungi","floor":27,"turns":4},{"damage":14,"enemies":"downfall:FleeingMerchant","floor":29,"turns":3},{"damage":51,"enemies":"Book of Stabbing","floor":31,"turns":4},{"damage":2,"enemies":"Chosen and Byrds","floor":32,"turns":2},{"damage":96,"enemies":"IC_MUSHROOM_ARCHETYPE","floor":33,"turns":6}],"seed_played":"-8741795008571642160","potions_obtained":[{"floor":5,"key":"Strength Potion"},{"floor":8,"key":"hexamod:SoulburnPotion"},{"floor":11,"key":"champ:UltimateStancePotion"},{"floor":14,"key":"EssenceOfSteel"},{"floor":15,"key":"ColorlessPotion"},{"floor":19,"key":"Fire Potion"},{"floor":23,"key":"LiquidBronze"},{"floor":32,"key":"hexamod:SoulburnPotion"}],"is_trial":false,"path_per_floor":["R","M","M","M","M","M","T","M","R","$","E","$","?","E","M","B",null,"R","M","M","$","M","M","T","R","?","M","?","$","R","E","M","B"],"character_chosen":"THE_CHAMP","items_purchased":["champ:RisingSlash","champ:BladeFlurry","champ:ShieldWall","champ:EnragedBash","Lantern"],"campfire_rested":0,"item_purchase_floors":[10,21,29,29,29],"current_hp_per_floor":[90,90,84,84,71,66,66,66,66,66,50,45,45,50,50,40,90,90,90,90,90,90,75,75,75,75,72,72,72,72,54,52,0,0,0],"gold":131,"neow_bonus":"RANDOM_COMMON_RELIC","is_daily":false,"chose_seed":false,"campfire_upgraded":4,"win_rate":0.0,"timestamp":1612904843,"path_taken":["R","M","M","M","M","M","T","M","R","$","E","$","?","E","M","BOSS","R","M","M","$","M","M","T","R","?","M","?","?","R","E","M","BOSS"],"items_purchased_type":["Card","Card","Card","Card","Relic"],"build_version":"2020-12-22","purchased_purges":3,"victory":false,"max_hp_per_floor":[90,90,90,90,90,90,90,90,90,90,90,90,90,90,90,90,90,90,90,90,90,90,90,90,90,90,90,90,90,90,90,90,90,90,90],"card_choices":[{"not_picked":["champ:Haymaker","champ:BladeFlurry"],"picked":"champ:PerfectedStrike","floor":2},{"not_picked":["champ:SetATrap","champ:GutPunch"],"picked":"champ:CrownThrow","floor":3},{"not_picked":["champ:TornadoPunch","champ:BladeFlurry"],"picked":"champ:BerserkerStyle","floor":4},{"not_picked":["champ:RecklessLeap","champ:Haymaker"],"picked":"champ:FanOfKnives","floor":5},{"not_picked":["champ:Shatter","champ:TornadoPunch","champ:FocusedDefense"],"picked":"SKIP","floor":6},{"not_picked":["champ:BerserkersShout","champ:Devastate","champ:RecklessLeap"],"picked":"SKIP","floor":8},{"not_picked":["champ:RecklessLeap","champ:CrownThrow"],"picked":"champ:AdrenalArmor","floor":10},{"not_picked":["champ:Circumvent","champ:Shatter"],"picked":"champ:AdrenalArmor","floor":11},{"not_picked":["champ:FocusedDefense","champ:Circumvent","champ:GutPunch"],"picked":"SKIP","floor":12},{"not_picked":["champ:FalseCounter","champ:FlashCut"],"picked":"champ:SteelEdge","floor":14},{"not_picked":["champ:RageSigil","champ:FocusedDefense"],"picked":"champ:CrookedStrike","floor":15},{"not_picked":["champ:Devastate","champ:EnchantShield"],"picked":"champ:GladiatorForm","floor":16},{"not_picked":["champ:Circumvent","champ:GutPunch","champ:Parry"],"picked":"SKIP","floor":19},{"not_picked":["champ:FlashCut+1","champ:Shatter"],"picked":"champ:GladiatorForm","floor":20},{"not_picked":["champ:CrownThrow+1","champ:Backstep+1"],"picked":"champ:FaceSlap","floor":21},{"not_picked":["champ:FaceSlap","champ:PreciseThrust"],"picked":"champ:Lariat+1","floor":22},{"not_picked":["champ:Backstep","champ:SkillfulDodge"],"picked":"champ:CalledShot","floor":23},{"not_picked":["champ:TornadoPunch","champ:Circumvent"],"picked":"champ:FocusedBerserking","floor":27},{"not_picked":["champ:GutPunch","champ:Haymaker","champ:BringItOn"],"picked":"SKIP","floor":29},{"not_picked":["champ:BerserkersShout","champ:ArenaPreparation"],"picked":"champ:LastStand","floor":31},{"not_picked":["champ:BladeFlurry","champ:Circumvent"],"picked":"champ:Endure+1","floor":32}],"player_experience":2131240,"relics_obtained":[{"floor":7,"key":"StrikeDummy"},{"floor":11,"key":"Incense Burner"},{"floor":14,"key":"Darkstone Periapt"},{"floor":31,"key":"Bottled Flame"}],"event_choices":[{"cards_removed":["champ:Execute"],"damage_healed":0,"gold_gain":0,"player_choice":"Card Removal","damage_taken":0,"max_hp_gain":0,"max_hp_loss":0,"event_name":"The Cleric","floor":13,"gold_loss":0},{"damage_healed":0,"gold_gain":0,"player_choice":"Ignored","damage_taken":0,"max_hp_gain":0,"max_hp_loss":0,"event_name":"Ghosts","floor":26,"gold_loss":0}],"is_beta":false,"boss_relics":[{"not_picked":["Black Star","Runic Pyramid"],"picked":"sneckomod:SneckoTalon"}],"items_purged_floors":[10,21,29],"is_endless":false,"potions_floor_spawned":[5,8,11,14,15,19,23,32],"killed_by":"IC_MUSHROOM_ARCHETYPE","ascension_level":1}}