{"host":"h51tltv0izczgxti","time":1612833143,"event":{"mods":["2.2 Compatiblity","AchievementEnabler","Act Like it!","Aspiration","BaseMod","Beaked The Cultist","Better Altar","Better Match","Better Note","Better Sensory Stone","Better Skull","Better Third Choice","Better Vampires","BetterRewards","Clockwork Mod","Gensokyo","Halation","Hallownest","Hermit","HololiveMod","Hubris","Infinite Spire","Koishi","Mad Scientist","Magitek Elite","Marisa????????","Melee Mod","Minty Spire (QoL Compilation)","Pale of the Ancients","Poor People Problems","Prisma Mod","Random Character Button","Relic Filter Mod","Reliquary","Remilia??????","Replay The Spire","Retaliation","Robot Space Explorer","Shade Mod","Spicy Shops","Spire Arcade","StS++","StSLib","Strawberry Spire","The Animator","The Bug Knight","The Gatherer","The Kombatant","The Poker Player","The Servant 0.9.4","The Wild Card","TheBandit","WarShipGirlsR/????R mod","Yuyuko"],"gold_per_floor":[119,3,19,30,245,272,272,272,272,291,291,291,291,302,302,398,398,411,411,18,34,34,34,48,80,80,96,96,96,8,33,33,33,33,129,129,145,155,15,15,27,57,75,75,75,91,91,91,91,106,106,106,106],"floor_reached":52,"language":"ENG","playtime":2905,"items_purged":["Strike_R"],"score":757,"play_id":"0ea2f332-f1ed-4725-aef3-6aa96372051a","local_time":"20210208191222","is_ascension_mode":true,"campfire_choices":[{"floor":7,"key":"REST"},{"data":"hubris:ReadiedAction","floor":11,"key":"SMITH"},{"data":"Phantasmal Killer","floor":13,"key":"SMITH"},{"data":"Searing Blow","floor":15,"key":"SMITH"},{"data":"Sucker Punch","floor":26,"key":"SMITH"},{"data":"DDmod:EasePowerCard","floor":32,"key":"SMITH"},{"floor":34,"key":"REST"},{"data":"Searing Blow+1","floor":44,"key":"SMITH"},{"data":"Heavy Blade","floor":47,"key":"SMITH"},{"data":"Searing Blow+2","floor":49,"key":"SMITH"},{"data":"Body Slam","floor":51,"key":"SMITH"}],"circlet_count":0,"master_deck":["Fusion+1","Strike_R+1","Defend_R","Defend_R","Defend_R","Body Slam+1","hubris:ReadiedAction+1","Heavy Blade+1","infinitespire:OneForAll","DDmod:RapidStrikeAttack","Bludgeon+1","Flex","Sucker Punch+1","Die Die Die","Phantasmal Killer+1","Searing Blow+3","Reaper","Inflame+1","Good Instincts+1","Intimidate+1","ReplayTheSpireMod:Strike From Hell","ReplayTheSpireMod:Limb From Limb","Rampage+1","DDmod:EasePowerCard+1","Barricade","Purity","Shockwave","DDmod:RechargeSkill+1","Iron Wave+1","Inflame+1","Phantasmal Killer+1","Disarm+1","Cleave","Flame Barrier+1"],"relics":["Burning Blood","infinitespire:Lychee Nut","Magic Flower","HollowMod:StagPassRelic","hubris:VirtuousBlindfold","MealTicket","Oddly Smooth Stone","Happy Flower","strawberrySpire:DirtyLipstick","infinitespire:Beetle Shell","Gensokyo:ChorusOfJoy","Empty Cage","DollysMirror","Quantum Egg","strawberrySpire:KineticCharger"],"acts_visited":["Gensokyo:Gensokyo","Gensokyo:Gensokyoer","Gensokyo:Gensokyoest"],"potions_floor_usage":[5,16,18,25,35,52,52,52],"damage_taken":[{"damage":0,"enemies":"Gensokyo:Python","floor":1,"turns":4},{"damage":11,"enemies":"Gensokyo:3_Fairies","floor":3,"turns":6},{"damage":9,"enemies":"Gensokyo:Gryphon","floor":4,"turns":5},{"damage":7,"enemies":"Gensokyo:2_Rabbits","floor":5,"turns":6},{"damage":62,"enemies":"Gensokyo:Aya","floor":6,"turns":9},{"damage":16,"enemies":"Gensokyo:Gryphon_and_Rabbit","floor":10,"turns":4},{"damage":0,"enemies":"Gensokyo:LivingMonolith","floor":14,"turns":3},{"damage":50,"enemies":"Gensokyo:Kokoro","floor":16,"turns":9},{"damage":0,"enemies":"Gensokyo:2_Gloops","floor":18,"turns":3},{"damage":8,"enemies":"Gensokyo:CosmicMonolith","floor":21,"turns":3},{"damage":40,"enemies":"Gensokyo:Mirror_and_Dog","floor":24,"turns":5},{"damage":59,"enemies":"Gensokyo:Reisen","floor":25,"turns":7},{"damage":28,"enemies":"Gensokyo:Slime_Group","floor":27,"turns":3},{"damage":44,"enemies":"Gensokyo:Tenshi","floor":31,"turns":5},{"damage":53,"enemies":"Gensokyo:Eiki","floor":35,"turns":8},{"damage":17,"enemies":"Gensokyo:3_Boulders","floor":37,"turns":4},{"damage":37,"enemies":"Gensokyo:AncientGuardian","floor":38,"turns":6},{"damage":36,"enemies":"Gensokyo:3_Boulders","floor":41,"turns":7},{"damage":105,"enemies":"Gensokyo:Kasen","floor":42,"turns":10},{"damage":30,"enemies":"Gensokyo:SeedOfUnknown","floor":43,"turns":5},{"damage":45,"enemies":"Gensokyo:Rafflesia","floor":46,"turns":6},{"damage":22,"enemies":"Gensokyo:3_Boulders","floor":50,"turns":5},{"damage":88,"enemies":"Gensokyo:Scarlet_Devils","floor":52,"turns":6}],"seed_played":"2028228347891020184","potions_obtained":[{"floor":3,"key":"Fire Potion"},{"floor":10,"key":"BlessingOfTheForge"},{"floor":16,"key":"Explosive Potion"},{"floor":24,"key":"FearPotion"},{"floor":31,"key":"BloodPotion"},{"floor":35,"key":"LiquidMemories"},{"floor":37,"key":"StSpp:SecondWindPotion"},{"floor":41,"key":"SteroidPotion"},{"floor":50,"key":"LifebloodPotion"}],"is_trial":false,"path_per_floor":["M","COS","M","M","M","E","R","?","T","M","R","?","R","M","R","B",null,"M","?","$","M","PTL","PTL","M","E","R","M","T","?","$","E","R","?","R","B",null,"M","M","COS","?","M","E","M","R","T","M","R","?","R","M","R","B"],"character_chosen":"IRONCLAD","items_purchased":["Good Instincts","Intimidate","Oddly Smooth Stone","Purity"],"campfire_rested":2,"item_purchase_floors":[20,20,20,30],"current_hp_per_floor":[86,86,81,78,77,10,29,29,29,32,32,32,32,49,49,18,54,66,33,48,65,65,65,58,42,42,43,43,43,58,33,33,33,52,59,64,60,47,47,47,66,43,57,57,57,46,46,53,53,66,66,0,0],"gold":106,"neow_bonus":"TEN_PERCENT_HP_BONUS","is_daily":false,"chose_seed":false,"campfire_upgraded":9,"win_rate":0.0,"timestamp":1612833142,"path_taken":["M","COS","M","M","M","E","R","?","T","M","R","?","R","?","R","BOSS","M","?","$","?","PTL","PTL","M","E","R","M","T","?","?","E","R","?","R","BOSS","M","M","COS","?","M","E","M","R","T","M","R","?","R","?","R","BOSS"],"items_purchased_type":["Card","Card","Relic","Card"],"build_version":"2020-12-22","purchased_purges":1,"victory":false,"max_hp_per_floor":[88,88,88,88,88,66,66,66,66,66,66,66,66,66,66,66,66,66,66,66,66,66,66,66,66,66,66,66,66,66,66,66,66,66,66,66,66,66,66,66,66,66,66,66,66,66,66,66,66,66,66,66,66],"card_choices":[{"not_picked":["Anger","Iron Wave"],"picked":"Body Slam","floor":1},{"not_picked":["Dark Embrace","DDmod:SpikeInjectionSkill"],"picked":"hubris:ReadiedAction","floor":3},{"not_picked":["Evolve","DDmod:EasePowerCard"],"picked":"Heavy Blade","floor":4},{"not_picked":["Anger","StSpp:Vengeance"],"picked":"infinitespire:OneForAll","floor":5},{"not_picked":["Pommel Strike","Anger"],"picked":"DDmod:RapidStrikeAttack","floor":6},{"not_picked":["DDmod:CallousedSkill","Thunderclap"],"picked":"Flex","floor":10},{"not_picked":["Headbutt","StSpp:TheBiggerTheyAre"],"picked":"Searing Blow","floor":14},{"not_picked":["Bludgeon","DDmod:AllInSkill"],"picked":"Reaper","floor":16},{"not_picked":["Wild Strike+1","Spot Weakness"],"picked":"Inflame+1","floor":18},{"not_picked":["StSpp:MuscleMemory","Clothesline+1"],"picked":"ReplayTheSpireMod:Strike From Hell","floor":21},{"not_picked":["Rupture","Twin Strike+1"],"picked":"ReplayTheSpireMod:Limb From Limb","floor":24},{"not_picked":["Cleave","Body Slam"],"picked":"Rampage+1","floor":25},{"not_picked":["hubris:CleavingFinish","Sever Soul+1"],"picked":"DDmod:EasePowerCard","floor":27},{"not_picked":[],"picked":"Barricade","floor":29},{"not_picked":["DDmod:SpikeMailSkill","hubris:SharpeningStone"],"picked":"Shockwave","floor":31},{"not_picked":["Bludgeon","Eclipse"],"picked":"DDmod:RechargeSkill","floor":35},{"not_picked":["Perfected Strike+1","DDmod:PokeAttack"],"picked":"Iron Wave+1","floor":37},{"not_picked":["DDmod:CallousedSkill","Infernal Blade+1"],"picked":"Inflame+1","floor":38},{"not_picked":["Heavy Blade","Headbutt+1"],"picked":"Disarm+1","floor":41},{"not_picked":["DDmod:CallousedSkill","DDmod:RapidStrikeAttack+1"],"picked":"Cleave","floor":42},{"not_picked":["DDmod:RapidStrikeAttack+1","Thunderclap+1"],"picked":"Flame Barrier+1","floor":43},{"not_picked":["Power Through","Hemokinesis+1","Clash+1"],"picked":"SKIP","floor":46},{"not_picked":["DDmod:ScaleUpSkill+1","Cleave","Thunderclap+1"],"picked":"SKIP","floor":50}],"player_experience":943329,"relics_obtained":[{"floor":6,"key":"Magic Flower"},{"floor":9,"key":"HollowMod:StagPassRelic"},{"floor":25,"key":"Happy Flower"},{"floor":28,"key":"strawberrySpire:DirtyLipstick"},{"floor":31,"key":"infinitespire:Beetle Shell"},{"floor":42,"key":"Quantum Egg"},{"floor":45,"key":"strawberrySpire:KineticCharger"}],"event_choices":[{"damage_healed":0,"gold_gain":0,"player_choice":"UP UP RE ","damage_taken":39,"relics_obtained":["MealTicket"],"max_hp_gain":0,"max_hp_loss":0,"event_name":"betterSkull:BetterSkull","floor":19,"gold_loss":0,"cards_upgraded":["Strike_R","Strike_R"]}],"is_beta":false,"boss_relics":[{"not_picked":["aspiration:RandomNobGenerator","SacredBark"],"picked":"hubris:VirtuousBlindfold"},{"not_picked":["aspiration:RitualDagger","Kintsugi"],"picked":"Empty Cage"}],"items_purged_floors":[20],"is_endless":false,"potions_floor_spawned":[3,10,16,24,31,35,37,41,50],"killed_by":"Gensokyo:Scarlet_Devils","ascension_level":9}}