{"host":"TheHustler","time":1612893817,"event":{"mods":["BaseMod","Block Reminder","Colored Map","Colored Powertips","Minty Spire (QoL Compilation)","Quick Restart","StSLib","SuperFastMode","Unceasing Turn Reminder"],"gold_per_floor":[114,114,114,129,144,174,174,189,189,219,249,249,279,279,279,379,379,394,409,424,334,117,147,147,162,187,202,202,217,232,82,82,182,182,197,212,227,242,257,287,187,187,187],"floor_reached":42,"language":"ENG","playtime":2733,"items_purged":[],"score":907,"play_id":"998dde67-bca2-4efd-ac36-db84c48d7480","local_time":"20210209190337","daily_mods":["Draft","Hoarder","DeadlyEvents"],"is_ascension_mode":false,"campfire_choices":[{"data":"Corpse Explosion","floor":7.0,"key":"SMITH"},{"floor":12,"key":"REST"},{"data":"Adrenaline","floor":15,"key":"SMITH"},{"floor":24,"key":"REST"},{"floor":28,"key":"REST"},{"floor":32,"key":"REST"}],"circlet_count":0,"master_deck":["Cloak And Dagger","Cloak And Dagger","Cloak And Dagger","Outmaneuver","Outmaneuver","Outmaneuver","Flechettes","Flechettes","Flechettes","Cloak And Dagger","Cloak And Dagger","Cloak And Dagger","Backflip","Backflip","Backflip","Acrobatics","Acrobatics","Acrobatics","Backflip","Backflip","Backflip","PiercingWail","PiercingWail","PiercingWail","PiercingWail","PiercingWail","PiercingWail","Cloak And Dagger","Cloak And Dagger","Cloak And Dagger","Dagger Spray","Dagger Spray","Dagger Spray","Dodge and Roll","Dodge and Roll","Dodge and Roll","Cloak And Dagger","Cloak And Dagger","Cloak And Dagger","Prepared","Prepared","Prepared","Quick Slash","Quick Slash","Quick Slash","Pain","Pain","Blade Dance","Blade Dance","Blade Dance","Dagger Throw","Dagger Throw","Dagger Throw","Corpse Explosion","Corpse Explosion","Corpse Explosion+1","Endless Agony","Endless Agony","Endless Agony+1","Adrenaline","Adrenaline","Adrenaline+1","Adrenaline","Adrenaline","Adrenaline","Dodge and Roll+1","Dodge and Roll+1","Dodge and Roll+1","Escape Plan+1","Escape Plan+1","Escape Plan+1","Slice","Slice","Slice","Accuracy","Accuracy","Accuracy","Crippling Poison","Crippling Poison","Crippling Poison","After Image","After Image","After Image","Prepared","Prepared","Prepared","Poisoned Stab+1","Poisoned Stab+1","Poisoned Stab+1","Blade Dance+1","Blade Dance+1","Blade Dance+1","Setup+1","Setup+1","Setup+1","Crippling Poison+1","Crippling Poison+1","Crippling Poison+1","A Thousand Cuts","A Thousand Cuts","A Thousand Cuts","Terror","Terror","Terror","Terror+1","Terror+1","Terror+1","Calculated Gamble+1","Calculated Gamble+1","Calculated Gamble+1","Parasite","Parasite","Parasite","Dagger Spray+1","Dagger Spray+1","Dagger Spray+1","Blur+1","Blur+1","Blur+1","Prepared+1","Prepared+1","Prepared+1"],"relics":["Ring of the Snake","WarpedTongs","Blood Vial","Vajra","Mercury Hourglass","MealTicket","Akabeko","Fusion Hammer","Snake Skull","Prayer Wheel","Happy Flower","TwistedFunnel","Question Card"],"acts_visited":["Exordium","TheCity","TheBeyond"],"potions_floor_usage":[41],"damage_taken":[{"damage":0.0,"enemies":"Small Slimes","floor":1.0,"turns":3.0},{"damage":9.0,"enemies":"Cultist","floor":4.0,"turns":5.0},{"damage":0.0,"enemies":"2 Louse","floor":5.0,"turns":1.0},{"damage":9.0,"enemies":"Gremlin Nob","floor":6.0,"turns":4.0},{"damage":1.0,"enemies":"Exordium Thugs","floor":8.0,"turns":3.0},{"damage":13.0,"enemies":"Lagavulin","floor":10.0,"turns":5.0},{"damage":15,"enemies":"Gremlin Nob","floor":11,"turns":3},{"damage":15,"enemies":"3 Sentries","floor":13,"turns":3},{"damage":28,"enemies":"The Guardian","floor":16,"turns":6},{"damage":6,"enemies":"Spheric Guardian","floor":18,"turns":3},{"damage":6,"enemies":"Shell Parasite","floor":19,"turns":2},{"damage":7,"enemies":"Centurion and Healer","floor":20,"turns":6},{"damage":6,"enemies":"Gremlin Leader","floor":23,"turns":4},{"damage":0,"enemies":"Snecko","floor":25,"turns":2},{"damage":0,"enemies":"3 Cultists","floor":27,"turns":2},{"damage":0,"enemies":"Cultist and Chosen","floor":29,"turns":5},{"damage":9,"enemies":"Snake Plant","floor":30,"turns":2},{"damage":42,"enemies":"Collector","floor":33,"turns":7},{"damage":0,"enemies":"3 Shapes","floor":35,"turns":1},{"damage":0,"enemies":"3 Darklings","floor":36,"turns":2},{"damage":18,"enemies":"Spire Growth","floor":37,"turns":4},{"damage":10,"enemies":"Writhing Mass","floor":38,"turns":4},{"damage":4,"enemies":"Sphere and 2 Shapes","floor":39,"turns":3},{"damage":43,"enemies":"Giant Head","floor":40,"turns":7},{"damage":25,"enemies":"Reptomancer","floor":42,"turns":2}],"seed_played":"-878916022338446095","potions_obtained":[{"floor":1.0,"key":"BlessingOfTheForge"},{"floor":6.0,"key":"ColorlessPotion"},{"floor":13,"key":"DuplicationPotion"},{"floor":30,"key":"PowerPotion"}],"is_trial":false,"path_per_floor":["M","?","$","M","M","E","R","M","T","E","E","R","E","?","R","B",null,"M","M","M","?","$","E","R","M","T","M","R","M","M","$","R","B",null,"M","M","M","M","M","E","$","E"],"character_chosen":"THE_SILENT","items_purchased":["Accuracy","Snake Skull","TwistedFunnel","Fruit Juice"],"campfire_rested":4,"item_purchase_floors":[22,22,31,41],"current_hp_per_floor":[70,70,70,61,61,52,52,53,53,42,29,50,37,37,37,11,70,64,60,55,55,70,64,70,70,70,70,70,70,61,70,70,28,70,70,70,52,44,42,1,21,0,0],"gold":187,"neow_bonus":"","is_daily":true,"chose_seed":false,"campfire_upgraded":2,"win_rate":0.0,"timestamp":1612893817,"path_taken":["M","?","$","?","M","E","R","M","T","E","?","R","?","?","R","BOSS","M","M","M","?","$","E","R","M","T","?","R","M","M","$","R","BOSS","M","M","M","M","M","E","$","E"],"items_purchased_type":["Card","Relic","Relic","Potion"],"build_version":"2020-12-18","purchased_purges":0,"victory":false,"max_hp_per_floor":[70,70,70,70,70,70,70,70,70,70,70,70,70,70,70,70,70,70,70,70,70,70,70,70,70,70,70,70,70,70,70,70,70,70,70,70,70,70,70,70,75,75,75],"card_choices":[{"not_picked":["Crippling Poison","Dodge and Roll"],"picked":"Cloak And Dagger","floor":0.0},{"not_picked":["Predator","Leg Sweep"],"picked":"Outmaneuver","floor":0.0},{"not_picked":["Backflip","Quick Slash"],"picked":"Flechettes","floor":0.0},{"not_picked":["Sucker Punch","Skewer"],"picked":"Cloak And Dagger","floor":0.0},{"not_picked":["Outmaneuver","Expertise"],"picked":"Backflip","floor":0.0},{"not_picked":["Bane","Deadly Poison"],"picked":"Acrobatics","floor":0.0},{"not_picked":["Flying Knee","Skewer"],"picked":"Backflip","floor":0.0},{"not_picked":["Prepared","Deflect"],"picked":"PiercingWail","floor":0.0},{"not_picked":["Quick Slash","Sucker Punch"],"picked":"PiercingWail","floor":0.0},{"not_picked":["Dodge and Roll","Deadly Poison"],"picked":"Cloak And Dagger","floor":0.0},{"not_picked":["Dash","Setup"],"picked":"Dagger Spray","floor":0.0},{"not_picked":["Acrobatics","Prepared"],"picked":"Dodge and Roll","floor":0.0},{"not_picked":["Crippling Poison","Deadly Poison"],"picked":"Cloak And Dagger","floor":0.0},{"not_picked":["Deflect","Outmaneuver"],"picked":"Prepared","floor":0.0},{"not_picked":["Poisoned Stab","Outmaneuver"],"picked":"Quick Slash","floor":0.0},{"not_picked":["Finisher","Bane","Backflip"],"picked":"SKIP","floor":1.0},{"not_picked":["Quick Slash","Concentrate"],"picked":"Blade Dance","floor":4.0},{"not_picked":["Prepared","Flying Knee"],"picked":"Dagger Throw","floor":5.0},{"not_picked":["Noxious Fumes","Deadly Poison"],"picked":"Corpse Explosion","floor":6.0},{"not_picked":["Dagger Spray","Deflect","Backflip"],"picked":"SKIP","floor":8.0},{"not_picked":["Quick Slash","Sucker Punch"],"picked":"Endless Agony","floor":10.0},{"not_picked":["Dagger Throw","Deflect","Riddle With Holes"],"picked":"SKIP","floor":11},{"not_picked":["Slice","Bane"],"picked":"Adrenaline","floor":13},{"not_picked":["Venomology","Envenom"],"picked":"Adrenaline","floor":16},{"not_picked":["Eviscerate","Outmaneuver"],"picked":"Dodge and Roll+1","floor":18},{"not_picked":["Sucker Punch","Dash"],"picked":"Escape Plan+1","floor":19},{"not_picked":["Dagger Throw+1","Poisoned Stab"],"picked":"Slice","floor":20},{"not_picked":["Blade Dance","Caltrops+1"],"picked":"Crippling Poison","floor":23},{"not_picked":["Caltrops+1","Sucker Punch"],"picked":"After Image","floor":25},{"not_picked":["Bane","Leg Sweep"],"picked":"Prepared","floor":25},{"not_picked":["Eviscerate","Cloak And Dagger"],"picked":"Poisoned Stab+1","floor":27},{"not_picked":["Quick Slash","Skewer","Flying Knee"],"picked":"SKIP","floor":27},{"not_picked":["Escape Plan","Dodge and Roll","Eviscerate"],"picked":"SKIP","floor":29},{"not_picked":["Dash","Slice","Blade Dance+1"],"picked":"SKIP","floor":29},{"not_picked":["Dash","Slice"],"picked":"Blade Dance+1","floor":29},{"not_picked":["Escape Plan","Dodge and Roll","Eviscerate"],"picked":"SKIP","floor":29},{"not_picked":["Calculated Gamble","Deadly Poison"],"picked":"Setup+1","floor":30},{"not_picked":["Bouncing Flask","All Out Attack"],"picked":"Crippling Poison+1","floor":30},{"not_picked":["Malaise","Wraith Form v2"],"picked":"A Thousand Cuts","floor":33},{"not_picked":["Dodge and Roll+1","Well Laid Plans","Sucker Punch"],"picked":"SKIP","floor":35},{"not_picked":["Poisoned Stab","Prepared","All Out Attack+1"],"picked":"SKIP","floor":35},{"not_picked":["Backflip","Distraction"],"picked":"Terror","floor":36},{"not_picked":["Prepared+1","Poisoned Stab+1","Flying Knee+1"],"picked":"SKIP","floor":36},{"not_picked":["Dodge and Roll+1","Dagger Throw"],"picked":"Terror+1","floor":37},{"not_picked":["Wraith Form v2","Dodge and Roll"],"picked":"Calculated Gamble+1","floor":37},{"not_picked":["Finisher","Bane"],"picked":"Dagger Spray+1","floor":38},{"not_picked":["Prepared+1","Concentrate","Acrobatics"],"picked":"SKIP","floor":38},{"not_picked":["PiercingWail+1","Terror"],"picked":"Blur+1","floor":39},{"not_picked":["Underhanded Strike","Dash+1","Noxious Fumes"],"picked":"SKIP","floor":39},{"not_picked":["Distraction","Bane+1"],"picked":"Prepared+1","floor":40}],"player_experience":670041,"relics_obtained":[{"floor":6.0,"key":"Blood Vial"},{"floor":9.0,"key":"Vajra"},{"floor":10.0,"key":"Mercury Hourglass"},{"floor":11,"key":"MealTicket"},{"floor":13,"key":"Akabeko"},{"floor":23,"key":"Prayer Wheel"},{"floor":26,"key":"Happy Flower"},{"floor":40,"key":"Question Card"}],"event_choices":[{"damage_healed":0.0,"max_hp_gain":0.0,"max_hp_loss":0.0,"gold_gain":0.0,"event_name":"Accursed Blacksmith","player_choice":"Rummage","floor":2.0,"gold_loss":0.0,"damage_taken":0.0,"relics_obtained":["WarpedTongs"],"cards_obtained":["Pain"]},{"damage_healed":0,"gold_gain":0,"player_choice":"Ignored","damage_taken":0,"max_hp_gain":0,"max_hp_loss":0,"event_name":"Liars Game","floor":14,"gold_loss":0},{"cards_removed":["Pain"],"damage_healed":0,"gold_gain":0,"player_choice":"Upgrade and Remove","damage_taken":0,"max_hp_gain":0,"max_hp_loss":0,"event_name":"Designer","floor":21,"gold_loss":90,"cards_upgraded":["Endless Agony"]}],"is_beta":true,"boss_relics":[{"not_picked":["Ring of the Serpent","Sozu"],"picked":"Fusion Hammer"},{"not_picked":["Snecko Eye","Runic Pyramid","Velvet Choker"]}],"items_purged_floors":[],"is_endless":false,"potions_floor_spawned":[1,6,13,29,30,36,40],"killed_by":"Reptomancer","ascension_level":0}}