{"host":"pqs17sqrgflf4eqa","time":1612905841,"event":{"mods":["AchievementEnabler","BaseMod","Bestiary","Better Altar","Colored Map","Colored Powertips","Emptier Cage","Googly Eyes","Highlight Path","Minty Spire (QoL Compilation)","Quick Restart","StSLib","SuperFastMode","Transform Curses","slay the spire mod where everything is the same but ironclad has a cowboy hat"],"gold_per_floor":[19,19,32,32,57,57,91,22,45,61,79,120,139,139,139,258,258,273,291,45,45,45,45,69,90,90,90,106,147,147,97,97,97,97],"floor_reached":33,"language":"ENG","playtime":708,"items_purged":[],"score":480,"play_id":"900836ac-d1bf-47a1-b298-be09bb46ad01","local_time":"20210209162401","is_ascension_mode":true,"campfire_choices":[{"data":"Eruption","floor":6.0,"key":"SMITH"},{"floor":15,"key":"REST"},{"floor":23,"key":"REST"},{"data":"TalkToTheHand","floor":27,"key":"SMITH"},{"floor":32,"key":"REST"}],"circlet_count":0,"master_deck":["Strike_P","Strike_P","Strike_P","Strike_P","Defend_P","Defend_P","Defend_P","Defend_P","Eruption+1","Vigilance","FollowUp","JustLucky","FlyingSleeves","TalkToTheHand+1","CarveReality","ThirdEye","DeceiveReality","EmptyFist","Consecrate","Devotion","WindmillStrike+1","CutThroughFate","Necronomicurse","Indignation+1","ThirdEye","Protect+1","Writhe"],"relics":["HolyWater","GoldenEye","Golden Idol","Ornamental Fan","White Beast Statue","Oddly Smooth Stone","PreservedInsect","Molten Egg 2","Necronomicon","MutagenicStrength","Bag of Preparation","TeardropLocket","Smiling Mask","Blood Vial"],"acts_visited":["Exordium","TheCity"],"potions_floor_usage":[13,13,16,25,33,33],"damage_taken":[{"damage":0.0,"enemies":"Cultist","floor":1.0,"turns":2.0},{"damage":24.0,"enemies":"Jaw Worm","floor":3.0,"turns":2.0},{"damage":0.0,"enemies":"2 Louse","floor":5.0,"turns":2.0},{"damage":20.0,"enemies":"Gremlin Nob","floor":7.0,"turns":3.0},{"damage":0.0,"enemies":"2 Fungi Beasts","floor":10.0,"turns":1.0},{"damage":0.0,"enemies":"Blue Slaver","floor":11.0,"turns":2.0},{"damage":10.0,"enemies":"Lagavulin","floor":12.0,"turns":4.0},{"damage":0,"enemies":"Exordium Thugs","floor":13,"turns":3},{"damage":24,"enemies":"Slime Boss","floor":16,"turns":7},{"damage":12,"enemies":"Shell Parasite","floor":18,"turns":4},{"damage":23,"enemies":"2 Thieves","floor":19,"turns":3},{"damage":8,"enemies":"Chosen and Byrds","floor":25,"turns":4},{"damage":0,"enemies":"Sentry and Sphere","floor":28,"turns":1},{"damage":0,"enemies":"Gremlin Leader","floor":29,"turns":2},{"damage":146,"enemies":"Champ","floor":33,"turns":7}],"seed_played":"7163206439256482155","potions_obtained":[{"floor":1.0,"key":"LiquidMemories"},{"floor":5.0,"key":"Weak Potion"},{"floor":10.0,"key":"BottledMiracle"},{"floor":11.0,"key":"Block Potion"},{"floor":12.0,"key":"StancePotion"},{"floor":13,"key":"Regen Potion"},{"floor":16,"key":"DuplicationPotion"},{"floor":18,"key":"FairyPotion"},{"floor":19,"key":"SpeedPotion"},{"floor":25,"key":"Fruit Juice"},{"floor":28,"key":"ColorlessPotion"}],"is_trial":false,"path_per_floor":["M","?","M","T","M","R","E","$","T","M","M","E","M","?","R","B",null,"M","M","$","?","?","R","T","M","T","R","M","E","?","?","R","B"],"character_chosen":"WATCHER","items_purchased":["CarveReality","Molten Egg 2"],"campfire_rested":3,"item_purchase_floors":[8,20],"current_hp_per_floor":[72,67,43,43,43,43,23,23,23,23,23,13,13,13,33,24,67,55,32,32,16,16,36,36,33,33,33,33,33,33,33,54,0,0],"gold":97,"neow_bonus":"ONE_RARE_RELIC","is_daily":false,"chose_seed":false,"campfire_upgraded":2,"win_rate":0.0,"timestamp":1612905841,"path_taken":["M","?","M","?","M","R","E","?","T","M","M","E","?","?","R","BOSS","M","M","$","?","?","R","?","?","T","R","M","E","?","?","R","BOSS"],"items_purchased_type":["Card","Relic"],"build_version":"2020-12-22","purchased_purges":0,"victory":false,"max_hp_per_floor":[72,67,67,67,67,67,67,67,67,67,67,67,67,67,67,67,67,67,67,67,67,67,67,67,72,72,72,72,72,72,72,72,72,72],"card_choices":[{"not_picked":["Meditate","Crescendo"],"picked":"FollowUp","floor":1.0},{"not_picked":["TalkToTheHand","Consecrate"],"picked":"JustLucky","floor":3.0},{"not_picked":["Crescendo","CrushJoints"],"picked":"FlyingSleeves","floor":5.0},{"not_picked":["ConjureBlade","EmptyBody"],"picked":"TalkToTheHand","floor":7.0},{"not_picked":["DeceiveReality","JustLucky"],"picked":"ThirdEye","floor":10.0},{"not_picked":["ForeignInfluence","FlurryOfBlows"],"picked":"DeceiveReality","floor":11.0},{"not_picked":["Fasting2","Swivel"],"picked":"EmptyFist","floor":12.0},{"not_picked":["ClearTheMind","PathToVictory"],"picked":"Consecrate","floor":13},{"not_picked":["MasterReality","ConjureBlade"],"picked":"Devotion","floor":16},{"not_picked":["CutThroughFate","Evaluate"],"picked":"WindmillStrike+1","floor":18},{"not_picked":["FlyingSleeves","Meditate+1"],"picked":"CutThroughFate","floor":19},{"not_picked":["SashWhip+1","EmptyBody"],"picked":"Indignation+1","floor":25},{"not_picked":["MentalFortress","EmptyBody"],"picked":"ThirdEye","floor":28},{"not_picked":["Fasting2","BowlingBash+1"],"picked":"Protect+1","floor":29}],"player_experience":155760,"relics_obtained":[{"floor":4.0,"key":"Ornamental Fan"},{"floor":7.0,"key":"White Beast Statue"},{"floor":9.0,"key":"Oddly Smooth Stone"},{"floor":12.0,"key":"PreservedInsect"},{"floor":21,"key":"Necronomicon"},{"floor":24,"key":"Bag of Preparation"},{"floor":26,"key":"TeardropLocket"},{"floor":29,"key":"Smiling Mask"}],"event_choices":[{"damage_healed":0.0,"max_hp_gain":0.0,"max_hp_loss":5.0,"gold_gain":0.0,"event_name":"Golden Idol","player_choice":"Lose Max HP","floor":2.0,"gold_loss":0.0,"damage_taken":0.0,"relics_obtained":["Golden Idol"]},{"damage_healed":0,"gold_gain":0,"player_choice":"Ignored","damage_taken":0,"max_hp_gain":0,"max_hp_loss":0,"event_name":"Shining Light","floor":14,"gold_loss":0},{"damage_healed":0,"gold_gain":0,"player_choice":"Obtained Book","damage_taken":16,"max_hp_gain":0,"max_hp_loss":0,"event_name":"Cursed Tome","floor":21,"gold_loss":0},{"damage_healed":0,"gold_gain":0,"player_choice":"Inject Mutagens","damage_taken":0,"relics_obtained":["MutagenicStrength"],"max_hp_gain":0,"max_hp_loss":0,"event_name":"Drug Dealer","floor":22,"gold_loss":0},{"damage_healed":0,"gold_gain":0,"player_choice":"Opened","damage_taken":0,"relics_obtained":["Blood Vial"],"max_hp_gain":0,"max_hp_loss":0,"event_name":"The Mausoleum","floor":30,"gold_loss":0,"cards_obtained":["Writhe"]},{"damage_healed":0,"gold_gain":0,"player_choice":"Bet on Murderer","damage_taken":0,"max_hp_gain":0,"max_hp_loss":0,"event_name":"The Joust","floor":31,"gold_loss":50}],"is_beta":false,"boss_relics":[{"not_picked":["Cursed Key","Coffee Dripper"],"picked":"HolyWater"}],"items_purged_floors":[],"is_endless":false,"potions_floor_spawned":[1,5,10,11,12,13,16,18,19,25,28,29],"killed_by":"Champ","ascension_level":4}}