{"host":"4qjjfc8z9nom5eko","time":1612899316,"event":{"mods":["Abigail Mod","AchievementEnabler","Act Like it!","BaseMod","BetterRewards","Chen","Colored Map","Colored Powertips","Custom Start","Friendly Minions","Gensokyo","Googly Eyes","Highlight Path","Kiyohime????","Koishi","Marisa????????","Minty Spire (QoL Compilation)","Prisma Mod","Random Character Button","Reimu??????","Remilia??????","Shop Mod","StSLib","SuperFastMode","everything is the same but u backflip on backflip"],"gold_per_floor":[116,136,136,136,185,185,226,226,251,251,271,236,280,299,299,419,419,438,438,214,214,214],"floor_reached":21,"language":"ENG","playtime":688,"items_purged":[],"score":204,"play_id":"150f99f2-2204-4aac-a7d6-e0779c6538e2","local_time":"20210210063516","is_ascension_mode":true,"campfire_choices":[{"floor":6,"key":"REST"},{"floor":8,"key":"REST"},{"floor":15,"key":"REST"}],"circlet_count":0,"master_deck":["Zap","Dualcast","Tempest+1","Storm","Ball Lightning","Steam","Ball Lightning","Coolheaded","Chaos","Redo","Machine Learning","Cold Snap","Redo","Consume","Fusion","White Noise","Amplify","Meteor Strike","Melter","Deep Breath"],"relics":["Cracked Core","Golden Idol","Dream Catcher","ScarletDevilRocket","Boot","Nunchaku","DataDisk","Pandora\u0027s Box","Membership Card","MerchantsRug"],"acts_visited":["Exordium","TheCity"],"potions_floor_usage":[14,16],"damage_taken":[{"damage":3,"enemies":"2 Louse","floor":1,"turns":2},{"damage":9,"enemies":"Jaw Worm","floor":2,"turns":3},{"damage":16,"enemies":"Gremlin Nob","floor":7,"turns":3},{"damage":0,"enemies":"Cultist","floor":11,"turns":3},{"damage":24,"enemies":"3 Sentries","floor":13,"turns":6},{"damage":5,"enemies":"Blue Slaver","floor":14,"turns":3},{"damage":21,"enemies":"The Guardian","floor":16,"turns":13},{"damage":36,"enemies":"3 Byrds","floor":18,"turns":5},{"damage":0,"enemies":"Collector","floor":21,"turns":1}],"seed_played":"2854588270662774844","potions_obtained":[{"floor":2,"key":"Strength Potion"},{"floor":11,"key":"Regen Potion"},{"floor":14,"key":"Fruit Juice"},{"floor":18,"key":"SkillPotion"}],"is_trial":false,"path_per_floor":["M","M","?","?","T","R","E","R","T","?","M","?","E","M","R","B",null,"M","?","$","B"],"character_chosen":"DEFECT","items_purchased":["Membership Card","MerchantsRug"],"campfire_rested":3,"item_purchase_floors":[20,20],"current_hp_per_floor":[72,63,63,63,63,69,53,69,69,27,27,44,20,20,42,36,74,38,26,26,26,26],"gold":214,"neow_bonus":"TRANSFORM_CARD","is_daily":false,"chose_seed":false,"campfire_upgraded":0,"win_rate":0.0,"timestamp":1612899316,"path_taken":["M","M","?","?","?","R","E","R","T","?","?","?","E","M","R","BOSS","M","?","$","BOSS"],"items_purchased_type":["Relic","Relic"],"build_version":"2020-12-22","purchased_purges":0,"victory":false,"max_hp_per_floor":[75,75,69,69,69,69,69,69,69,69,69,69,69,74,74,74,74,74,74,74,74,74],"card_choices":[{"not_picked":["Barrage","Ball Lightning"],"picked":"Storm","floor":1},{"not_picked":["Coolheaded","Sweeping Beam"],"picked":"Ball Lightning","floor":2},{"not_picked":["Reinforced Body","Glacier"],"picked":"Steam","floor":7},{"not_picked":["Gash","Undo"],"picked":"Ball Lightning","floor":11},{"not_picked":["Stack","Hyperbeam"],"picked":"Coolheaded","floor":13},{"not_picked":["Leap","Beam Cell"],"picked":"Chaos","floor":14},{"not_picked":["Compile Driver","Gash"],"picked":"Redo","floor":15},{"not_picked":["Seek","Reboot"],"picked":"Machine Learning","floor":16},{"not_picked":["Hello World","Undo"],"picked":"Melter","floor":18}],"player_experience":316790,"relics_obtained":[{"floor":5,"key":"Dream Catcher"},{"floor":7,"key":"ScarletDevilRocket"},{"floor":9,"key":"Boot"},{"floor":13,"key":"DataDisk"}],"event_choices":[{"damage_healed":0,"gold_gain":0,"player_choice":"Lose Max HP","damage_taken":0,"relics_obtained":["Golden Idol"],"max_hp_gain":0,"max_hp_loss":6,"event_name":"Golden Idol","floor":3,"gold_loss":0},{"damage_healed":0,"gold_gain":0,"player_choice":"Grow","damage_taken":0,"max_hp_gain":0,"max_hp_loss":0,"event_name":"Living Wall","floor":4,"gold_loss":0,"cards_upgraded":["Tempest"]},{"damage_healed":0,"gold_gain":0,"player_choice":"Success","damage_taken":42,"relics_obtained":["Nunchaku"],"max_hp_gain":0,"max_hp_loss":0,"event_name":"Scrap Ooze","floor":10,"gold_loss":0},{"damage_healed":17,"gold_gain":0,"player_choice":"Healed","damage_taken":0,"max_hp_gain":0,"max_hp_loss":0,"event_name":"The Cleric","floor":12,"gold_loss":35},{"damage_healed":0,"gold_gain":0,"player_choice":"CARD ","damage_taken":12,"max_hp_gain":0,"max_hp_loss":0,"event_name":"Knowing Skull","floor":19,"potions_obtained":[],"gold_loss":0,"cards_obtained":["Deep Breath"]}],"is_beta":false,"boss_relics":[{"not_picked":["SacredBark","Busted Crown"],"picked":"Pandora\u0027s Box"}],"items_purged_floors":[],"is_endless":false,"potions_floor_spawned":[2,11,14,18],"killed_by":"Collector","ascension_level":2}}