{"host":"j5j96s76v36ug78u","time":1612867137,"event":{"mods":["BaseMod","Better Third Choice","Hermit","Highlight Path","Jorbs\u0027s Wanderer Trilogy","Marisa????????","Minty Spire (QoL Compilation)","Onozuka Komachi Mod","Potion Indicator Mod","Reliquary","Robot Space Explorer","StSLib","The Blue Laboratory","The Bug Knight","The Clintock","The Cursed","The Extravagant","The Hayseed","The Marked","The Spell Scribe","The Valiant","The Witch"],"gold_per_floor":[110,285,121,121,121,151,151,163,163,163,63,73,99,116,116,116,116],"floor_reached":16,"language":"ENG","playtime":809,"items_purged":["Doubt","HollowMod:NailStrikeStart"],"score":133,"play_id":"f67067c7-7a10-428e-aa9c-a15ae742b6d6","local_time":"20210209073857","is_ascension_mode":false,"campfire_choices":[{"data":"HollowMod:InfectedCysts","floor":7,"key":"SMITH"},{"data":"Flash of Steel","floor":10,"key":"SMITH"},{"data":"HollowMod:NewInfectedGuardian","floor":15,"key":"SMITH"}],"circlet_count":0,"master_deck":["HollowMod:NailStrikeStart","HollowMod:NailStrikeStart","HollowMod:NailStrikeStart","HollowMod:QuickDashStart","HollowMod:QuickDashStart","HollowMod:QuickDashStart","HollowMod:QuickDashStart","HollowMod:FocusHealStart","HollowMod:PogoStrike","HollowMod:InfectedCysts+1","Flash of Steel+1","HollowMod:NewLittleFool+1","HollowMod:InfectedAttack+1","HollowMod:NewInfectedGuardian+1","HollowMod:NewLittleFool+1"],"relics":["HollowMod:VesselMask","NeowsBlessing","Molten Egg 2","reliquary:SilkGlove","reliquary:RosewoodLute","reliquary:BoilingFlask"],"acts_visited":["Exordium"],"potions_floor_usage":[13],"damage_taken":[{"damage":0,"enemies":"Jaw Worm","floor":1,"turns":1},{"damage":0,"enemies":"Gremlin Nob","floor":6,"turns":1},{"damage":0,"enemies":"Cultist","floor":8,"turns":1},{"damage":0,"enemies":"2 Louse","floor":12,"turns":1},{"damage":41,"enemies":"3 Sentries","floor":13,"turns":5},{"damage":0,"enemies":"Lots of Slimes","floor":14,"turns":1},{"damage":53,"enemies":"Hexaghost","floor":16,"turns":4}],"seed_played":"-4367378698265511904","potions_obtained":[{"floor":12,"key":"AttackPotion"},{"floor":14,"key":"blueLaboratory:PhilterOfMotion"}],"is_trial":false,"path_per_floor":["M","?","$","?","T","E","R","M","T","R","$","M","E","M","R","B"],"character_chosen":"THE_BUGKNIGHT","items_purchased":["Flash of Steel"],"campfire_rested":0,"item_purchase_floors":[3],"current_hp_per_floor":[75,75,75,75,75,75,75,75,75,75,75,75,40,40,40,0,0],"gold":116,"neow_bonus":"THREE_ENEMY_KILL","is_daily":false,"chose_seed":false,"campfire_upgraded":3,"win_rate":0.0,"timestamp":1612867137,"path_taken":["M","?","$","?","?","E","R","?","T","R","?","M","E","M","R","BOSS"],"items_purchased_type":["Card"],"build_version":"2020-12-22","purchased_purges":2,"victory":false,"max_hp_per_floor":[75,75,75,75,75,75,75,75,75,75,75,75,75,75,75,75,75],"card_choices":[{"not_picked":["HollowMod:VengefulVoid","HollowMod:ShadowDash"],"picked":"HollowMod:InfectedCysts","floor":1},{"not_picked":["HollowMod:SharpenedShadows","HollowMod:HowlingWraiths+1"],"picked":"HollowMod:NewLittleFool+1","floor":6},{"not_picked":["HollowMod:CloakDash","HollowMod:NewJinnsSoul"],"picked":"HollowMod:InfectedAttack+1","floor":8},{"not_picked":["HollowMod:SoulVessel","HollowMod:CoiledNail+1","HollowMod:MantisMark"],"picked":"SKIP","floor":12},{"not_picked":["HollowMod:NewGlowingWomb","HollowMod:CloakDash"],"picked":"HollowMod:NewInfectedGuardian","floor":13},{"not_picked":["HollowMod:HowlingWraiths+1","HollowMod:AbyssShriek+1"],"picked":"HollowMod:NewLittleFool+1","floor":14}],"player_experience":163348,"relics_obtained":[{"floor":5,"key":"Molten Egg 2"},{"floor":6,"key":"reliquary:SilkGlove"},{"floor":9,"key":"reliquary:RosewoodLute"},{"floor":13,"key":"reliquary:BoilingFlask"}],"event_choices":[{"damage_healed":0,"gold_gain":175,"player_choice":"AGREE","damage_taken":110,"max_hp_gain":0,"max_hp_loss":0,"event_name":"betterThird:BetterSerpent","floor":2,"gold_loss":0}],"is_beta":false,"boss_relics":[],"items_purged_floors":[3,11],"is_endless":false,"potions_floor_spawned":[12,14],"killed_by":"Hexaghost","ascension_level":0}}