{"host":"grwexcir7mx5yvgg","time":1612879137,"event":{"mods":["AchievementEnabler","Aspiration","BaseMod","Better Vampires","Colored Powertips","Custom Start","Energized Spire","Googly Eyes","Minty Spire (QoL Compilation)","MostiFishMod","Reliquary","Remilia（蕾米莉亚）","Replay The Spire","Shop Mod","Spicy Shops","StSLib","SuperFastMode","TestMod","UnlockEverythingMod","[IsaacMod]以撒尖塔","篝火指南"],"gold_per_floor":[111,111,127,140,153,153,185,185,185,185,185],"floor_reached":10,"language":"ZHS","playtime":511,"items_purged":[],"score":186,"play_id":"ed047602-66bb-45cb-8582-41616afe2d39","local_time":"20210209215857","daily_mods":["Shiny","Vintage","Heirloom","Time Dilation","Binary"],"is_ascension_mode":true,"campfire_choices":[{"data":"QueenOfMidnight","floor":6,"key":"SMITH"},{"data":"BloodRain","floor":8,"key":"SMITH"}],"circlet_count":0,"master_deck":["AscendersBane","TricksterDevil","BloodRain+1","EquivalentExchange","KillingBlow","BatForm","BloodyCatastrophe","ChaoticDestiny","BloodySeventeenLaser","HellCatastrophe","ScarletCoffin","DemonKingCradle","ForecastOfChange","CurseOfVladTepes","TransientEternity","ScarletMeister","QueenOfMidnight+1","BloodyHallows","CeilingFear","HeartBreak","Pot Of Greed","Pot Of Greed"],"relics":["ScarletHat","Busted Crown","testmod-TestBox","HushsDoor","DaveBox","testmod-Brilliant","AnarchistCookbook","RhineSuit","OriginationStaff","PreservedInsect","testmod-Acrobat","Grinning Jar","testmod-Motorcycle"],"acts_visited":["Exordium"],"potions_floor_usage":[],"damage_taken":[{"damage":6,"enemies":"Jaw Worm","floor":1,"turns":2},{"damage":4,"enemies":"2 Louse","floor":3,"turns":1},{"damage":0,"enemies":"Small Slimes","floor":4,"turns":1},{"damage":0,"enemies":"Gremlin Gang","floor":5,"turns":1},{"damage":0,"enemies":"Gremlin Nob","floor":7,"turns":2},{"damage":0,"enemies":"Lagavulin","floor":10,"turns":1}],"seed_played":"-7932097579302572708","potions_obtained":[],"is_trial":true,"path_per_floor":["M","?","M","M","M","R","E","R","T","E"],"character_chosen":"REMILIA","items_purchased":[],"campfire_rested":0,"item_purchase_floors":[],"current_hp_per_floor":[57,62,62,68,68,68,68,68,68,68,68],"gold":185,"neow_bonus":"","is_daily":false,"chose_seed":false,"campfire_upgraded":2,"win_rate":0.0,"timestamp":1612879137,"path_taken":["M","?","M","M","M","R","E","R","T","E"],"items_purchased_type":[],"build_version":"2020-12-22","purchased_purges":0,"victory":false,"max_hp_per_floor":[70,75,75,75,75,75,75,75,75,75,75],"card_choices":[],"player_experience":107322,"relics_obtained":[{"floor":1,"key":"PreservedInsect"},{"floor":4,"key":"testmod-Acrobat"},{"floor":7,"key":"Grinning Jar"},{"floor":9,"key":"testmod-Motorcycle"}],"event_choices":[{"damage_healed":0,"gold_gain":0,"player_choice":"Donut","damage_taken":0,"max_hp_gain":5,"max_hp_loss":0,"event_name":"Big Fish","floor":2,"gold_loss":0}],"is_beta":false,"boss_relics":[],"items_purged_floors":[],"is_endless":true,"potions_floor_spawned":[1,4],"killed_by":"Lagavulin","ascension_level":20}}