{"host":"vex7walpoxzv48nx","time":1612885994,"event":{"mods":["AchievementEnabler","BaseMod","Bestiary","Highlight Path","Minty Spire (QoL Compilation)","Permanent Neow","Quick Restart","StSLib","UnlockEverythingMod"],"gold_per_floor":[114,114,14,29,44,74,74,89,89,119,149,149,179,354,354,454,454,469,379,394,409,9,9,39,39,64,79,79,94,109,59,59,159,159,174,189,0,0,0,0],"floor_reached":39,"language":"ENG","playtime":2850,"items_purged":[],"score":604,"play_id":"b6ddbe33-a141-42cb-82c8-b3386841fc98","local_time":"20210209165314","daily_mods":["Draft","Hoarder","DeadlyEvents"],"is_ascension_mode":false,"campfire_choices":[{"data":"Crippling Poison","floor":7.0,"key":"SMITH"},{"data":"Flechettes","floor":12.0,"key":"SMITH"},{"data":"Flechettes","floor":15.0,"key":"SMITH"},{"data":"Adrenaline","floor":23.0,"key":"SMITH"},{"data":"Adrenaline","floor":25.0,"key":"SMITH"},{"data":"Adrenaline","floor":28.0,"key":"SMITH"},{"data":"After Image","floor":32.0,"key":"SMITH"}],"circlet_count":0,"master_deck":["Crippling Poison","Crippling Poison","Crippling Poison+1","Leg Sweep","Leg Sweep","Leg Sweep","Flechettes+1","Flechettes+1","Flechettes+1","Cloak And Dagger","Cloak And Dagger","Cloak And Dagger","Backflip","Backflip","Backflip","Deadly Poison+1","Deadly Poison","Deadly Poison","Backflip","Backflip","Backflip","Deflect","Deflect","Deflect","PiercingWail","PiercingWail","PiercingWail","Dodge and Roll","Dodge and Roll","Dodge and Roll","Dagger Spray","Dagger Spray","Dodge and Roll","Dodge and Roll","Dodge and Roll","Deadly Poison","Deadly Poison","Deadly Poison","Outmaneuver","Outmaneuver","Outmaneuver","Quick Slash","Quick Slash","Quick Slash","Bane","Bane","Bane","Corpse Explosion","Corpse Explosion","Corpse Explosion","Adrenaline","Adrenaline+1","Adrenaline+1","Doubt","Doubt","Adrenaline+1","Adrenaline","Adrenaline","Escape Plan+1","Escape Plan+1","Escape Plan+1","After Image+1","After Image","After Image","Eviscerate","Eviscerate","Eviscerate","Dash","Dash","Dash","Burst","Burst","Burst","Well Laid Plans","Well Laid Plans","Well Laid Plans"],"relics":["Ring of the Serpent","Blood Vial","Vajra","Mercury Hourglass","MealTicket","Akabeko","Snake Skull","Medical Kit","Prayer Wheel","Happy Flower","Red Mask","Question Card"],"acts_visited":["Exordium","TheCity","TheBeyond"],"potions_floor_usage":[39],"damage_taken":[{"damage":0.0,"enemies":"Small Slimes","floor":1.0,"turns":1.0},{"damage":0.0,"enemies":"Cultist","floor":4.0,"turns":3.0},{"damage":0.0,"enemies":"2 Louse","floor":5.0,"turns":2.0},{"damage":14.0,"enemies":"Gremlin Nob","floor":6.0,"turns":3.0},{"damage":0.0,"enemies":"Exordium Thugs","floor":8.0,"turns":3.0},{"damage":9.0,"enemies":"Lagavulin","floor":10.0,"turns":3.0},{"damage":10.0,"enemies":"Gremlin Nob","floor":11.0,"turns":3.0},{"damage":6.0,"enemies":"3 Sentries","floor":13.0,"turns":3.0},{"damage":5.0,"enemies":"The Guardian","floor":16.0,"turns":5.0},{"damage":0.0,"enemies":"Spheric Guardian","floor":18.0,"turns":1.0},{"damage":0.0,"enemies":"Shell Parasite","floor":20.0,"turns":4.0},{"damage":12.0,"enemies":"Centurion and Healer","floor":21.0,"turns":3.0},{"damage":0.0,"enemies":"Gremlin Leader","floor":24.0,"turns":3.0},{"damage":0.0,"enemies":"Snecko","floor":27.0,"turns":2.0},{"damage":0.0,"enemies":"3 Cultists","floor":29.0,"turns":2.0},{"damage":0.0,"enemies":"Cultist and Chosen","floor":30.0,"turns":3.0},{"damage":6.0,"enemies":"Collector","floor":33.0,"turns":6.0},{"damage":9,"enemies":"3 Shapes","floor":35,"turns":2},{"damage":6,"enemies":"3 Darklings","floor":36,"turns":4},{"damage":3,"enemies":"Giant Head","floor":39,"turns":7}],"seed_played":"-878916022338446095","potions_obtained":[{"floor":1.0,"key":"BlessingOfTheForge"},{"floor":6.0,"key":"ColorlessPotion"},{"floor":13.0,"key":"DuplicationPotion"},{"floor":30.0,"key":"SteroidPotion"},{"floor":33.0,"key":"PowerPotion"},{"floor":36,"key":"Strength Potion"}],"is_trial":false,"path_per_floor":["M","?","$","M","M","E","R","M","T","E","E","R","E","?","R","B",null,"M","?","M","M","$","R","E","R","T","M","R","M","M","$","R","B",null,"M","M","?","?","E"],"character_chosen":"THE_SILENT","items_purchased":["Poison Potion","Poison Potion","Snake Skull","Medical Kit","EntropicBrew","Block Potion"],"campfire_rested":0,"item_purchase_floors":[3,3,22,22,22,31],"current_hp_per_floor":[70,70,70,70,70,56,56,58,58,51,43,43,39,39,39,36,70,70,70,70,58,70,70,70,70,70,70,70,70,70,70,70,64,70,61,57,57,57,56,56],"gold":0,"neow_bonus":"","is_daily":true,"chose_seed":false,"campfire_upgraded":7,"win_rate":0.0,"timestamp":1612885994,"path_taken":["M","?","$","?","M","E","R","M","T","E","?","R","?","?","R","BOSS","M","?","M","M","$","R","E","R","T","?","R","M","M","$","R","BOSS","M","M","?","?","?"],"items_purchased_type":["Potion","Potion","Relic","Relic","Potion","Potion"],"build_version":"2020-12-22","purchased_purges":0,"victory":false,"max_hp_per_floor":[70,70,70,70,70,70,70,70,70,70,70,70,70,70,70,70,70,70,70,70,70,70,70,70,70,70,70,70,70,70,70,70,70,70,70,70,70,70,70,70],"card_choices":[{"not_picked":["Dodge and Roll","Cloak And Dagger"],"picked":"Crippling Poison","floor":0.0},{"not_picked":["Outmaneuver","Predator"],"picked":"Leg Sweep","floor":0.0},{"not_picked":["Backflip","Quick Slash"],"picked":"Flechettes","floor":0.0},{"not_picked":["Sucker Punch","Skewer"],"picked":"Cloak And Dagger","floor":0.0},{"not_picked":["Outmaneuver","Expertise"],"picked":"Backflip","floor":0.0},{"not_picked":["Acrobatics","Bane"],"picked":"Deadly Poison","floor":0.0},{"not_picked":["Flying Knee","Skewer"],"picked":"Backflip","floor":0.0},{"not_picked":["Prepared","PiercingWail"],"picked":"Deflect","floor":0.0},{"not_picked":["Quick Slash","Sucker Punch"],"picked":"PiercingWail","floor":0.0},{"not_picked":["Deadly Poison","Cloak And Dagger"],"picked":"Dodge and Roll","floor":0.0},{"not_picked":["Dash","Setup"],"picked":"Dagger Spray","floor":0.0},{"not_picked":["Acrobatics","Prepared"],"picked":"Dodge and Roll","floor":0.0},{"not_picked":["Crippling Poison","Cloak And Dagger"],"picked":"Deadly Poison","floor":0.0},{"not_picked":["Prepared","Deflect"],"picked":"Outmaneuver","floor":0.0},{"not_picked":["Poisoned Stab","Outmaneuver"],"picked":"Quick Slash","floor":0.0},{"not_picked":["Finisher","Backflip"],"picked":"Bane","floor":1.0},{"not_picked":["Blade Dance","Quick Slash","Concentrate"],"picked":"SKIP","floor":4.0},{"not_picked":["Prepared","Dagger Throw","Flying Knee"],"picked":"SKIP","floor":5.0},{"not_picked":["Noxious Fumes","Deadly Poison"],"picked":"Corpse Explosion","floor":6.0},{"not_picked":["Dagger Spray","Deflect","Backflip"],"picked":"SKIP","floor":8.0},{"not_picked":["Endless Agony","Quick Slash","Sucker Punch"],"picked":"SKIP","floor":10.0},{"not_picked":["Dagger Throw","Deflect","Riddle With Holes"],"picked":"SKIP","floor":11.0},{"not_picked":["Slice","Bane"],"picked":"Adrenaline","floor":13.0},{"not_picked":["Venomology","Envenom"],"picked":"Adrenaline","floor":16.0},{"not_picked":["Eviscerate","Dodge and Roll+1","Outmaneuver"],"picked":"SKIP","floor":18.0},{"not_picked":["Sucker Punch","Dash"],"picked":"Escape Plan+1","floor":20.0},{"not_picked":["Slice","Dagger Throw+1","Poisoned Stab"],"picked":"SKIP","floor":21.0},{"not_picked":["Crippling Poison","Blade Dance","Caltrops+1"],"picked":"SKIP","floor":24.0},{"not_picked":["Caltrops+1","Sucker Punch"],"picked":"After Image","floor":27.0},{"not_picked":["Bane","Prepared","Leg Sweep"],"picked":"SKIP","floor":27.0},{"not_picked":["Eviscerate","Poisoned Stab+1","Cloak And Dagger"],"picked":"SKIP","floor":29.0},{"not_picked":["Quick Slash","Skewer","Flying Knee"],"picked":"SKIP","floor":29.0},{"not_picked":["Escape Plan","Dodge and Roll"],"picked":"Eviscerate","floor":30.0},{"not_picked":["Slice","Blade Dance+1"],"picked":"Dash","floor":30.0},{"not_picked":["Grand Finale","Malaise"],"picked":"Burst","floor":33.0},{"not_picked":["Dodge and Roll+1","Sucker Punch"],"picked":"Well Laid Plans","floor":35},{"not_picked":["Poisoned Stab","Prepared","All Out Attack+1"],"picked":"SKIP","floor":35},{"not_picked":["Prepared+1","Poisoned Stab+1","Flying Knee+1"],"picked":"SKIP","floor":36},{"not_picked":["Backflip","Terror","Distraction"],"picked":"SKIP","floor":36}],"player_experience":280658,"relics_obtained":[{"floor":6.0,"key":"Blood Vial"},{"floor":9.0,"key":"Vajra"},{"floor":10.0,"key":"Mercury Hourglass"},{"floor":11.0,"key":"MealTicket"},{"floor":13.0,"key":"Akabeko"},{"floor":24.0,"key":"Prayer Wheel"},{"floor":26.0,"key":"Happy Flower"}],"event_choices":[{"damage_healed":0.0,"max_hp_gain":0.0,"max_hp_loss":0.0,"gold_gain":0.0,"event_name":"Accursed Blacksmith","player_choice":"Forge","floor":2.0,"gold_loss":0.0,"damage_taken":0.0,"cards_upgraded":["Flechettes"]},{"damage_healed":0.0,"max_hp_gain":0.0,"max_hp_loss":0.0,"gold_gain":175.0,"event_name":"Liars Game","player_choice":"AGREE","floor":14.0,"gold_loss":0.0,"damage_taken":0.0,"cards_obtained":["Doubt"]},{"cards_removed":["Doubt"],"damage_healed":0.0,"max_hp_gain":0.0,"max_hp_loss":0.0,"gold_gain":0.0,"event_name":"Designer","player_choice":"Upgrade and Remove","floor":19.0,"gold_loss":90.0,"damage_taken":0.0,"cards_upgraded":["Deadly Poison"]},{"damage_healed":0,"gold_gain":0,"player_choice":"Paid","damage_taken":0,"relics_obtained":["Red Mask"],"max_hp_gain":0,"max_hp_loss":0,"event_name":"Tomb of Lord Red Mask","floor":37,"gold_loss":189},{"cards_removed":["Dagger Spray"],"damage_healed":0,"gold_gain":0,"player_choice":"Gave Card","damage_taken":0,"relics_obtained":["Question Card"],"max_hp_gain":0,"max_hp_loss":0,"event_name":"WeMeetAgain","floor":38,"gold_loss":0}],"is_beta":false,"boss_relics":[{"not_picked":["Fusion Hammer","Sozu"],"picked":"Ring of the Serpent"},{"not_picked":["Snecko Eye","Runic Pyramid","Velvet Choker"]}],"items_purged_floors":[],"is_endless":false,"potions_floor_spawned":[1,6,13,30,33,36],"killed_by":"Giant Head","ascension_level":0}}