{"host":"takgv9cv6xf64vhq","time":1612830989,"event":{"mods":["BaseMod","Colored Powertips","Conspire","Decade(王小明)","Downfall","Energized Spire","Hermit","Hubris","LagranYue(拉格朗・月)","Marisa（F雨　魔理沙）","Minty Spire (QoL Compilation)","Replay The Spire","StSLib","The Cursed","The Hierophant","The Jungle","The Servant 0.9.4","TheHeartMod"],"gold_per_floor":[114,114,47,67,10,10,44,44,44,62,16,16,50,64,64,165,115,129,139,139,159,173,173,199,28,28,28,44,44,63,73,73,169,169,186,106,106,124,143,143,156,0,0,0,16,51,51,68,68,68,68,68,6,39,39],"floor_reached":56,"language":"ZHS","playtime":4259,"items_purged":["Strike_G","Catalyst+1"],"score":1332,"play_id":"a91d954c-8edd-4456-b94c-1b540735e674","local_time":"20210209083629","is_ascension_mode":true,"campfire_choices":[{"data":"ReplayTheSpireMod:Scrap Shanks","floor":6.0,"key":"SMITH"},{"data":"Neutralize","floor":12.0,"key":"SMITH"},{"data":"Strike_G","floor":15.0,"key":"PURGE"},{"data":"Terror","floor":23.0,"key":"SMITH"},{"data":"Calculated Gamble","floor":27.0,"key":"SMITH"},{"data":"conspire:DoublingDagger","floor":29.0,"key":"SMITH"},{"data":"Strike_G","floor":32.0,"key":"PURGE"},{"data":"A Thousand Cuts","floor":40.0,"key":"SMITH"},{"floor":49.0,"key":"RECALL"},{"data":"Burst","floor":52.0,"key":"SMITH"}],"circlet_count":0,"master_deck":["Defend_G","Defend_G","Defend_G","Defend_G","Defend_G","Survivor","Neutralize+1","Dodge and Roll","ReplayTheSpireMod:Scrap Shanks+1","Dagger Throw","Terror+1","Fluid Movement","Fluid Movement","Finisher","Backflip","A Thousand Cuts+1","Hidden Blade","conspire:DoublingDagger+1","Prepared","Leg Sweep","Replay:Bag of Tricks","Dagger Throw","Cloak And Dagger","Malaise","Tactician","Calculated Gamble+1","Tactician","PiercingWail","Burst+1","Escape Plan","Calculated Gamble+1","Reflex","Blade Dance+1","Acrobatics+1","Madness","Madness","Infinite Blades","ReplayTheSpireMod:Shiv Toss","Noxious Fumes+1"],"relics":["Ring of the Snake","NeowsBlessing","Replay:Ringing Soul","The Courier","Bottled Lightning","energizedSpire:HugeHouse","Snack Pack","Onion Ring","sneckomod:SneckoTalon","Red Mask","Thread and Needle","Golden Egg"],"acts_visited":["Exordium","TheCity","TheBeyond","TheEnding"],"potions_floor_usage":[54,55,55,55],"damage_taken":[{"damage":0.0,"enemies":"2 Louse","floor":1.0,"turns":1.0},{"damage":0.0,"enemies":"Cultist","floor":4.0,"turns":1.0},{"damage":0.0,"enemies":"3 Sentries","floor":7.0,"turns":2.0},{"damage":2.0,"enemies":"Small Slimes","floor":10.0,"turns":3.0},{"damage":14.0,"enemies":"Lagavulin","floor":13.0,"turns":4.0},{"damage":4.0,"enemies":"Gremlin Gang","floor":14.0,"turns":5.0},{"damage":15.0,"enemies":"Fading Forest","floor":16.0,"turns":11.0},{"damage":29.0,"enemies":"2 Thieves","floor":18.0,"turns":5.0},{"damage":15.0,"enemies":"Spheric Guardian","floor":19.0,"turns":5.0},{"damage":15.0,"enemies":"3 Cultists","floor":21.0,"turns":5.0},{"damage":21.0,"enemies":"Snake Plant","floor":22.0,"turns":4.0},{"damage":1.0,"enemies":"Replay:Snechameleon","floor":24.0,"turns":7.0},{"damage":15.0,"enemies":"Centurion and Healer","floor":28.0,"turns":5.0},{"damage":8.0,"enemies":"Cultist and Chosen","floor":30.0,"turns":6.0},{"damage":10.0,"enemies":"Snake Plant","floor":31.0,"turns":6.0},{"damage":9.0,"enemies":"Pondfish","floor":33.0,"turns":13.0},{"damage":27.0,"enemies":"3 Darklings","floor":35.0,"turns":8.0},{"damage":7.0,"enemies":"Orb Walker","floor":38.0,"turns":3.0},{"damage":28.0,"enemies":"4 Shapes","floor":39.0,"turns":6.0},{"damage":16.0,"enemies":"Maw","floor":41.0,"turns":5.0},{"damage":9.0,"enemies":"Jaw Worm Horde","floor":45.0,"turns":4.0},{"damage":0.0,"enemies":"Giant Head","floor":46.0,"turns":6.0},{"damage":0.0,"enemies":"Writhing Mass","floor":48.0,"turns":5.0},{"damage":102.0,"enemies":"conspire:OrnateMirror","floor":50.0,"turns":10.0},{"damage":14,"enemies":"Shield and Spear","floor":54,"turns":5},{"damage":68,"enemies":"NeowBoss","floor":55,"turns":8}],"seed_played":"-5151635235419420766","potions_obtained":[{"floor":1.0,"key":"Energy Potion"},{"floor":7.0,"key":"Doom Potion"},{"floor":8.0,"key":"Poison Potion"},{"floor":8.0,"key":"Weak Potion"},{"floor":13.0,"key":"BlessingOfTheForge"},{"floor":19.0,"key":"Poison Potion"},{"floor":21.0,"key":"SkillPotion"},{"floor":30.0,"key":"Elixir"},{"floor":31.0,"key":"Block Potion"},{"floor":33.0,"key":"champ:CounterPotion"},{"floor":35.0,"key":"Dexterity Potion"},{"floor":38.0,"key":"Swift Potion"},{"floor":39.0,"key":"LifebloodPotion"},{"floor":45.0,"key":"DuplicationPotion"},{"floor":54,"key":"bronze:BurnAndBuffPotion"}],"is_trial":false,"path_per_floor":["M","?","$","M","$","R","E","?","T","M","$","R","E","M","R","B",null,"M","M","?","M","M","R","E","$","T","R","M","R","M","M","R","B",null,"M","$","?","M","M","R","M","?","T","$","M","E","?","M","R","B",null,"R","$","E","B",null],"character_chosen":"THE_SILENT","items_purchased":["ReplayTheSpireMod:Scrap Shanks","Catalyst+1","Fluid Movement","Tactician","Calculated Gamble","ReplayTheSpireMod:Shiv Toss"],"campfire_rested":0,"item_purchase_floors":[3,5,11,25,25,53],"current_hp_per_floor":[70,70,70,70,70,70,73,73,73,74,77,77,66,65,65,63,86,60,48,51,39,21,21,23,26,26,26,22,22,27,27,27,59,116,104,104,107,102,87,87,83,83,83,83,83,108,95,110,110,54,137,137,140,137,91],"gold":39,"neow_bonus":"THREE_ENEMY_KILL","is_daily":false,"chose_seed":false,"campfire_upgraded":7,"win_rate":0.0,"timestamp":1612830989,"path_taken":["M","?","?","M","$","R","E","?","T","M","$","R","E","M","R","BOSS","M","?","?","M","M","R","E","$","T","R","M","R","M","M","R","BOSS","M","$","?","M","?","R","M","?","T","?","M","E","?","M","R","BOSS","R","$","E","BOSS"],"items_purchased_type":["Card","Card","Card","Card","Card","Card"],"build_version":"2020-12-22","purchased_purges":2,"victory":true,"max_hp_per_floor":[70,70,70,70,70,70,73,73,73,76,79,79,82,85,85,88,86,89,92,95,98,101,101,104,107,107,107,110,110,113,113,113,116,116,119,119,122,122,125,125,125,125,125,125,128,131,134,137,137,137,137,137,140,143,143],"card_choices":[{"not_picked":["Skewer","hubris:SlightOfHand"],"picked":"Dodge and Roll","floor":1.0},{"not_picked":["Slice","Distraction"],"picked":"Dagger Throw","floor":4.0},{"not_picked":["Hidden Blade","ReplayTheSpireMod:Exploit Weakness"],"picked":"Blade Dance","floor":7.0},{"not_picked":["Deadly Poison","hubris:SlightOfHand"],"picked":"Terror","floor":10.0},{"not_picked":["ReplayTheSpireMod:Shiv Toss","hubris:SlightOfHand"],"picked":"Finisher","floor":13.0},{"not_picked":["Fluid Movement","Predator"],"picked":"Backflip","floor":14.0},{"not_picked":["Replay:Bag of Tricks","Die Die Die"],"picked":"A Thousand Cuts","floor":16.0},{"not_picked":["Flying Knee+1","Leg Sweep"],"picked":"conspire:DoublingDagger","floor":18.0},{"not_picked":["Blade Dance","Underhanded Strike"],"picked":"Prepared","floor":19.0},{"not_picked":["Blade Dance","Sucker Punch+1"],"picked":"Dagger Throw","floor":21.0},{"not_picked":["Dagger Spray","Toxin Wave"],"picked":"Cloak And Dagger","floor":22.0},{"not_picked":["hubris:Counter","Toxin Wave+1"],"picked":"Malaise","floor":24.0},{"not_picked":["PiercingWail","Cloak And Dagger+1"],"picked":"Tactician","floor":28.0},{"not_picked":["Outmaneuver+1","Quick Slash"],"picked":"PiercingWail","floor":30.0},{"not_picked":["Setup","Dodge and Roll","Eviscerate+1"],"picked":"SKIP","floor":31.0},{"not_picked":["Unload","ReplayTheSpireMod:From All Sides"],"picked":"Burst","floor":33.0},{"not_picked":["Bouncing Flask+1","hubris:SlightOfHand"],"picked":"Escape Plan","floor":35.0},{"not_picked":["Bane","Fluid Movement","Quick Slash"],"picked":"SKIP","floor":38.0},{"not_picked":["Draining Mist","Quick Slash+1"],"picked":"Reflex","floor":39.0},{"not_picked":["Cloak And Dagger","Underhanded Strike","Outmaneuver"],"picked":"SKIP","floor":41.0},{"not_picked":["Prepared","ReplayTheSpireMod:From All Sides"],"picked":"Blade Dance+1","floor":45.0},{"not_picked":["Cloak And Dagger","Dash+1"],"picked":"Acrobatics+1","floor":46.0},{"not_picked":["Toxin Wave","Prepared"],"picked":"Infinite Blades","floor":48.0},{"not_picked":["Sucker Punch","Underhanded Strike+1"],"picked":"Noxious Fumes+1","floor":54}],"player_experience":472367,"relics_obtained":[{"floor":7.0,"key":"Replay:Ringing Soul"},{"floor":9.0,"key":"The Courier"},{"floor":13.0,"key":"Bottled Lightning"},{"floor":24.0,"key":"Snack Pack"},{"floor":26.0,"key":"Onion Ring"},{"floor":46.0,"key":"Thread and Needle"},{"floor":54,"key":"Golden Egg"}],"event_choices":[{"cards_removed":["Strike_G"],"damage_healed":0.0,"max_hp_gain":0.0,"max_hp_loss":0.0,"gold_gain":0.0,"event_name":"Purifier","player_choice":"Purged","floor":2.0,"gold_loss":0.0,"damage_taken":0.0},{"damage_healed":0.0,"max_hp_gain":0.0,"max_hp_loss":0.0,"gold_gain":0.0,"event_name":"Lab","player_choice":"Got Potions","floor":8.0,"gold_loss":0.0,"damage_taken":0.0},{"damage_healed":0.0,"max_hp_gain":0.0,"max_hp_loss":0.0,"gold_gain":0.0,"cards_transformed":["Strike_G","Strike_G"],"event_name":"Drug Dealer","player_choice":"Became Test Subject","floor":20.0,"gold_loss":0.0,"damage_taken":0.0,"cards_obtained":["Leg Sweep","Replay:Bag of Tricks"]},{"damage_healed":0.0,"max_hp_gain":0.0,"max_hp_loss":0.0,"gold_gain":0.0,"event_name":"Duplicator","player_choice":"Copied","floor":37.0,"gold_loss":0.0,"damage_taken":0.0,"cards_obtained":["Calculated Gamble"]},{"damage_healed":0.0,"max_hp_gain":0.0,"max_hp_loss":0.0,"gold_gain":0.0,"event_name":"Tomb of Lord Red Mask","player_choice":"Paid","floor":42.0,"gold_loss":156.0,"damage_taken":0.0,"relics_obtained":["Red Mask"]},{"damage_healed":0.0,"max_hp_gain":0.0,"max_hp_loss":0.0,"gold_gain":0.0,"event_name":"Winding Halls","player_choice":"Embrace Madness","floor":47.0,"gold_loss":0.0,"damage_taken":16.0,"cards_obtained":["Madness","Madness"]}],"is_beta":false,"boss_relics":[{"not_picked":["Sozu","HoveringKite"],"picked":"energizedSpire:HugeHouse"},{"not_picked":["Black Star","Empty Cage"],"picked":"sneckomod:SneckoTalon"}],"items_purged_floors":[25,36],"is_endless":false,"potions_floor_spawned":[1,7,13,19,21,30,31,33,35,38,39,45,54],"ascension_level":1}}