{"host":"cjhtzh7tp54jdfyv","time":1612858124,"event":{"mods":["AchievementEnabler","BaseMod","Colored Map","Colored Powertips","Curses Come First","DeckTracker","Minty Spire (QoL Compilation)","RNG Fix","Relic Sorter","Relic Stats","StSLib","UnlockEverythingMod","ojb\u0027s Better Paths Mod","ojb\u0027s Info Mod"],"gold_per_floor":[110,110,120,130,144,144,176,176,202,228,112,112,128,160,160,236,236,248,15,195,206,206,206,236,236,304,338,338,338,366,281,281,357,357,370,388,388,2,2,2,27,55,55,89,103,120,151,161,161,161,161,161,161,40,67,67],"floor_reached":57,"language":"ENG","playtime":8926,"items_purged":["Regret","Strike_G","Strike_G"],"score":2953,"play_id":"aa1f414f-232d-4a26-8ac2-8e5763d1f100","local_time":"20210209030844","is_ascension_mode":true,"campfire_choices":[{"data":"Wraith Form v2","floor":6,"key":"SMITH"},{"floor":8,"key":"REST"},{"data":"Blade Dance","floor":12,"key":"SMITH"},{"data":"Noxious Fumes","floor":15,"key":"SMITH"},{"data":"Malaise","floor":23,"key":"SMITH"},{"data":"Dramatic Entrance","floor":25,"key":"SMITH"},{"data":"Calculated Gamble","floor":29,"key":"SMITH"},{"data":"Corpse Explosion","floor":32,"key":"SMITH"},{"data":"Burst","floor":40,"key":"SMITH"},{"floor":49,"key":"RECALL"},{"data":"Tactician","floor":53,"key":"SMITH"}],"circlet_count":0,"master_deck":["AscendersBane","Strike_G","Defend_G","Defend_G","Defend_G","Defend_G","Defend_G","Survivor","Neutralize","Wraith Form v2+1","Dash","Quick Slash","Noxious Fumes+1","Blade Dance+1","Slice","Infinite Blades","Escape Plan","Malaise+1","Dramatic Entrance+1","Acrobatics","Sucker Punch+1","Acrobatics","Calculated Gamble+1","Terror+1","Corpse Explosion+1","Heel Hook+1","Burst+1","Well Laid Plans+1","Backflip","Madness","Madness","Well Laid Plans+1","Infinite Blades+1","Infinite Blades+1","Backflip+1","After Image+1","Tactician+1","Accuracy+1","Backflip+1"],"relics":["Ring of the Snake","Nunchaku","Vajra","Blood Vial","Kunai","Eternal Feather","Runic Dome","Frozen Egg 2","Paper Crane","Mercury Hourglass","Question Card","Centennial Puzzle","SlaversCollar","Anchor","PreservedInsect","Regal Pillow","HornCleat","Turnip","Bronze Scales"],"acts_visited":["Exordium","TheCity","TheBeyond","TheEnding"],"potions_floor_usage":[10,13,14,24,30,33,51,55,56,56],"damage_taken":[{"damage":4,"enemies":"Cultist","floor":1,"turns":5},{"damage":3,"enemies":"Small Slimes","floor":3,"turns":4},{"damage":3,"enemies":"2 Louse","floor":4,"turns":3},{"damage":11,"enemies":"Lots of Slimes","floor":5,"turns":7},{"damage":20,"enemies":"3 Sentries","floor":7,"turns":9},{"damage":16,"enemies":"Lagavulin","floor":10,"turns":6},{"damage":10,"enemies":"Exordium Wildlife","floor":13,"turns":5},{"damage":0,"enemies":"Gremlin Nob","floor":14,"turns":4},{"damage":6,"enemies":"The Guardian","floor":16,"turns":12},{"damage":10,"enemies":"2 Thieves","floor":18,"turns":4},{"damage":3,"enemies":"Spheric Guardian","floor":21,"turns":4},{"damage":11,"enemies":"Gremlin Leader","floor":24,"turns":7},{"damage":16,"enemies":"Book of Stabbing","floor":27,"turns":6},{"damage":9,"enemies":"Slavers","floor":30,"turns":2},{"damage":11,"enemies":"Collector","floor":33,"turns":7},{"damage":0,"enemies":"3 Shapes","floor":35,"turns":1},{"damage":1,"enemies":"3 Darklings","floor":36,"turns":2},{"damage":0,"enemies":"Giant Head","floor":42,"turns":5},{"damage":9,"enemies":"Nemesis","floor":44,"turns":5},{"damage":0,"enemies":"4 Shapes","floor":45,"turns":4},{"damage":1,"enemies":"Transient","floor":46,"turns":6},{"damage":6,"enemies":"Reptomancer","floor":47,"turns":6},{"damage":13,"enemies":"Spire Growth","floor":48,"turns":5},{"damage":7,"enemies":"Donu and Deca","floor":50,"turns":7},{"damage":1,"enemies":"Awakened One","floor":51,"turns":15},{"damage":18,"enemies":"Shield and Spear","floor":55,"turns":6},{"damage":32,"enemies":"The Heart","floor":56,"turns":9}],"seed_played":"-5712210673164852285","potions_obtained":[{"floor":1,"key":"BlessingOfTheForge"},{"floor":7,"key":"FearPotion"},{"floor":13,"key":"EssenceOfSteel"},{"floor":14,"key":"SmokeBomb"},{"floor":16,"key":"Strength Potion"},{"floor":27,"key":"SkillPotion"},{"floor":30,"key":"SkillPotion"},{"floor":44,"key":"Block Potion"},{"floor":46,"key":"AttackPotion"},{"floor":48,"key":"AttackPotion"},{"floor":55,"key":"SneckoOil"}],"is_trial":false,"path_per_floor":["M","?","M","M","M","R","E","R","T","E","$","R","M","E","R","B",null,"M","$","?","M","?","R","E","R","T","E","?","R","E","?","R","B",null,"M","M","?","$","?","R","T","E","T","E","M","M","E","M","R","B","B",null,"R","$","E","B",null],"character_chosen":"THE_SILENT","items_purchased":["Infinite Blades","Dramatic Entrance","Acrobatics","Well Laid Plans+1","Backflip","Anchor","Accuracy+1","LiquidMemories"],"campfire_rested":1,"item_purchase_floors":[11,19,19,38,38,38,54,54],"current_hp_per_floor":[55,55,52,49,38,38,18,36,36,22,22,22,14,16,28,24,51,43,43,18,17,17,29,20,35,35,21,21,36,29,29,44,35,54,56,57,57,57,46,60,60,60,60,51,53,54,50,39,60,53,54,59,60,60,42,12],"gold":67,"neow_bonus":"THREE_RARE_CARDS","is_daily":false,"chose_seed":false,"campfire_upgraded":9,"win_rate":0.0,"timestamp":1612858124,"path_taken":["M","?","M","M","M","R","E","R","T","E","$","R","M","E","R","BOSS","M","$","?","M","?","R","E","R","T","E","?","R","E","?","R","BOSS","M","M","?","$","?","R","?","E","T","E","M","M","E","M","R","BOSS","BOSS","R","$","E","BOSS"],"items_purchased_type":["Card","Card","Card","Card","Card","Relic","Card","Potion"],"build_version":"2020-12-22","purchased_purges":3,"victory":true,"max_hp_per_floor":[60,60,60,60,60,60,60,60,60,60,60,60,60,60,60,60,60,60,60,60,60,60,60,60,60,60,60,60,60,60,60,60,60,60,60,60,60,60,60,60,60,60,60,60,60,60,60,60,60,60,60,60,60,60,60,60],"relic_stats":{"Regal Pillow":0,"counters":[27,156],"Eternal Feather":105,"PreservedInsect":318,"Question Card":10,"Mercury Hourglass":[337],"Blood Vial":36,"Nunchaku":[50],"Centennial Puzzle":[30],"Bronze Scales":[99],"Turnip":[2],"Kunai":[131],"obtain_stats":[{"Regal Pillow":42,"Vajra":2,"Eternal Feather":14,"PreservedInsect":41,"Frozen Egg 2":24,"Paper Crane":26,"Question Card":30,"Mercury Hourglass":27,"Blood Vial":9,"Runic Dome":17,"SlaversCollar":34,"Nunchaku":7,"Centennial Puzzle":31,"Anchor":38,"HornCleat":44,"Bronze Scales":55,"Turnip":47,"Kunai":10,"Ring of the Snake":0},{"Regal Pillow":18,"Vajra":1,"Eternal Feather":8,"PreservedInsect":17,"Frozen Egg 2":12,"Paper Crane":12,"Question Card":14,"Mercury Hourglass":13,"Blood Vial":5,"Runic Dome":9,"SlaversCollar":15,"Nunchaku":5,"Centennial Puzzle":14,"Anchor":17,"HornCleat":19,"Bronze Scales":26,"Turnip":22,"Kunai":6,"Ring of the Snake":0},{"Regal Pillow":93,"Vajra":5,"Eternal Feather":43,"PreservedInsect":88,"Frozen Egg 2":70,"Paper Crane":70,"Question Card":78,"Mercury Hourglass":76,"Blood Vial":28,"Runic Dome":55,"SlaversCollar":85,"Nunchaku":28,"Centennial Puzzle":78,"Anchor":88,"HornCleat":98,"Bronze Scales":147,"Turnip":114,"Kunai":34,"Ring of the Snake":0}],"Ring of the Snake":[54]},"card_choices":[{"not_picked":["Glass Knife","Unload"],"picked":"Wraith Form v2","floor":0},{"not_picked":["Quick Slash","Sucker Punch"],"picked":"Dash","floor":1},{"not_picked":["Dodge and Roll","Crippling Poison","Deadly Poison"],"picked":"SKIP","floor":3},{"not_picked":["Dodge and Roll","Crippling Poison","Deadly Poison"],"picked":"SKIP","floor":3},{"not_picked":["PiercingWail","Tactician"],"picked":"Quick Slash","floor":4},{"not_picked":["Prepared","Crippling Poison"],"picked":"Noxious Fumes","floor":5},{"not_picked":["Quick Slash","Tools of the Trade"],"picked":"Blade Dance","floor":7},{"not_picked":["Flying Knee","Dagger Spray"],"picked":"Slice","floor":10},{"not_picked":["Slice","Prepared","Riddle With Holes"],"picked":"SKIP","floor":13},{"not_picked":["Dagger Throw","Acrobatics"],"picked":"Escape Plan","floor":14},{"not_picked":["Bullet Time","Unload"],"picked":"Malaise","floor":16},{"not_picked":["Poisoned Stab","Flechettes","PiercingWail"],"picked":"SKIP","floor":18},{"not_picked":["Deflect","PiercingWail"],"picked":"Sucker Punch+1","floor":21},{"not_picked":["Prepared","Bane"],"picked":"Calculated Gamble","floor":24},{"not_picked":["Deflect","Deadly Poison+1"],"picked":"Terror+1","floor":27},{"not_picked":["Glass Knife","Distraction"],"picked":"Heel Hook+1","floor":30},{"not_picked":["A Thousand Cuts+1","Doppelganger","Storm of Steel"],"picked":"Burst","floor":33},{"not_picked":["Predator","Outmaneuver","Dagger Spray","Terror"],"picked":"SKIP","floor":35},{"not_picked":["Dagger Throw+1","Dagger Spray","Choke","Die Die Die"],"picked":"SKIP","floor":36},{"not_picked":["Predator+1","Sucker Punch","Dagger Spray+1"],"picked":"Well Laid Plans+1","floor":42},{"not_picked":["Bane+1","Deadly Poison","Footwork+1"],"picked":"Infinite Blades+1","floor":44},{"not_picked":["Flying Knee","Cloak And Dagger","Slice"],"picked":"Infinite Blades+1","floor":45},{"not_picked":["Distraction+1","Blade Dance+1","Outmaneuver+1"],"picked":"Backflip+1","floor":46},{"not_picked":["Flying Knee","Distraction","Flechettes"],"picked":"After Image+1","floor":47},{"not_picked":["Setup+1","Expertise","Deadly Poison"],"picked":"Tactician","floor":48},{"not_picked":["Cloak And Dagger","Noxious Fumes+1","Prepared"],"picked":"Backflip+1","floor":55}],"player_experience":4785774,"relics_obtained":[{"floor":7,"key":"Nunchaku"},{"floor":9,"key":"Blood Vial"},{"floor":10,"key":"Kunai"},{"floor":14,"key":"Eternal Feather"},{"floor":24,"key":"Frozen Egg 2"},{"floor":26,"key":"Paper Crane"},{"floor":27,"key":"Mercury Hourglass"},{"floor":30,"key":"Question Card"},{"floor":41,"key":"PreservedInsect"},{"floor":42,"key":"Regal Pillow"},{"floor":44,"key":"HornCleat"},{"floor":47,"key":"Turnip"},{"floor":55,"key":"Bronze Scales"}],"event_choices":[{"damage_healed":0,"gold_gain":0,"player_choice":"Box","damage_taken":0,"relics_obtained":["Vajra"],"max_hp_gain":0,"max_hp_loss":0,"event_name":"Big Fish","floor":2,"gold_loss":0,"cards_obtained":["Regret"]},{"damage_healed":0,"gold_gain":180,"player_choice":"POTION GOLD GOLD ","damage_taken":25,"max_hp_gain":0,"max_hp_loss":0,"event_name":"Knowing Skull","floor":20,"potions_obtained":["CunningPotion"],"gold_loss":0,"cards_obtained":[]},{"damage_healed":0,"gold_gain":0,"cards_transformed":["Strike_G","Strike_G"],"player_choice":"Became Test Subject","damage_taken":0,"max_hp_gain":0,"max_hp_loss":0,"event_name":"Drug Dealer","floor":22,"gold_loss":0,"cards_obtained":["Acrobatics","Grand Finale"]},{"damage_healed":0,"gold_gain":0,"player_choice":"Read","damage_taken":0,"max_hp_gain":0,"max_hp_loss":0,"event_name":"The Library","floor":28,"gold_loss":0,"cards_obtained":["Corpse Explosion"]},{"damage_healed":0,"gold_gain":0,"player_choice":"Obtained Relic","damage_taken":0,"relics_obtained":["Centennial Puzzle"],"max_hp_gain":0,"max_hp_loss":0,"event_name":"Addict","floor":31,"gold_loss":85},{"cards_removed":["Grand Finale"],"damage_healed":0,"gold_gain":0,"player_choice":"Removed Attack","damage_taken":0,"max_hp_gain":0,"max_hp_loss":0,"event_name":"Falling","floor":37,"gold_loss":0},{"damage_healed":0,"gold_gain":0,"player_choice":"Embrace Madness","damage_taken":11,"max_hp_gain":0,"max_hp_loss":0,"event_name":"Winding Halls","floor":39,"gold_loss":0,"cards_obtained":["Madness","Madness"]}],"is_beta":false,"boss_relics":[{"not_picked":["Ring of the Serpent","Busted Crown"],"picked":"Runic Dome"},{"not_picked":["Calling Bell","Empty Cage"],"picked":"SlaversCollar"}],"items_purged_floors":[11,19,38],"is_endless":false,"potions_floor_spawned":[1,7,13,14,16,27,30,44,46,48,55],"ascension_level":20}}