{"host":"uv5ws9rdk87e8i5k","time":1612895230,"event":{"mods":["AchievementEnabler","BaseMod","Colored Map","Minty Spire (QoL Compilation)","Permanent Neow","Quick Restart","StSLib","SuperFastMode","The Necromancer"],"gold_per_floor":[111,123,134,134,153,181,201,201,224,269,281,306,343,373,385,498,510,532,544,567,579,610,622,662,674,737,777,31,59,59,73,73,175,175,191,206,218,232,249,249,277,277,332,358,358,385,403,433,433,433],"floor_reached":51,"language":"ENG","playtime":1159,"items_purged":["Strike_R+1"],"score":1624,"play_id":"91e1fa07-6632-4379-88a7-1d6b02a5cdd4","local_time":"20210209122710","is_ascension_mode":true,"campfire_choices":[{"data":"Infernal Blade","floor":8.0,"key":"SMITH"},{"floor":11.0,"key":"REST"},{"data":"Demon Form","floor":15.0,"key":"SMITH"},{"data":"Perfected Strike","floor":23.0,"key":"SMITH"},{"data":"Perfected Strike","floor":25.0,"key":"SMITH"},{"floor":30.0,"key":"REST"},{"data":"Bludgeon","floor":32.0,"key":"SMITH"},{"data":"Heavy Blade","floor":40.0,"key":"SMITH"},{"data":"Burning Pact","floor":42.0,"key":"SMITH"},{"floor":49,"key":"REST"}],"circlet_count":0,"master_deck":["AscendersBane","Strike_R+1","Strike_R+1","Strike_R+1","Strike_R+1","Defend_R+1","Defend_R+1","Defend_R+1","Defend_R+1","Bash","Perfected Strike+1","Armaments+1","Infernal Blade+1","Uppercut","Perfected Strike+1","Perfected Strike+1","Cleave","Rage","Headbutt","Demon Form+1","Feed","Shrug It Off","Bludgeon+1","Pommel Strike+1","Havoc","Shockwave+1","Pummel","Flame Barrier+1","Fiend Fire","Whirlwind+1","Rage+1","Heavy Blade+1","Burning Pact+1","Shrug It Off+1","Perfected Strike"],"relics":["Black Star","Oddly Smooth Stone","Whetstone","MawBank","Dream Catcher","White Beast Statue","Paper Frog","Art of War","Busted Crown","TungstenRod","Prayer Wheel","Potion Belt","Matryoshka","Ancient Tea Set","Bottled Tornado","Orrery","Toy Ornithopter","Anchor","Juzu Bracelet","SlaversCollar","Frozen Egg 2","Pen Nib","Bag of Marbles","PreservedInsect","Shuriken","InkBottle","Letter Opener","Pear","Kunai","War Paint"],"acts_visited":["Exordium","TheCity","TheBeyond"],"potions_floor_usage":[50,50,50,50],"damage_taken":[{"damage":8.0,"enemies":"Jaw Worm","floor":1.0,"turns":4.0},{"damage":0.0,"enemies":"Cultist","floor":2.0,"turns":2.0},{"damage":0.0,"enemies":"2 Louse","floor":3.0,"turns":2.0},{"damage":10.0,"enemies":"Blue Slaver","floor":5.0,"turns":3.0},{"damage":7.0,"enemies":"Lagavulin","floor":6.0,"turns":5.0},{"damage":7.0,"enemies":"Large Slime","floor":7.0,"turns":4.0},{"damage":15.0,"enemies":"3 Sentries","floor":10.0,"turns":6.0},{"damage":5.0,"enemies":"Looter","floor":12.0,"turns":2.0},{"damage":0.0,"enemies":"Gremlin Nob","floor":13.0,"turns":3.0},{"damage":7.0,"enemies":"Blue Slaver","floor":14.0,"turns":2.0},{"damage":12.0,"enemies":"Slime Boss","floor":16.0,"turns":6.0},{"damage":2.0,"enemies":"2 Thieves","floor":18.0,"turns":4.0},{"damage":20.0,"enemies":"3 Byrds","floor":20.0,"turns":5.0},{"damage":0.0,"enemies":"Sentry and Sphere","floor":22.0,"turns":2.0},{"damage":2.0,"enemies":"Slavers","floor":24.0,"turns":3.0},{"damage":2.0,"enemies":"Book of Stabbing","floor":27.0,"turns":4.0},{"damage":40.0,"enemies":"Gremlin Leader","floor":29.0,"turns":5.0},{"damage":0.0,"enemies":"Centurion and Healer","floor":31.0,"turns":3.0},{"damage":0.0,"enemies":"Champ","floor":33.0,"turns":6.0},{"damage":0.0,"enemies":"Orb Walker","floor":35.0,"turns":2.0},{"damage":10.0,"enemies":"3 Shapes","floor":36.0,"turns":3.0},{"damage":0.0,"enemies":"Spire Growth","floor":37.0,"turns":4.0},{"damage":21.0,"enemies":"Writhing Mass","floor":38.0,"turns":5.0},{"damage":8.0,"enemies":"Transient","floor":39.0,"turns":5.0},{"damage":0.0,"enemies":"Giant Head","floor":41.0,"turns":5.0},{"damage":0.0,"enemies":"Reptomancer","floor":44.0,"turns":2.0},{"damage":8.0,"enemies":"Giant Head","floor":46.0,"turns":4.0},{"damage":28.0,"enemies":"Jaw Worm Horde","floor":47.0,"turns":4.0},{"damage":29.0,"enemies":"Reptomancer","floor":48.0,"turns":4.0},{"damage":32,"enemies":"Donu and Deca","floor":50,"turns":5}],"seed_played":"-6822961582092850140","potions_obtained":[{"floor":3.0,"key":"DistilledChaos"},{"floor":5.0,"key":"Fire Potion"},{"floor":7.0,"key":"ElixirPotion"},{"floor":12.0,"key":"FearPotion"},{"floor":13.0,"key":"Dexterity Potion"},{"floor":14.0,"key":"SkillPotion"},{"floor":16.0,"key":"Energy Potion"},{"floor":18.0,"key":"Strength Potion"},{"floor":20.0,"key":"DistilledChaos"},{"floor":22.0,"key":"PowerPotion"},{"floor":24.0,"key":"Block Potion"},{"floor":27.0,"key":"SpeedPotion"},{"floor":29.0,"key":"Energy Potion"},{"floor":31.0,"key":"BloodPotion"},{"floor":33.0,"key":"HeartOfIron"},{"floor":35.0,"key":"PowerPotion"},{"floor":36.0,"key":"Block Potion"},{"floor":37.0,"key":"LiquidMemories"},{"floor":38.0,"key":"ColorlessPotion"},{"floor":39.0,"key":"Dexterity Potion"},{"floor":41.0,"key":"FearPotion"},{"floor":44.0,"key":"ColorlessPotion"},{"floor":46.0,"key":"ColorlessPotion"},{"floor":47.0,"key":"ElixirPotion"},{"floor":48.0,"key":"SteroidPotion"}],"is_trial":false,"path_per_floor":["M","M","M","?","M","E","M","R","T","E","R","M","E","M","R","B",null,"M","?","M","?","M","R","E","R","T","E","$","E","R","M","R","B",null,"M","M","M","M","M","R","E","R","T","E","?","E","M","E","R","B",null],"character_chosen":"IRONCLAD","items_purchased":["Bottled Tornado","Orrery","Toy Ornithopter","EntropicBrew","Pummel"],"campfire_rested":3,"item_purchase_floors":[28,28,28,28,28],"current_hp_per_floor":[64,64,64,64,54,47,40,40,40,25,49,44,44,37,37,25,66,67,67,50,50,53,53,51,51,51,49,49,34,60,65,65,73,87,92,82,87,71,68,68,73,73,73,78,78,88,68,65,97,106],"gold":433,"neow_bonus":"BOSS_RELIC","is_daily":false,"chose_seed":false,"campfire_upgraded":7,"win_rate":0.0,"timestamp":1612895230,"path_taken":["M","M","M","?","?","E","M","R","T","E","R","M","E","M","R","BOSS","M","?","M","?","M","R","E","R","T","E","$","E","R","M","R","BOSS","M","M","M","M","M","R","E","R","T","E","?","E","M","E","R","BOSS"],"items_purchased_type":["Relic","Relic","Relic","Potion","Card"],"build_version":"2020-12-22","purchased_purges":1,"victory":true,"max_hp_per_floor":[80,80,80,80,80,80,80,80,80,80,80,80,80,80,80,80,80,83,83,86,86,89,89,89,89,89,89,89,89,89,89,89,92,92,92,92,92,92,92,92,92,92,92,92,92,105,108,108,108,108],"card_choices":[{"not_picked":["Clothesline","Seeing Red"],"picked":"Perfected Strike","floor":1.0},{"not_picked":["Flex","Sword Boomerang"],"picked":"Armaments","floor":2.0},{"not_picked":["Warcry","True Grit"],"picked":"Infernal Blade","floor":3.0},{"not_picked":["Sword Boomerang","Evolve"],"picked":"Uppercut","floor":5.0},{"not_picked":["Heavy Blade","Cleave"],"picked":"Perfected Strike","floor":6.0},{"not_picked":["Headbutt","Twin Strike"],"picked":"Perfected Strike","floor":7.0},{"not_picked":["Spot Weakness","Rupture"],"picked":"Cleave","floor":10.0},{"not_picked":["Barricade","True Grit"],"picked":"Rage","floor":11.0},{"not_picked":["Carnage","Anger"],"picked":"Headbutt","floor":12.0},{"not_picked":["Clash","Clothesline","Cleave"],"picked":"SKIP","floor":13.0},{"not_picked":["Pommel Strike","Body Slam"],"picked":"Demon Form","floor":14.0},{"not_picked":["Exhume","Juggernaut"],"picked":"Feed","floor":16.0},{"not_picked":["Iron Wave"],"picked":"SKIP","floor":18.0},{"not_picked":[],"picked":"Shrug It Off","floor":20.0},{"not_picked":["Cleave"],"picked":"SKIP","floor":22.0},{"not_picked":["Warcry"],"picked":"SKIP","floor":24.0},{"not_picked":[],"picked":"Bludgeon","floor":27.0},{"not_picked":[],"picked":"Pommel Strike+1","floor":28.0},{"not_picked":[],"picked":"Havoc","floor":28.0},{"not_picked":[],"picked":"Shockwave","floor":28.0},{"not_picked":["Intimidate"],"picked":"SKIP","floor":29.0},{"not_picked":[],"picked":"Flame Barrier+1","floor":31.0},{"not_picked":["Cleave"],"picked":"SKIP","floor":31.0},{"not_picked":[],"picked":"Fiend Fire","floor":33.0},{"not_picked":[],"picked":"Shrug It Off+1","floor":35.0},{"not_picked":["Hemokinesis+1"],"picked":"SKIP","floor":35.0},{"not_picked":["Dark Embrace+1"],"picked":"SKIP","floor":36.0},{"not_picked":["Shockwave"],"picked":"SKIP","floor":36.0},{"not_picked":[],"picked":"Whirlwind+1","floor":37.0},{"not_picked":[],"picked":"Rage+1","floor":37.0},{"not_picked":["Clash"],"picked":"SKIP","floor":38.0},{"not_picked":["Warcry"],"picked":"SKIP","floor":38.0},{"not_picked":[],"picked":"Heavy Blade","floor":39.0},{"not_picked":["Body Slam"],"picked":"SKIP","floor":39.0},{"not_picked":[],"picked":"Burning Pact","floor":41.0},{"not_picked":["Ghostly Armor"],"picked":"SKIP","floor":44.0},{"not_picked":["Whirlwind"],"picked":"SKIP","floor":46.0},{"not_picked":[],"picked":"Shrug It Off","floor":47.0},{"not_picked":["Iron Wave+1"],"picked":"SKIP","floor":47.0},{"not_picked":[],"picked":"Perfected Strike","floor":48.0}],"player_experience":288302,"relics_obtained":[{"floor":6.0,"key":"Oddly Smooth Stone"},{"floor":6.0,"key":"Whetstone"},{"floor":9.0,"key":"MawBank"},{"floor":10.0,"key":"Dream Catcher"},{"floor":10.0,"key":"White Beast Statue"},{"floor":13.0,"key":"Paper Frog"},{"floor":13.0,"key":"Art of War"},{"floor":24.0,"key":"TungstenRod"},{"floor":24.0,"key":"Prayer Wheel"},{"floor":26.0,"key":"Potion Belt"},{"floor":27.0,"key":"Matryoshka"},{"floor":27.0,"key":"Ancient Tea Set"},{"floor":29.0,"key":"Anchor"},{"floor":29.0,"key":"Juzu Bracelet"},{"floor":41.0,"key":"Frozen Egg 2"},{"floor":41.0,"key":"Pen Nib"},{"floor":43.0,"key":"Bag of Marbles"},{"floor":43.0,"key":"PreservedInsect"},{"floor":44.0,"key":"Shuriken"},{"floor":44.0,"key":"InkBottle"},{"floor":46.0,"key":"Letter Opener"},{"floor":46.0,"key":"Pear"},{"floor":48.0,"key":"Kunai"},{"floor":48.0,"key":"War Paint"}],"event_choices":[{"damage_healed":0.0,"max_hp_gain":0.0,"max_hp_loss":0.0,"gold_gain":0.0,"event_name":"Upgrade Shrine","player_choice":"Upgraded","floor":4.0,"gold_loss":0.0,"damage_taken":0.0,"cards_upgraded":["Armaments"]},{"damage_healed":0.0,"max_hp_gain":0.0,"max_hp_loss":0.0,"gold_gain":0.0,"event_name":"Back to Basics","player_choice":"Simplicity","floor":19.0,"gold_loss":0.0,"damage_taken":0.0,"cards_upgraded":["Strike_R","Strike_R","Strike_R","Strike_R","Defend_R","Defend_R","Defend_R","Defend_R"]},{"damage_healed":0.0,"max_hp_gain":0.0,"max_hp_loss":0.0,"gold_gain":0.0,"event_name":"Vampires","player_choice":"Ignored","floor":21.0,"gold_loss":0.0,"damage_taken":0.0},{"cards_removed":["Shrug It Off"],"damage_healed":0.0,"max_hp_gain":0.0,"max_hp_loss":0.0,"gold_gain":0.0,"event_name":"Falling","player_choice":"Removed Skill","floor":45.0,"gold_loss":0.0,"damage_taken":0.0}],"is_beta":false,"boss_relics":[{"not_picked":["Runic Cube","Pandora\u0027s Box"],"picked":"Busted Crown"},{"not_picked":["SacredBark","Empty Cage"],"picked":"SlaversCollar"}],"items_purged_floors":[28],"is_endless":false,"potions_floor_spawned":[3,5,7,12,13,14,16,18,20,22,24,27,29,31,33,35,36,37,38,39,41,44,46,47,48],"ascension_level":10}}