{"host":"sccdx89hs6cnwb1o","time":1612829916,"event":{"mods":["AchievementEnabler","BaseMod","Colored Powertips","Highlight Path","Minty Spire (QoL Compilation)"],"gold_per_floor":[116,116,191,191,211,211,221,221,244,259,279,127,32,32,32,137,137,152,71,85,98,98,98,125,138,162,162,179,179,3,13,13,118,118,138,138,157,10,23,23,39,39,62,82,132,57,112,112,112,112],"floor_reached":51,"language":"DEU","playtime":7745,"items_purged":["Decay"],"score":707,"play_id":"73726f55-dc53-4e64-a5bf-3f3f174f4792","local_time":"20210209011836","is_ascension_mode":false,"campfire_choices":[{"floor":6,"key":"REST"},{"data":"Eruption","floor":8,"key":"SMITH"},{"data":"Vigilance","floor":15,"key":"SMITH"},{"data":"PathToVictory","floor":23,"key":"SMITH"},{"floor":27,"key":"REST"},{"floor":32,"key":"REST"},{"floor":40,"key":"REST"},{"data":"Apotheosis","floor":42,"key":"SMITH"},{"floor":49,"key":"REST"}],"circlet_count":0,"master_deck":["Strike_P","Strike_P","Strike_P","Defend_P","Defend_P+1","Defend_P","Defend_P+1","Eruption+1","Vigilance+1","EmptyFist","WheelKick","Pray","WaveOfTheHand+1","Wallop","Evaluate","LikeWater+1","Bandage Up","LikeWater+1","ThirdEye+1","LessonLearned","CurseOfTheBell","Consecrate+1","WindmillStrike+1","ReachHeaven+1","PathToVictory+1","MasterReality+1","ClearTheMind+1","Protect","Nirvana+1","Apotheosis+1","PathToVictory+1","DevaForm+1","PathToVictory+1","LikeWater+1","PathToVictory","CrushJoints+1","Writhe"],"relics":["HolyWater","Frozen Egg 2","Centennial Puzzle","Calling Bell","Toy Ornithopter","Pantograph","Thread and Needle","Vajra","Strawberry","Boot","Regal Pillow","Juzu Bracelet","Pocketwatch","Mango"],"acts_visited":["Exordium","TheCity","TheBeyond"],"potions_floor_usage":[16,16,33,33,47,47,50],"damage_taken":[{"damage":0,"enemies":"Small Slimes","floor":1,"turns":4},{"damage":0,"enemies":"2 Louse","floor":5,"turns":2},{"damage":0,"enemies":"Jaw Worm","floor":7,"turns":3},{"damage":16,"enemies":"Lots of Slimes","floor":10,"turns":6},{"damage":0,"enemies":"Exordium Thugs","floor":11,"turns":4},{"damage":27,"enemies":"Slime Boss","floor":16,"turns":16},{"damage":5,"enemies":"Chosen","floor":18,"turns":14},{"damage":6,"enemies":"Spheric Guardian","floor":20,"turns":6},{"damage":6,"enemies":"Centurion and Healer","floor":21,"turns":11},{"damage":40,"enemies":"Book of Stabbing","floor":24,"turns":8},{"damage":17,"enemies":"3 Cultists","floor":25,"turns":9},{"damage":0,"enemies":"Sentry and Sphere","floor":28,"turns":11},{"damage":0,"enemies":"Centurion and Healer","floor":31,"turns":6},{"damage":40,"enemies":"Automaton","floor":33,"turns":12},{"damage":12,"enemies":"Orb Walker","floor":35,"turns":4},{"damage":46,"enemies":"3 Shapes","floor":37,"turns":5},{"damage":8,"enemies":"Transient","floor":39,"turns":5},{"damage":8,"enemies":"4 Shapes","floor":41,"turns":12},{"damage":12,"enemies":"Maw","floor":44,"turns":7},{"damage":39,"enemies":"Mind Bloom Boss Battle","floor":45,"turns":9},{"damage":55,"enemies":"2 Orb Walkers","floor":47,"turns":8},{"damage":62,"enemies":"Donu and Deca","floor":50,"turns":13}],"seed_played":"-1407104512056142762","potions_obtained":[{"floor":1,"key":"DistilledChaos"},{"floor":10,"key":"Block Potion"},{"floor":11,"key":"CultistPotion"},{"floor":20,"key":"Regen Potion"},{"floor":21,"key":"Regen Potion"},{"floor":33,"key":"LiquidBronze"},{"floor":39,"key":"Strength Potion"},{"floor":41,"key":"BottledMiracle"}],"is_trial":false,"path_per_floor":["M","?","?","T","M","R","M","R","T","M","M","$","$","?","R","B",null,"M","$","M","M","?","R","E","M","T","R","M","?","$","M","R","B",null,"M","?","M","$","M","R","M","R","T","M","?","$","?","?","R","B",null],"character_chosen":"WATCHER","items_purchased":["LikeWater+1","Bandage Up","LikeWater+1","ThirdEye","WindmillStrike","Apotheosis","Regal Pillow"],"campfire_rested":5,"item_purchase_floors":[12,12,13,13,19,30,38],"current_hp_per_floor":[65,65,54,54,54,79,79,79,79,63,63,63,63,63,63,40,86,81,81,79,77,77,77,41,28,35,62,66,66,66,70,93,79,93,81,81,39,39,35,77,73,73,73,67,53,53,41,68,107,51],"gold":112,"neow_bonus":"TWENTY_PERCENT_HP_BONUS","is_daily":false,"chose_seed":false,"campfire_upgraded":4,"win_rate":0.0,"timestamp":1612829916,"path_taken":["M","?","?","?","?","R","M","R","T","?","M","?","$","?","R","BOSS","M","$","M","?","?","R","E","M","T","R","M","?","$","M","R","BOSS","M","?","M","$","M","R","M","R","T","M","?","$","?","?","R","BOSS"],"items_purchased_type":["Card","Card","Card","Card","Card","Card","Relic"],"build_version":"2020-12-22","purchased_purges":1,"victory":true,"max_hp_per_floor":[86,86,86,86,86,86,86,86,86,86,86,86,86,86,86,86,86,86,86,86,86,86,86,86,86,93,93,93,93,93,93,93,93,93,93,93,93,93,93,93,93,93,93,93,93,93,107,107,107,107],"card_choices":[{"not_picked":["ClearTheMind","Indignation"],"picked":"EmptyFist","floor":1},{"not_picked":["Protect","Swivel"],"picked":"Pray","floor":5},{"not_picked":["ThirdEye","Prostrate"],"picked":"WaveOfTheHand","floor":7},{"not_picked":["Pray","Crescendo"],"picked":"Wallop","floor":10},{"not_picked":["BowlingBash","EmptyMind"],"picked":"Evaluate","floor":11},{"not_picked":["Blasphemy","Scrawl"],"picked":"LessonLearned","floor":16},{"not_picked":["FlurryOfBlows+1","ClearTheMind"],"picked":"Consecrate+1","floor":18},{"not_picked":["Conclude","ThirdEye"],"picked":"ReachHeaven+1","floor":20},{"not_picked":["Sanctity","Conclude"],"picked":"PathToVictory","floor":21},{"not_picked":["Vengeance","Evaluate"],"picked":"ClearTheMind+1","floor":24},{"not_picked":["Crescendo","CarveReality"],"picked":"Protect","floor":25},{"not_picked":["CrushJoints","FlyingSleeves+1"],"picked":"Nirvana+1","floor":28},{"not_picked":["JustLucky","FlyingSleeves"],"picked":"PathToVictory+1","floor":31},{"not_picked":["LessonLearned","ConjureBlade"],"picked":"DevaForm+1","floor":33},{"not_picked":["BattleHymn+1","FlurryOfBlows"],"picked":"PathToVictory+1","floor":35},{"not_picked":["Collect","Study+1"],"picked":"LikeWater+1","floor":37},{"not_picked":["Consecrate","FlyingSleeves","Omniscience"],"picked":"SKIP","floor":39},{"not_picked":["WaveOfTheHand","Halt","BowlingBash"],"picked":"SKIP","floor":41},{"not_picked":["Fasting2+1","Conclude+1"],"picked":"PathToVictory","floor":44},{"not_picked":["SashWhip","Halt+1"],"picked":"CrushJoints+1","floor":47}],"player_experience":29589,"relics_obtained":[{"floor":4,"key":"Frozen Egg 2"},{"floor":9,"key":"Centennial Puzzle"},{"floor":17,"key":"Toy Ornithopter"},{"floor":17,"key":"Pantograph"},{"floor":17,"key":"Thread and Needle"},{"floor":24,"key":"Vajra"},{"floor":26,"key":"Strawberry"},{"floor":43,"key":"Juzu Bracelet"},{"floor":45,"key":"Pocketwatch"},{"floor":47,"key":"Mango"}],"event_choices":[{"damage_healed":0,"gold_gain":0,"cards_transformed":["Strike_P"],"player_choice":"Change","damage_taken":0,"max_hp_gain":0,"max_hp_loss":0,"event_name":"Living Wall","floor":2,"gold_loss":0,"cards_obtained":["WheelKick"]},{"damage_healed":0,"gold_gain":75,"player_choice":"Gather Gold","damage_taken":11,"max_hp_gain":0,"max_hp_loss":0,"event_name":"World of Goop","floor":3,"gold_loss":0},{"damage_healed":0,"gold_gain":0,"player_choice":"Upgraded","damage_taken":0,"max_hp_gain":0,"max_hp_loss":0,"event_name":"Upgrade Shrine","floor":14,"gold_loss":0,"cards_upgraded":["ThirdEye"]},{"damage_healed":0,"gold_gain":0,"player_choice":"Read","damage_taken":0,"max_hp_gain":0,"max_hp_loss":0,"event_name":"The Library","floor":22,"gold_loss":0,"cards_obtained":["MasterReality"]},{"damage_healed":0,"gold_gain":0,"player_choice":"Opened","damage_taken":0,"relics_obtained":["Boot"],"max_hp_gain":0,"max_hp_loss":0,"event_name":"The Mausoleum","floor":29,"gold_loss":0},{"damage_healed":0,"gold_gain":0,"player_choice":"1 cards matched","damage_taken":0,"max_hp_gain":0,"max_hp_loss":0,"event_name":"Match and Keep!","floor":36,"gold_loss":0,"cards_obtained":["Decay"]},{"damage_healed":0,"gold_gain":0,"player_choice":"1 cards matched","damage_taken":0,"max_hp_gain":0,"max_hp_loss":0,"event_name":"Match and Keep!","floor":36,"gold_loss":0,"cards_obtained":["Decay"]},{"damage_healed":0,"gold_gain":0,"player_choice":"Fight","damage_taken":0,"max_hp_gain":0,"max_hp_loss":0,"event_name":"MindBloom","floor":45,"gold_loss":0},{"damage_healed":0,"gold_gain":0,"player_choice":"Fight","damage_taken":0,"max_hp_gain":0,"max_hp_loss":0,"event_name":"Mysterious Sphere","floor":47,"gold_loss":0},{"damage_healed":27,"gold_gain":0,"player_choice":"Writhe","damage_taken":0,"max_hp_gain":0,"max_hp_loss":0,"event_name":"Winding Halls","floor":48,"gold_loss":0,"cards_obtained":["Writhe"]}],"is_beta":false,"boss_relics":[{"not_picked":["SacredBark","Runic Dome"],"picked":"Calling Bell"},{"not_picked":["VioletLotus","Runic Pyramid"],"picked":"HolyWater"}],"items_purged_floors":[46],"is_endless":false,"potions_floor_spawned":[1,10,11,20,21,24,33,39,41,45],"ascension_level":0}}