{"host":"enmin8e0t0h2jpek","time":1612875945,"event":{"mods":["AchievementEnabler","BaseMod","BetterRewards","Colored Map","Colored Powertips","DeckTracker","Gremlin Skip","Highlight Path","Minty Spire (QoL Compilation)","Quick Restart","Rare Cards Sparkle","Relic Stats","Remove Card Discount Mod","Replay The Spire","Shop Mod","StSLib","SuperFastMode","Transform Curses","slay the spire mod where everything is the same but ironclad has a cowboy hat"],"gold_per_floor":[111,124,137,147,147,147,181,59,86,86,106,126,142,160,160,264,264,284,300,92,112,56,56,89,89,89,89,101,116,116,116,126,143,143,143,143],"floor_reached":35,"language":"DEU","playtime":1764,"items_purged":["Searing Blow","Bash"],"score":410,"play_id":"5b18fc7c-15a6-451e-bc04-c479611ee876","local_time":"20210209140545","is_ascension_mode":false,"campfire_choices":[{"data":"Anger","floor":6,"key":"SMITH"},{"data":"Heavy Blade","floor":15,"key":"SMITH"},{"floor":23,"key":"REST"},{"data":"Demon Form","floor":25,"key":"SMITH"},{"data":"Heavy Blade","floor":27,"key":"SMITH"},{"floor":34,"key":"DIG"}],"circlet_count":0,"master_deck":["Strike_R","Strike_R","Strike_R","Strike_R","Strike_R","Defend_R","Defend_R+1","Defend_R","Defend_R+1","Iron Wave+1","Spot Weakness","Heavy Blade+1","Anger","Cleave","Anger+1","Heavy Blade+1","Run Through+1","Swift Strike","Anger","ReplayTheSpireMod:Muscle Training","ReplayTheSpireMod:LeadingStrike","Demon Form+1","Spot Weakness+1","Anger","Bandage Up","Anger","Trip","Heavy Blade","Iron Wave","ReplayTheSpireMod:Muscle Training","Bloodletting+1","Flex"],"relics":["Burning Blood","Simple Rune","Gremlin Horn","Nunchaku","Vajra","Velvet Choker","MerchantsRug","Golden Egg","Omamori"],"acts_visited":["Exordium","TheCity"],"potions_floor_usage":[],"damage_taken":[{"damage":6,"enemies":"Cultist","floor":1,"turns":3},{"damage":0,"enemies":"Small Slimes","floor":2,"turns":2},{"damage":1,"enemies":"2 Louse","floor":3,"turns":2},{"damage":4,"enemies":"Red Slaver","floor":4,"turns":3},{"damage":22,"enemies":"3 Sentries","floor":7,"turns":5},{"damage":1,"enemies":"2 Fungi Beasts","floor":11,"turns":2},{"damage":0,"enemies":"Blue Slaver","floor":12,"turns":3},{"damage":1,"enemies":"3 Louse","floor":13,"turns":2},{"damage":1,"enemies":"2 Fungi Beasts","floor":14,"turns":2},{"damage":42,"enemies":"The Guardian","floor":16,"turns":7},{"damage":15,"enemies":"Chosen","floor":18,"turns":5},{"damage":6,"enemies":"3 Byrds","floor":19,"turns":5},{"damage":34,"enemies":"Centurion and Healer","floor":21,"turns":4},{"damage":16,"enemies":"Replay:Snechameleon","floor":24,"turns":4},{"damage":1,"enemies":"3 Cultists","floor":28,"turns":3},{"damage":15,"enemies":"Snake Plant","floor":29,"turns":3},{"damage":16,"enemies":"Centurion and Healer","floor":32,"turns":4},{"damage":16,"enemies":"3 Cultists","floor":33,"turns":5},{"damage":61,"enemies":"Collector","floor":35,"turns":5}],"seed_played":"-479478066129746384","potions_obtained":[{"floor":2,"key":"PowerPotion"},{"floor":4,"key":"Dexterity Potion"},{"floor":7,"key":"Block Potion"},{"floor":12,"key":"BlessingOfTheForge"},{"floor":21,"key":"LiquidMemories"},{"floor":28,"key":"Adrenaline Potion"},{"floor":29,"key":"AttackPotion"}],"is_trial":false,"path_per_floor":["M","M","M","M","?","R","E","$","T","?","M","M","M","M","R","B",null,"M","M","$","M","$","R","E","R","T","R","M","M","PTL","PTL","M","M","R_BF","B"],"character_chosen":"IRONCLAD","items_purchased":["Simple Rune","Iron Wave+1","Spot Weakness","Heavy Blade","Anger","Gremlin Horn","Run Through+1","Swift Strike","Bandage Up","MerchantsRug","Trip"],"campfire_rested":1,"item_purchase_floors":[0,0,0,0,0,0,8,8,20,20,22],"current_hp_per_floor":[80,80,80,80,80,80,64,64,64,64,69,75,80,80,80,44,80,71,71,71,43,43,67,57,57,57,57,66,61,61,61,51,45,45,0,0],"gold":143,"neow_bonus":"","is_daily":false,"chose_seed":false,"campfire_upgraded":4,"win_rate":0.0,"timestamp":1612875945,"path_taken":["M","M","?","M","?","R","E","$","T","?","M","?","M","M","R","BOSS","M","M","$","M","$","R","E","R","T","R","M","M","PTL","PTL","M","M","R_BF","BOSS"],"items_purchased_type":["Relic","Card","Card","Card","Card","Relic","Card","Card","Card","Relic","Card"],"build_version":"2020-12-22","purchased_purges":2,"victory":false,"max_hp_per_floor":[80,80,80,80,80,80,80,80,80,80,80,80,80,80,80,80,80,80,80,80,80,80,80,80,80,80,80,80,80,80,80,80,80,80,80,80],"relic_stats":{"Nunchaku":[14],"Gremlin Horn":[29,30],"counters":[53,139],"obtain_stats":[{"Golden Egg":0,"Ginger":0,"Whetstone":0,"Sling":0,"Replay:Wanted Poster":34,"MealTicket":9,"HandDrill":0,"Replay:Bottled Flurry":12,"Replay:Wax Seal":0,"Replay:Bottled Steam":26,"MerchantsRug":0,"Pear":23,"Counterbalance":0,"ReplayTheSpireMod:Ring of Addiction":52,"Velvet Choker":17,"Pen Nib":0,"Bird Faced Urn":0,"Unceasing Top":0,"Abe\u0027s Treasure":17,"Regal Pillow":0,"Lantern":53,"Torii":0,"StoneCalendar":0,"Blue Doll":46,"Bag of Preparation":0,"Replay:Multitool":0,"Ancient Tea Set":0,"Burning Blood":0,"Pet Ghost":0,"BranchBurnRelic":49,"Matryoshka":8,"Toolbox":0,"WingedGreaves":0,"Chemical X":0,"Replay:Bottled Eggs":0,"InkBottle":0,"Potion Belt":52,"Lee\u0027s Waffle":0,"Self Forming Clay":0,"Thread and Needle":0,"Omamori":0,"Frozen Egg 2":42,"Ornamental Fan":54,"Orrery":0,"Durian":0,"Garlic":0,"Champion Belt":0,"ReplayTheSpireMod:Lightbulb":44,"Toy Ornithopter":0,"Ice Cream":0,"Calipers":0,"Gremlin Horn":28,"Vajra":9,"Centennial Puzzle":0,"HornCleat":28,"Prayer Wheel":0,"Girya":0,"Ring of Hypnosis":52,"Dead Branch":0,"Oddly Smooth Stone":19,"Letter Opener":0,"War Paint":0,"Du-Vu Doll":0,"OrangePellets":0,"Replay:Baseball":0,"ReplayTheSpireMod:Spearhead":0,"Brimstone":10,"Bronze Scales":10,"Simple Rune":0,"Mirror":0,"Pocketwatch":0,"Meat on the Bone":0,"ReplayFunnel":0,"PrismaticShard":53,"ClockworkSouvenir":0,"Frozen Eye":0,"Replay:Bandana":0,"Nunchaku":7,"TheAbacus":0,"Mummified Hand":0,"Tiny Chest":19,"Replay:Bottled Snecko":37,"Red Skull":0,"BargainBundle":0,"ReplayTheSpireMod:Ninjato":30,"Guide Book":0,"Replay:WaspNest":43,"Orichalcum":0,"Medical Kit":0,"White Beast Statue":52,"Mercury Hourglass":40,"Peace Pipe":0,"Strange Spoon":0,"Cauldron":0,"CaptainsWheel":0,"Anchor":10,"Another Sword":0,"Snack Pack":0,"FossilizedHelix":53,"ReplayTheSpireMod:ShopPack":0},{"Golden Egg":0,"Ginger":0,"Whetstone":0,"Sling":0,"Replay:Wanted Poster":22,"MealTicket":7,"HandDrill":0,"Replay:Bottled Flurry":9,"Replay:Wax Seal":0,"Replay:Bottled Steam":18,"MerchantsRug":0,"Pear":17,"Counterbalance":0,"ReplayTheSpireMod:Ring of Addiction":32,"Velvet Choker":44,"Pen Nib":0,"Bird Faced Urn":0,"Unceasing Top":0,"Abe\u0027s Treasure":12,"Regal Pillow":0,"Lantern":32,"Torii":0,"StoneCalendar":0,"Blue Doll":30,"Bag of Preparation":0,"Replay:Multitool":0,"Ancient Tea Set":0,"Burning Blood":0,"Pet Ghost":0,"BranchBurnRelic":31,"Matryoshka":7,"Toolbox":0,"WingedGreaves":0,"Chemical X":0,"Replay:Bottled Eggs":0,"InkBottle":0,"Potion Belt":32,"Lee\u0027s Waffle":0,"Self Forming Clay":0,"Thread and Needle":0,"Omamori":0,"Frozen Egg 2":28,"Ornamental Fan":33,"Orrery":0,"Durian":0,"Garlic":0,"Champion Belt":0,"ReplayTheSpireMod:Lightbulb":29,"Toy Ornithopter":0,"Ice Cream":0,"Calipers":0,"Gremlin Horn":18,"Vajra":39,"Centennial Puzzle":0,"HornCleat":18,"Prayer Wheel":0,"Girya":0,"Ring of Hypnosis":32,"Dead Branch":0,"Oddly Smooth Stone":13,"Letter Opener":0,"War Paint":0,"Du-Vu Doll":0,"OrangePellets":0,"Replay:Baseball":0,"ReplayTheSpireMod:Spearhead":0,"Brimstone":7,"Bronze Scales":7,"Simple Rune":34,"Mirror":0,"Pocketwatch":0,"Meat on the Bone":0,"ReplayFunnel":0,"PrismaticShard":32,"ClockworkSouvenir":0,"Frozen Eye":0,"Replay:Bandana":0,"Nunchaku":39,"TheAbacus":0,"Mummified Hand":0,"Tiny Chest":13,"Replay:Bottled Snecko":23,"Red Skull":0,"BargainBundle":0,"ReplayTheSpireMod:Ninjato":20,"Guide Book":0,"Replay:WaspNest":28,"Orichalcum":0,"Medical Kit":0,"White Beast Statue":32,"Mercury Hourglass":26,"Peace Pipe":0,"Strange Spoon":0,"Cauldron":0,"CaptainsWheel":0,"Anchor":7,"Another Sword":0,"Snack Pack":0,"FossilizedHelix":32,"ReplayTheSpireMod:ShopPack":0},{"Golden Egg":0,"Ginger":0,"Whetstone":0,"Sling":0,"Replay:Wanted Poster":37,"MealTicket":11,"HandDrill":0,"Replay:Bottled Flurry":13,"Replay:Wax Seal":0,"Replay:Bottled Steam":29,"MerchantsRug":0,"Pear":28,"Counterbalance":0,"ReplayTheSpireMod:Ring of Addiction":64,"Velvet Choker":101,"Pen Nib":0,"Bird Faced Urn":0,"Unceasing Top":0,"Abe\u0027s Treasure":19,"Regal Pillow":0,"Lantern":64,"Torii":0,"StoneCalendar":0,"Blue Doll":54,"Bag of Preparation":0,"Replay:Multitool":0,"Ancient Tea Set":0,"Burning Blood":0,"Pet Ghost":0,"BranchBurnRelic":59,"Matryoshka":11,"Toolbox":0,"WingedGreaves":0,"Chemical X":0,"Replay:Bottled Eggs":0,"InkBottle":0,"Potion Belt":64,"Lee\u0027s Waffle":0,"Self Forming Clay":0,"Thread and Needle":0,"Omamori":0,"Frozen Egg 2":50,"Ornamental Fan":66,"Orrery":0,"Durian":0,"Garlic":0,"Champion Belt":0,"ReplayTheSpireMod:Lightbulb":53,"Toy Ornithopter":0,"Ice Cream":0,"Calipers":0,"Gremlin Horn":29,"Vajra":85,"Centennial Puzzle":0,"HornCleat":29,"Prayer Wheel":0,"Girya":0,"Ring of Hypnosis":64,"Dead Branch":0,"Oddly Smooth Stone":21,"Letter Opener":0,"War Paint":0,"Du-Vu Doll":0,"OrangePellets":0,"Replay:Baseball":0,"ReplayTheSpireMod:Spearhead":0,"Brimstone":11,"Bronze Scales":11,"Simple Rune":70,"Mirror":0,"Pocketwatch":0,"Meat on the Bone":0,"ReplayFunnel":0,"PrismaticShard":64,"ClockworkSouvenir":0,"Frozen Eye":0,"Replay:Bandana":0,"Nunchaku":85,"TheAbacus":0,"Mummified Hand":0,"Tiny Chest":21,"Replay:Bottled Snecko":38,"Red Skull":0,"BargainBundle":0,"ReplayTheSpireMod:Ninjato":32,"Guide Book":0,"Replay:WaspNest":50,"Orichalcum":0,"Medical Kit":0,"White Beast Statue":64,"Mercury Hourglass":44,"Peace Pipe":0,"Strange Spoon":0,"Cauldron":0,"CaptainsWheel":0,"Anchor":11,"Another Sword":0,"Snack Pack":0,"FossilizedHelix":64,"ReplayTheSpireMod:ShopPack":0}],"Burning Blood":128},"card_choices":[{"not_picked":["Iron Wave","Perfected Strike"],"picked":"Cleave","floor":1},{"not_picked":["True Grit","Body Slam","Havoc"],"picked":"SKIP","floor":2},{"not_picked":["Armaments","Havoc"],"picked":"Anger","floor":3},{"not_picked":["Fiend Fire","Rupture"],"picked":"Searing Blow","floor":4},{"not_picked":["Barricade","Replay:Undeath\u0027s Touch"],"picked":"Heavy Blade","floor":7},{"not_picked":["Body Slam","Run Through"],"picked":"Anger","floor":11},{"not_picked":["Metallicize","Rage"],"picked":"ReplayTheSpireMod:Muscle Training","floor":12},{"not_picked":["True Grit","ReplayTheSpireMod:Strike From Hell","Battle Trance"],"picked":"SKIP","floor":13},{"not_picked":["Burning Pact","Fiend Fire"],"picked":"ReplayTheSpireMod:LeadingStrike","floor":14},{"not_picked":["Immolate","Impervious"],"picked":"Demon Form","floor":16},{"not_picked":["Heavy Blade+1","ReplayTheSpireMod:Stacked+1"],"picked":"Spot Weakness+1","floor":18},{"not_picked":["Perfected Strike+1","ReplayTheSpireMod:Strike From Hell"],"picked":"Anger","floor":19},{"not_picked":["Entrench","Wild Strike"],"picked":"Anger","floor":21},{"not_picked":["Abandon","Pommel Strike"],"picked":"Heavy Blade","floor":24},{"not_picked":["Fiend Fire","Replay:Undeath\u0027s Touch"],"picked":"Iron Wave","floor":28},{"not_picked":["Armaments","Pommel Strike"],"picked":"ReplayTheSpireMod:Muscle Training","floor":29},{"not_picked":["Pommel Strike","Pummel"],"picked":"Bloodletting+1","floor":32},{"not_picked":["Replay:Undeath\u0027s Touch","Clash"],"picked":"Flex","floor":33}],"player_experience":71805,"relics_obtained":[{"floor":7,"key":"Nunchaku"},{"floor":9,"key":"Vajra"},{"floor":24,"key":"Golden Egg"},{"floor":26,"key":"Omamori"}],"event_choices":[{"damage_healed":0,"gold_gain":0,"player_choice":"Leave","damage_taken":0,"max_hp_gain":0,"max_hp_loss":0,"event_name":"The Cleric","floor":5,"gold_loss":0},{"damage_healed":0,"gold_gain":0,"player_choice":"Bought 0 Potions","damage_taken":0,"max_hp_gain":0,"max_hp_loss":0,"event_name":"The Woman in Blue","floor":10,"gold_loss":0}],"is_beta":false,"boss_relics":[{"not_picked":["Runic Dome","Empty Cage"],"picked":"Velvet Choker"}],"items_purged_floors":[20,20],"is_endless":false,"potions_floor_spawned":[2,4,7,12,13,14,21,28,29,32],"killed_by":"Collector","ascension_level":0}}