{"host":"CarrotHands","time":1612847534,"event":{"mods":["BaseMod","Minty Spire (QoL Compilation)","Relic Stats","StSLib"],"gold_per_floor":[115,1,1,14,30,55,55,89,89,102,102,102,102,119,119,119,119],"floor_reached":16,"language":"ENG","playtime":527,"items_purged":[],"score":220,"play_id":"b71b287e-0c8c-4402-a81c-77cdfd211dfa","local_time":"20210208211214","is_ascension_mode":true,"campfire_choices":[{"floor":7,"key":"REST"},{"floor":13,"key":"REST"},{"floor":15,"key":"REST"}],"circlet_count":0,"master_deck":["AscendersBane","Strike_B","Strike_B","Strike_B","Strike_B","Defend_B","Defend_B","Defend_B","Defend_B","Zap","Dualcast","Magnetism","Cold Snap","Ball Lightning","Sweeping Beam","Auto Shields","Creative AI+1","Force Field","Rip and Tear"],"relics":["Cracked Core","Shuriken","DataDisk","Bottled Tornado"],"acts_visited":["Exordium"],"potions_floor_usage":[6,14,16],"damage_taken":[{"damage":4,"enemies":"Jaw Worm","floor":1,"turns":3},{"damage":7,"enemies":"Small Slimes","floor":4,"turns":3},{"damage":4,"enemies":"Cultist","floor":5,"turns":3},{"damage":28,"enemies":"Gremlin Nob","floor":6,"turns":4},{"damage":26,"enemies":"3 Sentries","floor":8,"turns":8},{"damage":8,"enemies":"Blue Slaver","floor":10,"turns":3},{"damage":21,"enemies":"Gremlin Gang","floor":14,"turns":5},{"damage":33,"enemies":"The Guardian","floor":16,"turns":2}],"seed_played":"-8560685386152146291","potions_obtained":[{"floor":10,"key":"DuplicationPotion"},{"floor":14,"key":"FearPotion"}],"is_trial":false,"path_per_floor":["M","$","?","M","M","E","R","E","T","M","?","?","R","M","R","B"],"character_chosen":"DEFECT","items_purchased":["Ball Lightning","FearPotion"],"campfire_rested":3,"item_purchase_floors":[2,2],"current_hp_per_floor":[60,60,60,53,49,21,40,14,14,6,6,6,25,4,23,0,0],"gold":119,"neow_bonus":"RANDOM_COLORLESS_2","is_daily":false,"chose_seed":false,"campfire_upgraded":0,"win_rate":0.0,"timestamp":1612847534,"path_taken":["M","$","?","M","M","E","R","E","T","M","?","?","R","M","R","BOSS"],"items_purchased_type":["Card","Potion"],"build_version":"2020-12-18","purchased_purges":0,"victory":false,"max_hp_per_floor":[64,64,64,64,64,64,64,64,64,64,64,64,64,64,64,64,64],"relic_stats":{"counters":[8,31],"Shuriken":[0],"obtain_stats":[{"DataDisk":8,"Shuriken":6,"Bottled Tornado":9,"Cracked Core":0},{"DataDisk":5,"Shuriken":4,"Bottled Tornado":5,"Cracked Core":0},{"DataDisk":21,"Shuriken":13,"Bottled Tornado":21,"Cracked Core":0}]},"card_choices":[{"not_picked":["Sadistic Nature","Secret Weapon"],"picked":"Magnetism","floor":0},{"not_picked":["Gash","Redo"],"picked":"Cold Snap","floor":1},{"not_picked":["Leap","Compile Driver"],"picked":"Sweeping Beam","floor":4},{"not_picked":["Turbo","Heatsinks"],"picked":"Auto Shields","floor":5},{"not_picked":["Sweeping Beam","Stack","Beam Cell"],"picked":"SKIP","floor":6},{"not_picked":["Stack","Gash"],"picked":"Creative AI","floor":8},{"not_picked":["Loop","Go for the Eyes"],"picked":"Force Field","floor":10},{"not_picked":["Recycle","Redo"],"picked":"Rip and Tear","floor":14}],"player_experience":3123433,"relics_obtained":[{"floor":6,"key":"Shuriken"},{"floor":8,"key":"DataDisk"},{"floor":9,"key":"Bottled Tornado"}],"event_choices":[{"damage_healed":0,"gold_gain":0,"player_choice":"Ignored","damage_taken":0,"max_hp_gain":0,"max_hp_loss":0,"event_name":"Liars Game","floor":3,"gold_loss":0},{"damage_healed":0,"gold_gain":0,"player_choice":"Grow","damage_taken":0,"max_hp_gain":0,"max_hp_loss":0,"event_name":"Living Wall","floor":11,"gold_loss":0,"cards_upgraded":["Creative AI"]},{"damage_healed":0,"gold_gain":0,"player_choice":"Ignored","damage_taken":0,"max_hp_gain":0,"max_hp_loss":0,"event_name":"Shining Light","floor":12,"gold_loss":0}],"is_beta":true,"boss_relics":[],"items_purged_floors":[],"is_endless":false,"potions_floor_spawned":[10,14],"killed_by":"The Guardian","ascension_level":20}}