{"host":"0kwl2uefibxd2nsv","time":1612883865,"event":{"mods":["Act Like it!","Aspiration","BaseMod","Better Note","BetterRewards","DeckTracker","Googly Eyes","Minty Spire (QoL Compilation)","Reliquary","Shop Mod","StS++","StSLib"],"gold_per_floor":[117,130,130,143,143,143,163,18,18,30,30,30],"floor_reached":11,"language":"ENG","playtime":201,"items_purged":[],"score":98,"play_id":"b2fa93df-9905-4285-820d-64ef42147b88","local_time":"20210209161745","is_ascension_mode":true,"campfire_choices":[{"data":"Body Slam","floor":6,"key":"SMITH"}],"circlet_count":0,"master_deck":["AscendersBane","Strike_R","Strike_R","Strike_R","Strike_R","Strike_R","Defend_R","Defend_R","Defend_R","Defend_R","Bash","Cleave","Body Slam+1","Spot Weakness","Shrug It Off","Power Through","Iron Wave","Sword Boomerang","Armaments"],"relics":["Burning Blood","NeowsBlessing","Orrery","reliquary:Knoch"],"acts_visited":["Exordium"],"potions_floor_usage":[],"damage_taken":[{"damage":0,"enemies":"Small Slimes","floor":1,"turns":1},{"damage":0,"enemies":"Cultist","floor":2,"turns":1},{"damage":0,"enemies":"2 Louse","floor":4,"turns":1},{"damage":27,"enemies":"Exordium Thugs","floor":7,"turns":6},{"damage":1,"enemies":"Looter","floor":10,"turns":4},{"damage":11,"enemies":"Gremlin Nob","floor":11,"turns":4}],"seed_played":"9152931787601966740","potions_obtained":[{"floor":2,"key":"StSpp:ScatteredWeakPotion"},{"floor":4,"key":"DistilledChaos"},{"floor":7,"key":"LiquidBronze"}],"is_trial":false,"path_per_floor":["M","M","?","M","?","R","M","$","T","M","E"],"character_chosen":"IRONCLAD","items_purchased":["Orrery"],"campfire_rested":0,"item_purchase_floors":[8],"current_hp_per_floor":[78,80,80,80,72,72,51,51,51,56,45,45],"gold":30,"neow_bonus":"THREE_ENEMY_KILL","is_daily":false,"chose_seed":false,"campfire_upgraded":1,"win_rate":0.0,"timestamp":1612883865,"path_taken":["M","M","?","?","?","R","?","$","T","?","E"],"items_purchased_type":["Relic"],"build_version":"2020-12-22","purchased_purges":0,"victory":false,"max_hp_per_floor":[80,80,80,80,80,80,80,80,80,80,80,80],"card_choices":[{"not_picked":["StSpp:Succumb","Dark Embrace"],"picked":"Cleave","floor":1},{"not_picked":["Dark Embrace","Bloodletting","Havoc"],"picked":"SKIP","floor":2},{"not_picked":["Dropkick","StSpp:Succumb"],"picked":"Body Slam","floor":4},{"not_picked":["StSpp:TheBiggerTheyAre","Clash"],"picked":"Spot Weakness","floor":7},{"not_picked":["Spot Weakness","Disarm"],"picked":"Shrug It Off","floor":8},{"not_picked":["Blood for Blood","StSpp:Betrayal"],"picked":"Power Through","floor":8},{"not_picked":["Perfected Strike","Twin Strike"],"picked":"Iron Wave","floor":8},{"not_picked":["Clash","Pommel Strike"],"picked":"Sword Boomerang","floor":8},{"not_picked":["Body Slam","Thunderclap"],"picked":"Armaments","floor":8},{"not_picked":["Hemokinesis","Seeing Red","Warcry"],"picked":"SKIP","floor":10}],"player_experience":2025762,"relics_obtained":[{"floor":9,"key":"reliquary:Knoch"}],"event_choices":[{"cards_removed":["Cleave"],"damage_healed":0,"gold_gain":0,"player_choice":"Give","damage_taken":0,"max_hp_gain":0,"max_hp_loss":0,"event_name":"betterNote:BetterNote","floor":3,"gold_loss":0,"cards_obtained":["None"]},{"damage_healed":0,"gold_gain":0,"player_choice":"Damaged","damage_taken":8,"max_hp_gain":0,"max_hp_loss":0,"event_name":"Wheel of Change","floor":5,"gold_loss":0}],"is_beta":false,"boss_relics":[],"items_purged_floors":[],"is_endless":false,"potions_floor_spawned":[2,4,7],"killed_by":"Gremlin Nob","ascension_level":10}}