{"host":"x000krxjblg8jdg4","time":1612875852,"event":{"mods":["BaseMod","Downfall","Hermit","Minty Spire (QoL Compilation)","StSLib","The Cursed","The Runesmith","The Servant 0.9.4"],"gold_per_floor":[99,115,134,134,145,172,172,189,218,18,3,23,123,139,159,263,263,263,273,273,289,105,105,105,139,139,157,171,171,25,42,42,42],"floor_reached":32,"language":"ENG","playtime":2307,"items_purged":[],"score":324,"play_id":"5baa5b84-c6dc-48d4-9dba-14f94d3ede69","local_time":"20210209110412","is_ascension_mode":false,"campfire_choices":[{"floor":1,"key":"RECALL"},{"floor":10,"key":"REST"},{"data":"Barricade","floor":18,"key":"SMITH"},{"data":"Rampage","floor":23,"key":"SMITH"}],"circlet_count":0,"master_deck":["Strike_R+1","Strike_R+1","Strike_R+1","Strike_R+1","Strike_R+1","Defend_R+1","Defend_R+1","Defend_R+1","Defend_R+1","Bash","Flex","Inflame","Cleave","Metallicize","Evolve","Rampage+1","Thunderclap","Clash","Anger","Inflame","Perfected Strike","Barricade+1","CurseOfTheBell","Flex+1","Metallicize","Reckless Charge","Twin Strike","Limit Break","Wild Strike","Wild Strike+1","Rampage","Writhe","Iron Wave+1","Enlightenment","Armaments","Twin Strike"],"relics":["Burning Blood","Question Card","MealTicket","downfall:HeartBlessingRed","downfall:HeartBlessingBlue","Toy Ornithopter","Calling Bell","Art of War","Sundial","FossilizedHelix","Singing Bowl","CaptainsWheel","Nunchaku","Potion Belt"],"acts_visited":["Exordium","TheCity"],"potions_floor_usage":[6,16,16,16,19,30],"damage_taken":[{"damage":2,"enemies":"2 Louse","floor":2,"turns":3},{"damage":6,"enemies":"Cultist","floor":3,"turns":3},{"damage":1,"enemies":"Jaw Worm","floor":5,"turns":4},{"damage":22,"enemies":"3 Sentries","floor":6,"turns":4},{"damage":11,"enemies":"Red Slaver","floor":8,"turns":3},{"damage":22,"enemies":"Gremlin Nob","floor":9,"turns":5},{"damage":5,"enemies":"downfall:FleeingMerchant","floor":11,"turns":4},{"damage":11,"enemies":"2 Fungi Beasts","floor":12,"turns":4},{"damage":67,"enemies":"downfall:LadyInBlue","floor":13,"turns":12},{"damage":16,"enemies":"Exordium Wildlife","floor":14,"turns":2},{"damage":12,"enemies":"Looter","floor":15,"turns":3},{"damage":30,"enemies":"Hexaghost","floor":16,"turns":7},{"damage":48,"enemies":"3 Byrds","floor":19,"turns":4},{"damage":5,"enemies":"Chosen","floor":21,"turns":3},{"damage":3,"enemies":"downfall:FleeingMerchant","floor":22,"turns":4},{"damage":48,"enemies":"Gremlin Leader","floor":25,"turns":8},{"damage":16,"enemies":"Shelled Parasite and Fungi","floor":27,"turns":7},{"damage":7,"enemies":"Snake Plant","floor":28,"turns":4},{"damage":16,"enemies":"downfall:FleeingMerchant","floor":30,"turns":4},{"damage":21,"enemies":"Centurion and Healer","floor":31,"turns":5},{"damage":24,"enemies":"Shelled Parasite and Fungi","floor":32,"turns":2}],"seed_played":"-372641732479432467","potions_obtained":[{"floor":5,"key":"SkillPotion"},{"floor":8,"key":"Swift Potion"},{"floor":9,"key":"Regen Potion"},{"floor":12,"key":"sneckomod:MuddlingPotion"},{"floor":13,"key":"Strength Potion"},{"floor":13,"key":"BloodPotion"},{"floor":16,"key":"LiquidBronze"},{"floor":19,"key":"champ:CounterPotion"},{"floor":27,"key":"AttackPotion"},{"floor":31,"key":"Fire Potion"}],"is_trial":false,"path_per_floor":["R","M","M","?","M","E","T","M","E","R","$","M","?","M","M","B",null,"R","M","?","M","$","R","T","E","?","M","M","?","$","M","M"],"character_chosen":"IRONCLAD","items_purchased":["Twin Strike","Limit Break","Enlightenment","Armaments"],"campfire_rested":1,"item_purchase_floors":[22,22,30,30],"current_hp_per_floor":[88,88,88,88,88,72,72,67,51,90,98,93,32,22,16,41,98,98,61,61,62,80,80,80,38,38,28,27,27,37,22,0,0],"gold":42,"neow_bonus":"TEN_PERCENT_HP_BONUS","is_daily":false,"chose_seed":false,"campfire_upgraded":2,"win_rate":0.0,"timestamp":1612875852,"path_taken":["R","M","M","?","M","E","T","M","E","R","$","M","?","M","M","BOSS","R","M","?","M","$","R","T","E","?","?","M","?","?","M","M"],"items_purchased_type":["Card","Card","Card","Card"],"build_version":"2020-12-22","purchased_purges":0,"victory":false,"max_hp_per_floor":[88,88,88,88,88,88,88,88,88,98,98,98,98,98,98,98,98,98,98,98,98,98,98,98,98,98,98,98,98,98,98,98,98],"card_choices":[{"not_picked":["Ghostly Armor","Evolve"],"picked":"Flex","floor":2},{"not_picked":["Intimidate","Iron Wave"],"picked":"Inflame","floor":3},{"not_picked":["Power Through","Headbutt"],"picked":"Cleave","floor":5},{"not_picked":["Wild Strike","Cleave"],"picked":"Metallicize","floor":6},{"not_picked":["Cleave","Pommel Strike","Barricade"],"picked":"Evolve","floor":8},{"not_picked":["Body Slam","Clothesline","Flex"],"picked":"Rampage","floor":9},{"not_picked":["Intimidate","Shockwave","Feel No Pain"],"picked":"Thunderclap","floor":11},{"not_picked":["Warcry","Juggernaut","Burning Pact"],"picked":"Clash","floor":12},{"not_picked":["Warcry","Cleave","Iron Wave"],"picked":"Anger","floor":13},{"not_picked":["True Grit","Flex","Anger"],"picked":"Inflame","floor":14},{"not_picked":["Clash","Headbutt","Fiend Fire"],"picked":"Perfected Strike","floor":15},{"not_picked":["Bludgeon","Juggernaut","Fiend Fire"],"picked":"Barricade","floor":16},{"not_picked":["Cleave+1","Combust","Sword Boomerang"],"picked":"Flex+1","floor":19},{"not_picked":["Clash+1","Twin Strike","Perfected Strike"],"picked":"Metallicize","floor":21},{"not_picked":["Sentinel","True Grit","Shrug It Off"],"picked":"Reckless Charge","floor":22},{"not_picked":["Corruption","Flex+1","Burning Pact"],"picked":"Wild Strike","floor":25},{"not_picked":["Ghostly Armor","Hemokinesis","Reckless Charge+1"],"picked":"Wild Strike+1","floor":27},{"not_picked":["Ghostly Armor+1","Thunderclap","Armaments"],"picked":"Rampage","floor":28},{"not_picked":["Battle Trance","Dark Embrace","Rampage"],"picked":"Iron Wave+1","floor":30},{"not_picked":["Feel No Pain","True Grit","Intimidate+1"],"picked":"Twin Strike","floor":31}],"player_experience":105160,"relics_obtained":[{"floor":6,"key":"Question Card"},{"floor":9,"key":"MealTicket"},{"floor":13,"key":"Toy Ornithopter"},{"floor":17,"key":"Art of War"},{"floor":17,"key":"Sundial"},{"floor":17,"key":"FossilizedHelix"},{"floor":24,"key":"Singing Bowl"},{"floor":25,"key":"CaptainsWheel"},{"floor":26,"key":"Nunchaku"}],"event_choices":[{"damage_healed":0,"gold_gain":0,"player_choice":"Ignored","damage_taken":0,"max_hp_gain":0,"max_hp_loss":0,"event_name":"Liars Game","floor":4,"gold_loss":0},{"damage_healed":0,"gold_gain":0,"player_choice":"Simplicity","damage_taken":0,"max_hp_gain":0,"max_hp_loss":0,"event_name":"Back to Basics","floor":20,"gold_loss":0,"cards_upgraded":["Strike_R","Strike_R","Strike_R","Strike_R","Strike_R","Defend_R","Defend_R","Defend_R","Defend_R"]},{"damage_healed":0,"gold_gain":0,"player_choice":"Relic","damage_taken":0,"max_hp_gain":0,"max_hp_loss":0,"event_name":"Wheel of Change","floor":26,"gold_loss":0}],"is_beta":false,"boss_relics":[{"not_picked":["Snecko Eye","Coffee Dripper"],"picked":"Calling Bell"}],"items_purged_floors":[],"is_endless":false,"potions_floor_spawned":[5,8,9,12,16,19,27,31],"killed_by":"Shelled Parasite and Fungi","ascension_level":0}}