{"host":"pgxgichrafn85q5c","time":1612842486,"event":{"mods":["BaseMod","Colored Powertips","Highlight Path","Lobotomy","Minty Spire (QoL Compilation)","StSLib"],"gold_per_floor":[118,7,7,182,195,195,211,211,211,211,286,300,300,311,311,412,412,425,113,126,136,156,156,156],"floor_reached":23,"language":"ZHS","playtime":1020,"items_purged":["Defend_G","Regret"],"score":183,"play_id":"931a16b8-cd63-4111-9ac8-8c1637233d7b","local_time":"20210209114806","is_ascension_mode":false,"campfire_choices":[{"data":"Terror","floor":6.0,"key":"SMITH"},{"data":"Neutralize","floor":8.0,"key":"SMITH"},{"data":"Reflex","floor":10.0,"key":"SMITH"},{"floor":13.0,"key":"REST"},{"data":"Calculated Gamble","floor":15.0,"key":"SMITH"}],"circlet_count":0,"master_deck":["Strike_G","Strike_G","Strike_G","Strike_G","Strike_G","Defend_G","Defend_G","Defend_G","Defend_G","Survivor","Neutralize+1","Murderer","Dagger Throw","Doubt","Reflex+1","OSAHOGD","Noxious Fumes","Calculated Gamble+1","Funeral","Dagger Throw","QueenOfHatred","Bullet Time","LongBird","Bouncing Flask","Footwork","Dash","BodiesMountain","DespairKnight","Flechettes"],"relics":["Ring of the Snake","CogitoBucket","Kunai","Ornamental Fan","HoveringKite","TreeSap","Toolbox"],"acts_visited":["Exordium","TheCity"],"potions_floor_usage":[16,16,21,23],"damage_taken":[{"damage":2.0,"enemies":"Jaw Worm","floor":1.0,"turns":6.0},{"damage":8.0,"enemies":"2 Louse","floor":5.0,"turns":4.0},{"damage":2.0,"enemies":"Small Slimes","floor":7.0,"turns":3.0},{"damage":31.0,"enemies":"Exordium Wildlife","floor":12.0,"turns":6.0},{"damage":7.0,"enemies":"2 Fungi Beasts","floor":14.0,"turns":3.0},{"damage":36,"enemies":"Hexaghost","floor":16,"turns":13},{"damage":15,"enemies":"Shell Parasite","floor":18,"turns":5},{"damage":19,"enemies":"Chosen","floor":20,"turns":5},{"damage":28,"enemies":"Snecko","floor":21,"turns":6},{"damage":29,"enemies":"Snake Plant","floor":22,"turns":5},{"damage":19,"enemies":"Slavers","floor":23,"turns":1}],"seed_played":"4980269255646029528","potions_obtained":[{"floor":12.0,"key":"SteroidPotion"},{"floor":14.0,"key":"SteroidPotion"},{"floor":18,"key":"Strength Potion"},{"floor":20,"key":"EssenceOfSteel"},{"floor":22,"key":"Weak Potion"}],"is_trial":false,"path_per_floor":["M","$","?","?","M","R","M","R","T","R","?","M","R","M","R","B",null,"M","$","M","M","M","E"],"character_chosen":"THE_SILENT","items_purchased":["Terror","Footwork","Toolbox"],"campfire_rested":1,"item_purchase_floors":[2,19,19],"current_hp_per_floor":[68,68,68,68,60,60,58,58,58,58,47,16,37,30,30,27,70,56,56,45,24,3,0,0],"gold":156,"neow_bonus":"","is_daily":false,"chose_seed":false,"campfire_upgraded":4,"win_rate":0.0,"timestamp":1612842486,"path_taken":["M","$","?","?","M","R","M","R","T","R","?","M","R","?","R","BOSS","M","$","M","M","M","E"],"items_purchased_type":["Card","Card","Relic"],"build_version":"2020-12-22","purchased_purges":2,"victory":false,"max_hp_per_floor":[70,70,70,70,70,70,70,70,70,70,70,70,70,70,70,70,70,70,70,70,70,70,70,70],"card_choices":[{"not_picked":["BeautyBeast","Wellcheers"],"picked":"Murderer","floor":1.0},{"not_picked":["Slice","Cloak And Dagger"],"picked":"Dagger Throw","floor":1.0},{"not_picked":["BigBird","MHz","UniverseFragment"],"picked":"Singing Bowl","floor":5.0},{"not_picked":["Wellcheers","Scarecrow"],"picked":"CherryBlossoms","floor":5.0},{"not_picked":["Grand Finale","Deflect"],"picked":"Reflex","floor":5.0},{"not_picked":["PunishingBird","DreamingCurrent"],"picked":"OSAHOGD","floor":7.0},{"not_picked":["Underhanded Strike","Slice"],"picked":"Noxious Fumes","floor":7.0},{"not_picked":["Poisoned Stab","Endless Agony"],"picked":"Calculated Gamble","floor":12.0},{"not_picked":["SpiderBud","WallGazer"],"picked":"Funeral","floor":14.0},{"not_picked":["Cloak And Dagger","Endless Agony"],"picked":"Dagger Throw","floor":14.0},{"not_picked":["BeautyBeast","Alriune"],"picked":"QueenOfHatred","floor":16},{"not_picked":["Envenom","Doppelganger"],"picked":"Bullet Time","floor":16},{"not_picked":["WallGazer","LittlePrince"],"picked":"LongBird","floor":18},{"not_picked":["Blade Dance","Skewer"],"picked":"Bouncing Flask","floor":18},{"not_picked":["Leg Sweep","Footwork"],"picked":"Dash","floor":20},{"not_picked":["ShyLook","RedShoes"],"picked":"BodiesMountain","floor":21},{"not_picked":["Slice+1","Quick Slash","Dagger Throw+1"],"picked":"SKIP","floor":21},{"not_picked":["SpiderBud","Woodsman"],"picked":"DespairKnight","floor":22},{"not_picked":["Bouncing Flask","PiercingWail"],"picked":"Flechettes","floor":22}],"player_experience":167693,"relics_obtained":[{"floor":9.0,"key":"Ornamental Fan"}],"event_choices":[{"damage_healed":0.0,"max_hp_gain":0.0,"max_hp_loss":0.0,"gold_gain":0.0,"event_name":"Big Fish","player_choice":"Box","floor":3.0,"gold_loss":0.0,"damage_taken":0.0,"relics_obtained":["Kunai"],"cards_obtained":["Regret"]},{"damage_healed":0.0,"max_hp_gain":0.0,"max_hp_loss":0.0,"gold_gain":175.0,"event_name":"Liars Game","player_choice":"AGREE","floor":4.0,"gold_loss":0.0,"damage_taken":0.0,"cards_obtained":["Doubt"]},{"damage_healed":0.0,"max_hp_gain":0.0,"max_hp_loss":0.0,"gold_gain":75.0,"event_name":"World of Goop","player_choice":"Gather Gold","floor":11.0,"gold_loss":0.0,"damage_taken":11.0}],"is_beta":false,"boss_relics":[{"not_picked":["Velvet Choker","Tiny House"],"picked":"HoveringKite"}],"items_purged_floors":[2,19],"is_endless":false,"potions_floor_spawned":[12,14,18,20,22],"killed_by":"Slavers","ascension_level":0}}