{"host":"e1y4kviho5jwd7e6","time":1612831122,"event":{"mods":["Act Like it!","Aspiration","BaseMod","Better Altar","Better Match","Better Note","Better Skull","Better Synergies","Better Third Choice","BetterRewards","CCEM2","Colored Powertips","Communication Mod","Conjunction","Conspire","Downfall","Energized Spire","Exacting","GifTheSpireLib","Hubris","Hyrulean Relics","Minty Spire (QoL Compilation)","Quarter Circle Forward PUNCH!","Replay The Spire","Small Relic Pack","Spicy Shops","StSLib","Stuff the Spire","The Blue Laboratory","Transform Curses","Uncapped"],"gold_per_floor":[111,111,129,140,25,25,55,55,102,102,118,131,131,186,186,281,281,292,30,50,62,62,62,93,93,144,144,176,211,235,267,267,369,369,379,379,304,323,339,339,352,378,401,429,429,348,348,1,1,1],"floor_reached":51,"language":"ENG","playtime":1898,"items_purged":["Normality","Strike_G"],"score":1024,"play_id":"e25f928a-0c1a-4b5f-b6b9-c0a6278fa8c7","local_time":"20210208193842","is_ascension_mode":false,"campfire_choices":[{"floor":6,"key":"REST"},{"data":"Cloak And Dagger","floor":8,"key":"SMITH"},{"data":"Neutralize","floor":10,"key":"SMITH"},{"data":"Accuracy","floor":15,"key":"SMITH"},{"data":"Poisoned Stab","floor":23,"key":"SMITH"},{"data":"Blade Dance","floor":25,"key":"SMITH"},{"data":"Bane","floor":27,"key":"SMITH"},{"floor":32,"key":"DIG"},{"data":"Prepared","floor":40,"key":"SMITH"},{"data":"Footwork","floor":45,"key":"SMITH"},{"floor":49,"key":"REST"}],"circlet_count":0,"master_deck":["Strike_G","Strike_G","Strike_G","Strike_G","Defend_G","Defend_G","Defend_G","Defend_G","Defend_G","Survivor","Neutralize+1","Footwork+1","Cloak And Dagger+1","Deflect","Backflip","Blade Dance+1","Adrenaline","Accuracy+1","StuffTheSpire:DoubleShiv","Poisoned Stab+1","Bane+1","Blade Dance+1","Prepared+1","Offering+1","Acrobatics+1"],"relics":["Ring of the Snake","Replay:Wax Seal","qcfpunch:Unceasing_Flame","Mummified Hand","ReplayTheSpireMod:TigerMarble","StuffTheSpire:DarkSteelAnvil","Snake Skull","aspiration:HiddenCompartment","relicPack:OneForAll","Shuriken","StuffTheSpire:RubySignet","CCEMRelics:PorcelainBowl","qcfpunch:Red_Headband","PreservedInsect","qcfpunch:Handcuffs","CCEMRelics:FestiveHat","hubris:AstralHammer","hubris:Towel","Bottled Flame"],"acts_visited":["Exordium","TheCity","TheBeyond"],"potions_floor_usage":[1,16,16,20,21,33,33,33,50],"damage_taken":[{"damage":3,"enemies":"Jaw Worm","floor":1,"turns":3},{"damage":0,"enemies":"Cultist","floor":3,"turns":4},{"damage":0,"enemies":"2 Louse","floor":4,"turns":3},{"damage":15,"enemies":"Replay:BlueRogue","floor":7,"turns":6},{"damage":0,"enemies":"Looter","floor":11,"turns":2},{"damage":0,"enemies":"3 Louse","floor":12,"turns":2},{"damage":3,"enemies":"Lots of Slimes","floor":14,"turns":3},{"damage":0,"enemies":"Slime Boss","floor":16,"turns":7},{"damage":0,"enemies":"Chosen","floor":18,"turns":3},{"damage":3,"enemies":"2 Thieves","floor":20,"turns":2},{"damage":0,"enemies":"Snake Plant","floor":21,"turns":1},{"damage":0,"enemies":"Replay:Snechameleon","floor":24,"turns":2},{"damage":11,"enemies":"Snecko","floor":28,"turns":3},{"damage":0,"enemies":"conspire:HollyBat","floor":29,"turns":4},{"damage":6,"enemies":"Cultist and Chosen","floor":31,"turns":2},{"damage":36,"enemies":"Collector","floor":33,"turns":6},{"damage":0,"enemies":"3 Shapes","floor":35,"turns":3},{"damage":6,"enemies":"3 Darklings","floor":38,"turns":2},{"damage":6,"enemies":"Maw","floor":39,"turns":3},{"damage":6,"enemies":"4 Shapes","floor":41,"turns":3},{"damage":0,"enemies":"Nemesis","floor":42,"turns":1},{"damage":6,"enemies":"Writhing Mass","floor":44,"turns":2},{"damage":18,"enemies":"Donu and Deca","floor":50,"turns":4}],"seed_played":"1990654225293113583","potions_obtained":[{"floor":1,"key":"Explosive Potion"},{"floor":3,"key":"blueLaboratory:EnvenomedCoating"},{"floor":12,"key":"blueLaboratory:BottleOfVodka"},{"floor":14,"key":"FearPotion"},{"floor":16,"key":"champ:CounterPotion"},{"floor":18,"key":"ColorlessPotion"},{"floor":20,"key":"SteroidPotion"},{"floor":22,"key":"Slimebound:ThreeZeroPotion"},{"floor":41,"key":"blueLaboratory:LouseDecoction"},{"floor":42,"key":"DistilledChaos"},{"floor":44,"key":"blueLaboratory:EnvenomedCoating"}],"is_trial":false,"path_per_floor":["M","?","M","M","$","R","E","R","T","R","M","M","?","M","R","B",null,"M","$","M","M","?","R","E","R","T","R","M","M","T","M","R","B",null,"M","?","$","M","M","R","M","E","T","M","R","$","?","$","R","B",null],"character_chosen":"THE_SILENT","items_purchased":["Replay:Wax Seal","Footwork","Mummified Hand","Cloak And Dagger","blueLaboratory:FruitPunch","StuffTheSpire:DarkSteelAnvil","Shuriken","hubris:AstralHammer","Bottled Flame"],"campfire_rested":2,"item_purchase_floors":[0,0,0,0,0,5,19,46,48],"current_hp_per_floor":[44,44,44,44,44,65,50,50,50,50,50,60,60,57,57,72,72,72,72,69,69,69,69,69,69,69,69,58,58,58,52,52,18,72,73,73,73,67,61,61,55,55,55,49,49,49,49,49,70,52],"gold":1,"neow_bonus":"","is_daily":false,"chose_seed":false,"campfire_upgraded":8,"win_rate":0.0,"timestamp":1612831122,"path_taken":["M","?","?","M","$","R","E","R","T","R","M","M","?","M","R","BOSS","M","$","M","M","?","R","E","R","T","R","M","?","?","M","R","BOSS","M","?","$","?","M","R","M","E","T","M","R","$","?","$","R","BOSS"],"items_purchased_type":["Relic","Card","Relic","Card","Potion","Relic","Relic","Relic","Relic"],"build_version":"2020-12-22","purchased_purges":2,"victory":true,"max_hp_per_floor":[72,72,72,72,72,72,72,72,72,72,72,72,72,72,72,72,72,72,72,72,72,72,72,72,72,72,72,72,72,72,72,72,72,72,73,73,73,73,73,73,73,73,73,73,73,73,73,73,73,73],"card_choices":[{"not_picked":["StuffTheSpire:MirrorStance","conspire:PoisonWeapons"],"picked":"Deflect","floor":1},{"not_picked":["Underhanded Strike","Poisoned Stab"],"picked":"Backflip","floor":3},{"not_picked":["Prepared","Dagger Spray"],"picked":"Blade Dance","floor":4},{"not_picked":["Dagger Spray","StuffTheSpire:Injection"],"picked":"Adrenaline","floor":7},{"not_picked":["ReplayTheSpireMod:Exploit Weakness","hubris:SlightOfHand"],"picked":"Accuracy","floor":11},{"not_picked":["Deflect","hubris:SlightOfHand"],"picked":"StuffTheSpire:DoubleShiv","floor":12},{"not_picked":["StuffTheSpire:Sprint","StuffTheSpire:Injection"],"picked":"Poisoned Stab","floor":14},{"not_picked":["StuffTheSpire:DoubleShiv","Deadly Poison"],"picked":"Bane","floor":18},{"not_picked":["Sucker Punch+1","Flying Knee"],"picked":"Blade Dance+1","floor":20},{"not_picked":["Masterful Stab+1","PiercingWail","Underhanded Strike"],"picked":"SKIP","floor":21},{"not_picked":["StuffTheSpire:Incantation+1","Riddle With Holes","Predator"],"picked":"SKIP","floor":24},{"not_picked":["StuffTheSpire:Fury+1","Backstab","Poisoned Stab"],"picked":"SKIP","floor":28},{"not_picked":["Blade Dance","Dodge and Roll+1","Concentrate"],"picked":"SKIP","floor":29},{"not_picked":["Prepared","Replay:Poison Smokescreen","Blur"],"picked":"SKIP","floor":31},{"not_picked":["Replay:Poison Smokescreen","Blur"],"picked":"Prepared","floor":31},{"not_picked":["Dagger Throw","Skewer","Dagger Spray"],"picked":"SKIP","floor":35},{"not_picked":["Flechettes","Bane"],"picked":"Acrobatics+1","floor":38},{"not_picked":["Bane+1","StuffTheSpire:Fury","ReplayTheSpireMod:Speed Training+1"],"picked":"SKIP","floor":39},{"not_picked":["hubris:TrickCloak","Poisoned Stab","Prepared"],"picked":"SKIP","floor":41},{"not_picked":["ReplayTheSpireMod:Shiv Toss+1","Dodge and Roll+1","Dagger Throw+1"],"picked":"SKIP","floor":42},{"not_picked":["Impatience+1","ReplayTheSpireMod:Necrogeddon","Bandage Up+1"],"picked":"SKIP","floor":44},{"not_picked":["Bouncing Flask","StuffTheSpire:ClusterCrunch+1","Blade Dance"],"picked":"SKIP","floor":44}],"player_experience":957920,"relics_obtained":[{"floor":7,"key":"Snake Skull"},{"floor":9,"key":"aspiration:HiddenCompartment"},{"floor":24,"key":"StuffTheSpire:RubySignet"},{"floor":26,"key":"CCEMRelics:PorcelainBowl"},{"floor":30,"key":"qcfpunch:Red_Headband"},{"floor":32,"key":"PreservedInsect"},{"floor":42,"key":"qcfpunch:Handcuffs"},{"floor":43,"key":"CCEMRelics:FestiveHat"}],"event_choices":[{"damage_healed":0,"gold_gain":0,"player_choice":"Gave Potion","damage_taken":0,"relics_obtained":["ReplayTheSpireMod:TigerMarble"],"max_hp_gain":0,"max_hp_loss":0,"event_name":"WeMeetAgain","floor":2,"gold_loss":0},{"damage_healed":0,"gold_gain":0,"player_choice":"Got Potions","damage_taken":0,"max_hp_gain":0,"max_hp_loss":0,"event_name":"Lab","floor":22,"gold_loss":0},{"cards_removed":["Cloak And Dagger"],"damage_healed":0,"gold_gain":0,"player_choice":"Take \u0026 Give","damage_taken":0,"max_hp_gain":0,"max_hp_loss":0,"event_name":"betterNote:BetterNote","floor":36,"gold_loss":0,"cards_obtained":["Offering"]}],"is_beta":false,"boss_relics":[{"not_picked":["aspiration:IroncladSkillbook","CCEMRelics:GreenEgg","energizedSpire:EnergizedDie"]},{"not_picked":["energizedSpire:RedRose","CCEMRelics:TransientCore","hubris:GrandSneckoEye"]}],"items_purged_floors":[37,48],"is_endless":false,"potions_floor_spawned":[1,3,14,16,18,20,24,28,41,42,44],"ascension_level":0}}