{"host":"Lucas","time":1612904137,"event":{"mods":["BaseMod","Downfall","Minty Spire (QoL Compilation)","READ ME - Guardian Mod","StSLib","The Cursed","The Disciple","The Necromancer","The Servant 0.9.4"],"gold_per_floor":[99,112,112,123,74,91,115,130,130,156,187,199,199,184,198,297,297,297,308,148,148,198,248,303,336,336,396,163,182,182,147,200,303,303,303,354,47,128,128,1127,1127,1185,180,180,203,243,255,284,312,324],"floor_reached":51,"language":"ENG","playtime":3967,"items_purged":["Normality"],"score":872,"play_id":"3d120acf-198d-4d8a-9422-e0718dc56169","local_time":"20210209205537","is_ascension_mode":false,"campfire_choices":[{"data":"sneckomod:TailWhip","floor":1.0,"key":"SMITH"},{"floor":9.0,"key":"REST"},{"floor":13.0,"key":"REST"},{"data":"sneckomod:SnekBeam","floor":18.0,"key":"SMITH"},{"floor":26.0,"key":"REST"},{"floor":30.0,"key":"REST"},{"data":"sneckomod:SnekBeam","floor":35,"key":"SMITH"},{"floor":47,"key":"REST"}],"circlet_count":0,"master_deck":["sneckomod:TailWhip+1","sneckomod:SnekBite","sneckomod:Unknown","sneckomod:Unknown","sneckomod:WideSting","sneckomod:SerpentIdol","sneckomod:SerpentIdol","sneckomod:SlitherStrike","sneckomod:UnknownUncommonPower","sneckomod:SoulRoll","sneckomod:UnknownBlock","sneckomod:MorePower+1","sneckomod:UnknownBoss+1","sneckomod:UnknownExhaust","sneckomod:UnknownStrike+1","sneckomod:IronFang","sneckomod:UnknownRarePower+1","sneckomod:UnknownWeak","sneckomod:UnknownRarePower+1","sneckomod:UnknownRareAttack","sneckomod:ImprovisedAttack","sneckomod:UnknownWeak","sneckomod:UnknownCommonAttack","sneckomod:WideSting","sneckomod:SnekBeam+1","sneckomod:QuickBite","sneckomod:UnknownBoss+1","sneckomod:UnknownWeak","sneckomod:MorePower+1","sneckomod:Unknown0Cost","sneckomod:UnknownExhaust+1","sneckomod:UnknownCommonAttack","sneckomod:UnknownUncommonPower+1","sneckomod:ImprovisedGuard+1","sneckomod:Unknown3Cost+1","sneckomod:UnknownRareAttack+1","sneckomod:UnknownCommonSkill+1","sneckomod:Unknown1Cost+1","sneckomod:UnknownRarePower+1","sneckomod:UnknownClassWHITE+1","Guardian:Gem_Red","sneckomod:UnknownUncommonPower+1","Guardian:Gem_Red","sneckomod:UnknownVulnerable+1","sneckomod:SnekBeam+1","Dark Shackles","sneckomod:Unknown0Cost+1","sneckomod:UnknownClassBLUE","sneckomod:DiceBoulder","sneckomod:UnknownRarePower+1","sneckomod:UnknownUncommonPower+1","sneckomod:Unknown0Cost","sneckomod:UnknownUncommonAttack+1","sneckomod:UnknownRareSkill","sneckomod:UnknownRarePower+1","sneckomod:UnknownRareAttack+1","sneckomod:QuickBite+1","sneckomod:UnknownClassWHITE","sneckomod:UnknownBoss+1","sneckomod:SlitherStrike+1","sneckomod:ImprovisedAttack","sneckomod:UnknownVulnerable","sneckomod:Unknown3Cost","expansioncontent:QuickStudy","Dramatic Entrance","sneckomod:UnknownRarePower+1","Parasite","sneckomod:UnknownRareAttack+1"],"relics":["sneckomod:SneckoSoul","Omamori","Bag of Preparation","Odd Mushroom","Frozen Egg 2","Pandora\u0027s Box","Orrery","downfall:KnowingSkull","PreservedInsect","Letter Opener","Strange Spoon","HornCleat","Calling Bell","MealTicket","Singing Bowl","Peace Pipe","Mango","Matryoshka","sneckomod:SneckoCommon","Ancient Tea Set","Unceasing Top","MawBank","Nunchaku","Du-Vu Doll"],"acts_visited":["Exordium","TheCity","TheBeyond"],"potions_floor_usage":[49,50,50,50],"damage_taken":[{"damage":0.0,"enemies":"Cultist","floor":2.0,"turns":3.0},{"damage":6.0,"enemies":"Jaw Worm","floor":4.0,"turns":2.0},{"damage":0.0,"enemies":"downfall:FleeingMerchant","floor":5.0,"turns":4.0},{"damage":0.0,"enemies":"2 Louse","floor":6.0,"turns":1.0},{"damage":25.0,"enemies":"Exordium Thugs","floor":8.0,"turns":3.0},{"damage":39.0,"enemies":"The Mushroom Lair","floor":10.0,"turns":6.0},{"damage":18.0,"enemies":"3 Sentries","floor":11.0,"turns":5.0},{"damage":11.0,"enemies":"2 Fungi Beasts","floor":12.0,"turns":3.0},{"damage":0.0,"enemies":"downfall:FleeingMerchant","floor":14.0,"turns":4.0},{"damage":10.0,"enemies":"Large Slime","floor":15.0,"turns":4.0},{"damage":30.0,"enemies":"WA_ARCHETYPE_RETAIN","floor":16.0,"turns":11.0},{"damage":3.0,"enemies":"Spheric Guardian","floor":19.0,"turns":3.0},{"damage":5.0,"enemies":"downfall:FleeingMerchant","floor":20.0,"turns":4.0},{"damage":9.0,"enemies":"Snake Plant","floor":22.0,"turns":3.0},{"damage":33.0,"enemies":"Shelled Parasite and Fungi","floor":23.0,"turns":6.0},{"damage":16.0,"enemies":"Book of Stabbing","floor":25.0,"turns":4.0},{"damage":5.0,"enemies":"Snecko","floor":27.0,"turns":3.0},{"damage":0.0,"enemies":"downfall:FleeingMerchant","floor":28.0,"turns":1.0},{"damage":13.0,"enemies":"Sentry and Sphere","floor":29.0,"turns":4.0},{"damage":4.0,"enemies":"Chosen and Byrds","floor":32.0,"turns":4.0},{"damage":73.0,"enemies":"IC_MUSHROOM_ARCHETYPE","floor":33.0,"turns":8.0},{"damage":13,"enemies":"3 Darklings","floor":36,"turns":3},{"damage":3,"enemies":"Orb Walker","floor":42,"turns":3},{"damage":21,"enemies":"Nemesis","floor":46,"turns":5},{"damage":31,"enemies":"Transient","floor":48,"turns":5},{"damage":45,"enemies":"Writhing Mass","floor":49,"turns":6},{"damage":34,"enemies":"SI_POISON_ARCHETYPE","floor":50,"turns":14}],"seed_played":"8444946127982369349","potions_obtained":[{"floor":6.0,"key":"Dexterity Potion"},{"floor":8.0,"key":"SpeedPotion"},{"floor":10.0,"key":"sneckomod:MuddlingPotion"},{"floor":16.0,"key":"SteroidPotion"},{"floor":22.0,"key":"sneckomod:MuddlingPotion"},{"floor":25.0,"key":"FairyPotion"},{"floor":29.0,"key":"bronze:BurnAndBuffPotion"},{"floor":33.0,"key":"DuplicationPotion"},{"floor":42,"key":"Swift Potion"},{"floor":49,"key":"ColorlessPotion"}],"is_trial":false,"path_per_floor":["R","M","?","M","$","M","T","M","R","?","E","M","R","$","M","B",null,"R","M","$","?","M","M","T","E","R","M","$","M","R","$","M","B",null,"R","M","$","?","?","?","T","M","$","?","T","E","R","M","M","B",null],"character_chosen":"THE_SNECKO","items_purchased":["sneckomod:SlitherStrike","Orrery","Strange Spoon","sneckomod:SnekBeam","Dark Shackles","HornCleat","sneckomod:DiceBoulder","Mango","Unceasing Top","sneckomod:ImprovisedAttack","sneckomod:UnknownVulnerable","sneckomod:Unknown3Cost","CultistPotion","expansioncontent:QuickStudy","Dramatic Entrance"],"campfire_rested":5,"item_purchase_floors":[5,20,28,28,28,28,31,37,43,43,43,43,43,43,43],"current_hp_per_floor":[90,90,90,84,84,84,84,59,86,47,29,18,45,45,35,8,90,90,87,82,75,66,40,40,24,51,46,46,33,60,60,59,27,90,90,77,104,104,104,104,104,101,104,104,104,86,106,77,34,10],"gold":336,"neow_bonus":"RANDOM_COMMON_RELIC","is_daily":false,"chose_seed":false,"campfire_upgraded":3,"win_rate":0.0,"timestamp":1612904137,"path_taken":["R","M","?","M","$","M","T","?","R","?","E","M","R","$","M","BOSS","R","M","$","?","M","M","T","E","R","M","$","M","R","?","M","BOSS","R","M","$","?","?","?","T","M","$","?","?","E","R","M","M","BOSS"],"items_purchased_type":["Card","Relic","Relic","Card","Card","Relic","Card","Relic","Relic","Card","Card","Card","Potion","Card","Card"],"build_version":"2020-12-18","purchased_purges":1,"victory":true,"max_hp_per_floor":[90,90,90,90,90,90,90,90,90,90,90,90,90,90,90,90,90,90,90,90,90,90,90,90,90,90,90,90,90,90,90,90,90,90,90,90,104,104,104,104,104,104,104,104,104,106,106,108,110,110],"card_choices":[{"not_picked":["sneckomod:UnknownX","sneckomod:UnknownCommonSkill"],"picked":"sneckomod:WideSting","floor":2.0},{"not_picked":["sneckomod:UnknownUncommonSkill","sneckomod:UnknownX"],"picked":"sneckomod:SerpentIdol","floor":4.0},{"not_picked":["sneckomod:UnknownExhaust","sneckomod:SoulDraw"],"picked":"sneckomod:SerpentIdol","floor":5.0},{"not_picked":["sneckomod:QuickBite","sneckomod:SoulRoll"],"picked":"sneckomod:UnknownUncommonPower","floor":6.0},{"not_picked":["sneckomod:DiceBlock","sneckomod:UnknownCommonAttack"],"picked":"sneckomod:SoulRoll","floor":8.0},{"not_picked":["sneckomod:SoulDraw","sneckomod:Unknown1Cost"],"picked":"sneckomod:UnknownBlock","floor":10.0},{"not_picked":["sneckomod:SnekBeam","sneckomod:IronFang"],"picked":"sneckomod:MorePower+1","floor":11.0},{"not_picked":["sneckomod:UnknownCommonSkill+1","sneckomod:UnknownUncommonSkill+1"],"picked":"sneckomod:UnknownBoss+1","floor":12.0},{"not_picked":["sneckomod:SoulRoll","sneckomod:RainOfDice"],"picked":"sneckomod:UnknownExhaust","floor":12.0},{"not_picked":["sneckomod:Unknown2Cost+1","sneckomod:UnknownDraw+1"],"picked":"sneckomod:UnknownStrike+1","floor":14.0},{"not_picked":["sneckomod:Unknown0Cost","sneckomod:UnknownCommonSkill"],"picked":"sneckomod:IronFang","floor":14.0},{"not_picked":["sneckomod:UnknownX+1","sneckomod:UnknownCommonSkill+1"],"picked":"sneckomod:UnknownRarePower+1","floor":15.0},{"not_picked":["sneckomod:RainOfDice","sneckomod:DefensiveFlair"],"picked":"sneckomod:UnknownWeak","floor":15.0},{"not_picked":["sneckomod:UnknownUncommonAttack+1","sneckomod:Unknown2Cost+1"],"picked":"sneckomod:UnknownRarePower+1","floor":16.0},{"not_picked":["sneckomod:SerpentMind+1","sneckomod:UnlimitedRolls+1"],"picked":"sneckomod:UnknownRareAttack","floor":16.0},{"not_picked":["sneckomod:UnknownCommonAttack+1","sneckomod:UnknownClassBLUE+1"],"picked":"sneckomod:UnknownBoss+1","floor":19.0},{"not_picked":["sneckomod:TrashToTreasure","sneckomod:Unknown2Cost"],"picked":"sneckomod:UnknownWeak","floor":19.0},{"not_picked":["sneckomod:DiceBlock","sneckomod:DiceCrush"],"picked":"sneckomod:MorePower+1","floor":20.0},{"not_picked":["sneckomod:IronFang","sneckomod:SoulDraw"],"picked":"sneckomod:Unknown0Cost","floor":20.0},{"not_picked":["sneckomod:Unknown2Cost","sneckomod:IronFang"],"picked":"sneckomod:UnknownExhaust+1","floor":20.0},{"not_picked":["sneckomod:SoulRoll","sneckomod:QuickBite"],"picked":"sneckomod:UnknownCommonAttack","floor":20.0},{"not_picked":["sneckomod:IronFang","sneckomod:UnknownCommonAttack+1"],"picked":"sneckomod:UnknownUncommonPower+1","floor":20.0},{"not_picked":["sneckomod:WideSting","sneckomod:ImprovisedAttack"],"picked":"sneckomod:ImprovisedGuard+1","floor":20.0},{"not_picked":["sneckomod:UnknownClassWHITE+1","sneckomod:UnknownUncommonAttack+1"],"picked":"sneckomod:Unknown3Cost+1","floor":22.0},{"not_picked":["sneckomod:UnknownVulnerable+1","sneckomod:Unknown1Cost+1"],"picked":"sneckomod:UnknownRareAttack+1","floor":22.0},{"not_picked":["sneckomod:RainOfDice","sneckomod:UnknownClassBLUE"],"picked":"sneckomod:UnknownCommonSkill+1","floor":22.0},{"not_picked":["sneckomod:UnknownWeak+1","sneckomod:UnknownBoss+1"],"picked":"sneckomod:Unknown1Cost+1","floor":23.0},{"not_picked":["sneckomod:UnknownClassBLUE+1","sneckomod:UnknownDraw+1"],"picked":"sneckomod:UnknownRarePower+1","floor":23.0},{"not_picked":["sneckomod:UnknownDraw","sneckomod:UnknownClassGUARDIAN"],"picked":"sneckomod:UnknownClassWHITE+1","floor":23.0},{"not_picked":["Guardian:Gem_Lightblue","Guardian:Gem_Green"],"picked":"Guardian:Gem_Red","floor":25.0},{"not_picked":["sneckomod:ImprovisedAttack","sneckomod:Nope"],"picked":"sneckomod:Mudshield+1","floor":25.0},{"not_picked":["sneckomod:UnknownClassBLUE","sneckomod:UnknownStrike"],"picked":"sneckomod:UnknownUncommonPower+1","floor":27.0},{"not_picked":["Guardian:Gem_Lightblue","Guardian:Gem_Cyan"],"picked":"Guardian:Gem_Red","floor":28.0},{"not_picked":["sneckomod:DefensiveFlair","sneckomod:SoulDraw"],"picked":"sneckomod:UnknownVulnerable+1","floor":28.0},{"not_picked":["sneckomod:UnknownVulnerable+1","sneckomod:Unknown1Cost+1"],"picked":"sneckomod:Unknown0Cost+1","floor":29.0},{"not_picked":["sneckomod:RainOfDice+1","sneckomod:WideSting"],"picked":"sneckomod:UnknownClassBLUE","floor":29.0},{"not_picked":["sneckomod:UnknownCommonSkill+1","sneckomod:Unknown1Cost+1"],"picked":"sneckomod:UnknownRarePower+1","floor":32.0},{"not_picked":["sneckomod:UnknownClassWHITE+1","sneckomod:UnknownWeak+1"],"picked":"sneckomod:UnknownUncommonPower+1","floor":32.0},{"not_picked":["sneckomod:MasterEye+1","sneckomod:UnknownClassBLUE"],"picked":"sneckomod:Unknown0Cost","floor":32.0},{"not_picked":["sneckomod:UnknownClassWHITE+1","sneckomod:UnknownCommonAttack+1"],"picked":"sneckomod:UnknownUncommonAttack+1","floor":33.0},{"not_picked":["sneckomod:Restock","sneckomod:Unknown3Cost"],"picked":"sneckomod:UnknownRareSkill","floor":33.0},{"not_picked":["sneckomod:UnknownClassGUARDIAN+1","sneckomod:UnknownCommonSkill+1"],"picked":"sneckomod:UnknownRarePower+1","floor":36},{"not_picked":["sneckomod:UnknownCommonSkill+1","sneckomod:UnknownClassWHITE+1"],"picked":"sneckomod:UnknownRareAttack+1","floor":36},{"not_picked":["sneckomod:DefensiveFlair+1","sneckomod:UnknownWeak"],"picked":"sneckomod:QuickBite+1","floor":36},{"not_picked":["sneckomod:UnknownStrike+1","sneckomod:Unknown2Cost+1"],"picked":"sneckomod:UnknownBoss+1","floor":42},{"not_picked":["sneckomod:IronFang","sneckomod:UnknownDraw+1"],"picked":"sneckomod:SlitherStrike+1","floor":42},{"not_picked":["sneckomod:UnknownUncommonSkill+1","sneckomod:Unknown2Cost+1"],"picked":"sneckomod:UnknownRarePower+1","floor":46},{"not_picked":["sneckomod:DangerNoodle","sneckomod:UnknownUncommonPower+1","sneckomod:SlitherStrike"],"picked":"Singing Bowl","floor":46},{"not_picked":["sneckomod:QuickBite","sneckomod:DefensiveFlair","sneckomod:SoulRoll"],"picked":"Singing Bowl","floor":48},{"not_picked":["sneckomod:UnknownStrike+1","sneckomod:Unknown3Cost+1"],"picked":"sneckomod:UnknownRareAttack+1","floor":49},{"not_picked":["sneckomod:UnknownExhaust+1","sneckomod:SoulRoll+1","sneckomod:RainOfDice+1"],"picked":"Singing Bowl","floor":49}],"player_experience":1296943,"relics_obtained":[{"floor":7.0,"key":"Bag of Preparation"},{"floor":10.0,"key":"Odd Mushroom"},{"floor":11.0,"key":"Frozen Egg 2"},{"floor":24.0,"key":"PreservedInsect"},{"floor":25.0,"key":"Letter Opener"},{"floor":34,"key":"MealTicket"},{"floor":34,"key":"Singing Bowl"},{"floor":34,"key":"Peace Pipe"},{"floor":38,"key":"Matryoshka"},{"floor":41,"key":"sneckomod:SneckoCommon"},{"floor":41,"key":"Ancient Tea Set"},{"floor":45,"key":"MawBank"},{"floor":45,"key":"Nunchaku"},{"floor":46,"key":"Du-Vu Doll"}],"event_choices":[{"damage_healed":0.0,"max_hp_gain":0.0,"max_hp_loss":0.0,"gold_gain":0.0,"event_name":"NoteForYourself","player_choice":"Ignored","floor":3.0,"gold_loss":0.0,"damage_taken":0.0},{"damage_healed":0.0,"max_hp_gain":0.0,"max_hp_loss":0.0,"gold_gain":0.0,"event_name":"Mushrooms","player_choice":"Fought Mushrooms","floor":10.0,"gold_loss":0.0,"damage_taken":0.0},{"cards_removed":["sneckomod:Mudshield"],"damage_healed":0,"gold_gain":0,"player_choice":"Removed Power","damage_taken":0,"max_hp_gain":0,"max_hp_loss":0,"event_name":"Falling","floor":39,"gold_loss":0}],"is_beta":true,"boss_relics":[{"not_picked":["Empty Cage","Velvet Choker"],"picked":"Pandora\u0027s Box"},{"not_picked":["Cursed Key","Astrolabe"],"picked":"Calling Bell"}],"items_purged_floors":[43],"is_endless":false,"potions_floor_spawned":[6,8,10,16,22,25,29,32,33,42,48,49],"ascension_level":0}}