{"host":"51f0ad793vly1w6u","time":1612844844,"event":{"mods":["BaseMod","Colored Map","DeckTracker","Minty Spire (QoL Compilation)","Replay The Spire","StSLib","SuperFastMode"],"gold_per_floor":[116,133,133,11,25,25,36,36,111,111,11,21,31,31,31,133,133,146,146,49,49,49,49,61,94,94,94,125,0,0,0,0,103,103,113,113,123,141,160,160,10,43,43,72,88,122,133,133,133,133,133,133,46,80,80,80],"floor_reached":55,"language":"KOR","playtime":1051,"items_purged":["Strike_R","Defend_R","Strike_R","Defend_R"],"score":1041,"play_id":"97cfa2c9-609b-4a68-8dd4-500e6f279857","local_time":"20210209132724","is_ascension_mode":true,"campfire_choices":[{"data":"Body Slam","floor":6.0,"key":"SMITH"},{"data":"True Grit","floor":8.0,"key":"SMITH"},{"data":"Iron Wave","floor":10.0,"key":"SMITH"},{"data":"Flame Barrier","floor":15.0,"key":"SMITH"},{"data":"Body Slam","floor":23.0,"key":"SMITH"},{"data":"Juggernaut","floor":27.0,"key":"SMITH"},{"data":"Shockwave","floor":30.0,"key":"SMITH"},{"data":"Defend_R","floor":32.0,"key":"PURGE"},{"data":"Shrug It Off","floor":40.0,"key":"SMITH"},{"data":"Barricade","floor":49,"key":"SMITH"},{"data":"Shrug It Off","floor":52,"key":"SMITH"}],"circlet_count":1,"master_deck":["Defend_R","Bash+1","Body Slam+1","True Grit+1","Iron Wave+1","Battle Trance","Shrug It Off+1","Shrug It Off+1","Body Slam+1","Juggernaut+1","Shockwave+1","Feel No Pain+1","Barricade+1","Impatience"],"relics":["Burning Blood","Matryoshka","Empty Cage","Pen Nib","Sundial","Bottled Tornado","Anchor","Cursed Key","Circlet","CeramicFish","Ancient Tea Set","Garlic","ReplayTheSpireMod:Lightbulb"],"acts_visited":["Exordium","TheCity","TheBeyond","TheEnding"],"potions_floor_usage":[45,46,55,55],"damage_taken":[{"damage":5.0,"enemies":"Small Slimes","floor":1.0,"turns":4.0},{"damage":6.0,"enemies":"Cultist","floor":2.0,"turns":4.0},{"damage":7.0,"enemies":"Jaw Worm","floor":5.0,"turns":3.0},{"damage":23.0,"enemies":"Large Slime","floor":7.0,"turns":8.0},{"damage":0.0,"enemies":"2 Fungi Beasts","floor":12.0,"turns":4.0},{"damage":4.0,"enemies":"Looter","floor":13.0,"turns":3.0},{"damage":11.0,"enemies":"The Guardian","floor":16.0,"turns":9.0},{"damage":0.0,"enemies":"2 Thieves","floor":18.0,"turns":3.0},{"damage":0.0,"enemies":"Spheric Guardian","floor":24.0,"turns":3.0},{"damage":8.0,"enemies":"Slavers","floor":25.0,"turns":7.0},{"damage":21.0,"enemies":"Gremlin Leader","floor":28.0,"turns":5.0},{"damage":32.0,"enemies":"Collector","floor":33.0,"turns":7.0},{"damage":5.0,"enemies":"3 Darklings","floor":35.0,"turns":4.0},{"damage":0.0,"enemies":"Orb Walker","floor":37.0,"turns":3.0},{"damage":0.0,"enemies":"4 Shapes","floor":38.0,"turns":4.0},{"damage":17.0,"enemies":"Sphere and 2 Shapes","floor":39.0,"turns":4.0},{"damage":12.0,"enemies":"Nemesis","floor":42.0,"turns":5.0},{"damage":11,"enemies":"Reptomancer","floor":44,"turns":5},{"damage":10,"enemies":"Transient","floor":45,"turns":5},{"damage":0,"enemies":"Nemesis","floor":46,"turns":3},{"damage":0,"enemies":"Writhing Mass","floor":47,"turns":5},{"damage":0,"enemies":"Time Eater","floor":50,"turns":5},{"damage":63,"enemies":"Shield and Spear","floor":54,"turns":5},{"damage":46,"enemies":"The Heart","floor":55,"turns":2}],"seed_played":"-5464315386869349991","potions_obtained":[{"floor":7.0,"key":"SneckoOil"},{"floor":12.0,"key":"Explosive Potion"},{"floor":24.0,"key":"Fire Potion"},{"floor":25.0,"key":"BlessingOfTheForge"},{"floor":39.0,"key":"EssenceOfSteel"},{"floor":42.0,"key":"SmokeBomb"},{"floor":44,"key":"PowerPotion"},{"floor":47,"key":"Elixir"},{"floor":54,"key":"Strength Potion"}],"is_trial":false,"path_per_floor":["M","M","?","$","M","R","M","R","T","R","$","M","M","$","R","B",null,"M","?","$","?","?","R","M","E","T","R","E","$","R","?","R_BF","B",null,"M","?","M","M","M","R","$","E","T","E","M","E","M","T","R","B",null,"R","$","E","B"],"character_chosen":"IRONCLAD","items_purchased":["True Grit","Shrug It Off","Body Slam","Impatience"],"campfire_rested":0,"item_purchase_floors":[4,20,20,53],"current_hp_per_floor":[80,80,80,80,79,79,62,62,62,62,62,68,70,70,70,65,76,80,80,80,80,80,80,80,78,78,78,63,63,63,63,63,37,69,70,70,76,80,69,69,69,77,77,72,68,74,80,80,80,80,80,80,80,23,0,0],"gold":80,"neow_bonus":"UPGRADE_CARD","is_daily":false,"chose_seed":false,"campfire_upgraded":10,"win_rate":0.0,"timestamp":1612844844,"path_taken":["M","M","?","?","M","R","M","R","T","R","$","M","M","$","R","BOSS","M","?","?","?","?","R","M","E","T","R","E","?","R","?","R_BF","BOSS","M","?","M","M","?","R","$","E","T","E","M","E","M","?","R","BOSS","R","$","E","BOSS"],"items_purchased_type":["Card","Card","Card","Card"],"build_version":"2020-12-22","purchased_purges":4,"victory":false,"max_hp_per_floor":[80,80,80,80,80,80,80,80,80,80,80,80,80,80,80,80,80,80,80,80,80,80,80,80,80,80,80,80,80,80,80,80,80,80,80,80,80,80,80,80,80,80,80,80,80,80,80,80,80,80,80,80,80,80,80,80],"card_choices":[{"not_picked":["Warcry","Metallicize","Heavy Blade"],"picked":"SKIP","floor":1.0},{"not_picked":["ReplayTheSpireMod:Stacked","Clothesline"],"picked":"Body Slam","floor":2.0},{"not_picked":["Flex","Rage"],"picked":"Flame Barrier","floor":5.0},{"not_picked":["True Grit","Havoc"],"picked":"Iron Wave","floor":7.0},{"not_picked":["Dual Wield","Headbutt"],"picked":"Battle Trance","floor":12.0},{"not_picked":["Bloodletting","Exhume","Flex"],"picked":"SKIP","floor":13.0},{"not_picked":["Thunderclap","ReplayTheSpireMod:Strike From Hell"],"picked":"Shrug It Off","floor":18.0},{"not_picked":["Headbutt","Battle Trance","Replay:Undeath\u0027s Touch+1"],"picked":"SKIP","floor":24.0},{"not_picked":["Twin Strike","Uppercut+1"],"picked":"Juggernaut","floor":25.0},{"not_picked":["Replay:Undeath\u0027s Touch","Thunderclap"],"picked":"Shockwave","floor":28.0},{"not_picked":["Hemokinesis+1","Evolve"],"picked":"Feel No Pain+1","floor":35.0},{"not_picked":["Havoc","Warcry","Clash+1"],"picked":"SKIP","floor":37.0},{"not_picked":["Wild Strike+1","Intimidate+1","Rampage+1"],"picked":"SKIP","floor":38.0},{"not_picked":["Wild Strike+1","Heavy Blade+1","Cleave+1"],"picked":"SKIP","floor":39.0},{"not_picked":["Cleave","Impervious","Anger+1"],"picked":"SKIP","floor":42.0},{"not_picked":["ReplayTheSpireMod:Strike From Hell+1","Intimidate","Fire Breathing"],"picked":"SKIP","floor":44},{"not_picked":["Searing Blow","ReplayTheSpireMod:Strike From Hell+1","Uppercut+1"],"picked":"SKIP","floor":45},{"not_picked":["Brutality","Run Through+1"],"picked":"Barricade","floor":46},{"not_picked":["Wild Strike","Power Through","Whirlwind"],"picked":"SKIP","floor":47},{"not_picked":["ReplayReversal+1","Flex","Sword Boomerang"],"picked":"SKIP","floor":54}],"player_experience":1453455,"relics_obtained":[{"floor":9.0,"key":"Matryoshka"},{"floor":25.0,"key":"Pen Nib"},{"floor":26.0,"key":"Sundial"},{"floor":26.0,"key":"Bottled Tornado"},{"floor":28.0,"key":"Anchor"},{"floor":42.0,"key":"CeramicFish"},{"floor":44,"key":"Ancient Tea Set"},{"floor":46,"key":"Garlic"},{"floor":54,"key":"ReplayTheSpireMod:Lightbulb"}],"event_choices":[{"cards_removed":["Strike_R"],"damage_healed":0.0,"max_hp_gain":0.0,"max_hp_loss":0.0,"gold_gain":0.0,"event_name":"Purifier","player_choice":"Purged","floor":3.0,"gold_loss":0.0,"damage_taken":0.0},{"damage_healed":0.0,"max_hp_gain":0.0,"max_hp_loss":0.0,"gold_gain":0.0,"event_name":"Ghosts","player_choice":"Ignored","floor":22.0,"gold_loss":0.0,"damage_taken":0.0},{"damage_healed":0.0,"max_hp_gain":0.0,"max_hp_loss":0.0,"gold_gain":0.0,"event_name":"Vampires","player_choice":"Ignored","floor":31.0,"gold_loss":0.0,"damage_taken":0.0},{"cards_removed":["Flame Barrier"],"damage_healed":0.0,"max_hp_gain":0.0,"max_hp_loss":0.0,"gold_gain":0.0,"event_name":"WeMeetAgain","player_choice":"Gave Card","floor":36.0,"gold_loss":0.0,"damage_taken":0.0,"relics_obtained":["Dead Branch"]}],"is_beta":false,"boss_relics":[{"not_picked":["Runic Cube","Snecko Eye"],"picked":"Empty Cage"},{"not_picked":["Astrolabe","Mark of Pain"],"picked":"Cursed Key"}],"items_purged_floors":[4,11,29,41],"is_endless":false,"potions_floor_spawned":[7,12,24,25,39,42,44,47,54],"killed_by":"The Heart","ascension_level":5}}