{"host":"aapp7ew3jk5k1bvd","time":1612866810,"event":{"mods":["AchievementEnabler","BaseMod","Colored Map","Custom Start","Minty Spire (QoL Compilation)","Permanent Neow","StSLib","SuperFastMode"],"gold_per_floor":[110,121,121,121,121,157,170,189,189,202,202,127,140,158,158,279,279],"floor_reached":16,"language":"KOR","playtime":548,"items_purged":["Strike_B"],"score":154,"play_id":"d867b9b0-b80e-456b-8fc0-4646c8120ffb","local_time":"20210209193330","is_ascension_mode":false,"campfire_choices":[{"floor":11,"key":"REST"},{"floor":15,"key":"REST"}],"circlet_count":0,"master_deck":["Strike_B","Strike_B","Defend_B","Defend_B","Defend_B","Defend_B","Zap","Dualcast","Conserve Battery","Streamline","Coolheaded","Capacitor","Capacitor"],"relics":["Nuclear Battery","Golden Idol","Gremlin Horn","HornCleat"],"acts_visited":["Exordium"],"potions_floor_usage":[],"damage_taken":[{"damage":3.0,"enemies":"2 Louse","floor":1.0,"turns":3.0},{"damage":6,"enemies":"Jaw Worm","floor":2,"turns":3},{"damage":25,"enemies":"Lagavulin","floor":6,"turns":8},{"damage":0,"enemies":"Small Slimes","floor":7,"turns":3},{"damage":11,"enemies":"Exordium Wildlife","floor":8,"turns":4},{"damage":0,"enemies":"Large Slime","floor":10,"turns":6},{"damage":2,"enemies":"3 Louse","floor":13,"turns":5},{"damage":0,"enemies":"Exordium Wildlife","floor":14,"turns":5},{"damage":44,"enemies":"Hexaghost","floor":16,"turns":16}],"seed_played":"637970569455064518","potions_obtained":[{"floor":1.0,"key":"ColorlessPotion"},{"floor":8,"key":"Swift Potion"},{"floor":10,"key":"Block Potion"}],"is_trial":false,"path_per_floor":["M","M","?","?","?","E","M","M","T","M","R","$","M","M","R","B"],"character_chosen":"DEFECT","items_purchased":[],"campfire_rested":2,"item_purchase_floors":[],"current_hp_per_floor":[72,66,59,41,46,21,21,10,10,10,34,34,32,32,56,12,12],"gold":279,"neow_bonus":"BOSS_RELIC","is_daily":false,"chose_seed":false,"campfire_upgraded":0,"win_rate":0.0,"timestamp":1612866810,"path_taken":["M","M","?","?","?","E","M","M","T","M","R","$","M","M","R","BOSS"],"items_purchased_type":[],"build_version":"2020-12-22","purchased_purges":1,"victory":false,"max_hp_per_floor":[75,75,75,75,80,80,80,80,80,80,80,80,80,80,80,80,80],"card_choices":[{"not_picked":["Hello World","Steam"],"picked":"Conserve Battery","floor":1.0},{"not_picked":["Rip and Tear","Stack","Gash"],"picked":"SKIP","floor":2},{"not_picked":["Reinforced Body","Hologram"],"picked":"Streamline","floor":6},{"not_picked":["Barrage","Stack"],"picked":"Coolheaded","floor":7},{"not_picked":["Undo","Turbo"],"picked":"Capacitor","floor":8},{"not_picked":["Stack","Leap"],"picked":"Capacitor","floor":10},{"not_picked":["Barrage","Skim","Static Discharge"],"picked":"SKIP","floor":13},{"not_picked":["Barrage","Skim","Static Discharge"],"picked":"SKIP","floor":13},{"not_picked":["Capacitor","Leap","Genetic Algorithm"],"picked":"SKIP","floor":14}],"player_experience":1350267,"relics_obtained":[{"floor":6,"key":"Gremlin Horn"},{"floor":9,"key":"HornCleat"}],"event_choices":[{"cards_removed":["Strike_B"],"damage_healed":0,"gold_gain":0,"player_choice":"Card Removal","damage_taken":7,"max_hp_gain":0,"max_hp_loss":0,"event_name":"Golden Wing","floor":3,"gold_loss":0},{"damage_healed":0,"gold_gain":0,"player_choice":"Take Damage","damage_taken":18,"relics_obtained":["Golden Idol"],"max_hp_gain":0,"max_hp_loss":0,"event_name":"Golden Idol","floor":4,"gold_loss":0},{"damage_healed":0,"gold_gain":0,"player_choice":"Donut","damage_taken":0,"max_hp_gain":5,"max_hp_loss":0,"event_name":"Big Fish","floor":5,"gold_loss":0}],"is_beta":false,"boss_relics":[],"items_purged_floors":[12],"is_endless":false,"potions_floor_spawned":[1,8,10,13],"killed_by":"Hexaghost","ascension_level":0}}