{"host":"Teech","time":1612835245,"event":{"mods":["AchievementEnabler","BaseMod","Colored Map","Minty Spire (QoL Compilation)","Relic Stats","Slay the Relics Exporter","StSLib"],"gold_per_floor":[14,30,105,0,15,15,47,47,97,97,114,124,149,163,163,239,239,254,274,274,50,50,76,86,113,137,137,153,23,23,51,51,125,125,142,142,142,187,205,237,237,269,349,404,404,417,433,199,199,199,199,199,199,34,94,94,94],"floor_reached":56,"language":"ENG","playtime":3586,"items_purged":["Strike_B","Strike_B"],"score":2035,"play_id":"2694a7a4-ff0d-42cd-a57d-38f956a44a53","local_time":"20210208194725","is_ascension_mode":true,"campfire_choices":[{"data":"Rainbow","floor":6.0,"key":"SMITH"},{"floor":8.0,"key":"REST"},{"floor":15.0,"key":"REST"},{"floor":27.0,"key":"REST"},{"floor":30.0,"key":"REST"},{"floor":32.0,"key":"REST"},{"floor":41.0,"key":"REST"},{"floor":45.0,"key":"REST"},{"floor":49.0,"key":"RECALL"},{"data":"Echo Form","floor":53.0,"key":"SMITH"}],"circlet_count":0,"master_deck":["AscendersBane","Strike_B","Strike_B","Defend_B","Defend_B","Defend_B","Defend_B","Zap","Dualcast","Rainbow+1","Redo","Aggregate","Hologram","White Noise","Sweeping Beam","Go for the Eyes","Multi-Cast","Seek","Cold Snap","Electrodynamics","Genetic Algorithm","Hologram","Ghostly","Ghostly","Ghostly","Apotheosis","Recycle","Skim","Tempest+1","Conserve Battery","Echo Form+1","Ball Lightning","Chill","Steam Power","Chill","Fission","Doom and Gloom","HandOfGreed","Dramatic Entrance","Go for the Eyes+1","Buffer","Glacier","Defragment+1","Steam","Leap+1","Good Instincts","Redo","BootSequence"],"relics":["Cracked Core","Bag of Preparation","Boot","Orichalcum","Velvet Choker","Smiling Mask","WingedGreaves","DataDisk","StrikeDummy","SacredBark","Centennial Puzzle","MealTicket","Pocketwatch","Bottled Flame"],"acts_visited":["Exordium","TheCity","TheBeyond","TheEnding"],"potions_floor_usage":[56,56],"damage_taken":[{"damage":1.0,"enemies":"Cultist","floor":1.0,"turns":5.0},{"damage":5.0,"enemies":"Small Slimes","floor":2.0,"turns":3.0},{"damage":2.0,"enemies":"Jaw Worm","floor":5.0,"turns":4.0},{"damage":23.0,"enemies":"3 Sentries","floor":7.0,"turns":6.0},{"damage":5.0,"enemies":"2 Fungi Beasts","floor":11.0,"turns":5.0},{"damage":9.0,"enemies":"Looter","floor":12.0,"turns":4.0},{"damage":10.0,"enemies":"Lagavulin","floor":13.0,"turns":7.0},{"damage":8.0,"enemies":"Large Slime","floor":14.0,"turns":5.0},{"damage":24.0,"enemies":"Hexaghost","floor":16.0,"turns":9.0},{"damage":9.0,"enemies":"Chosen","floor":18.0,"turns":5.0},{"damage":7.0,"enemies":"Shell Parasite","floor":19.0,"turns":3.0},{"damage":10.0,"enemies":"Gremlin Leader","floor":23.0,"turns":5.0},{"damage":3.0,"enemies":"Snecko","floor":24.0,"turns":5.0},{"damage":19.0,"enemies":"Slavers","floor":25.0,"turns":6.0},{"damage":0.0,"enemies":"Cultist and Chosen","floor":28.0,"turns":5.0},{"damage":11.0,"enemies":"Book of Stabbing","floor":31.0,"turns":7.0},{"damage":1.0,"enemies":"Collector","floor":33.0,"turns":10.0},{"damage":3.0,"enemies":"Orb Walker","floor":35.0,"turns":4.0},{"damage":7.0,"enemies":"3 Shapes","floor":38.0,"turns":3.0},{"damage":0.0,"enemies":"Transient","floor":39.0,"turns":6.0},{"damage":10.0,"enemies":"Reptomancer","floor":40.0,"turns":7.0},{"damage":7.0,"enemies":"Nemesis","floor":42.0,"turns":8.0},{"damage":0.0,"enemies":"Reptomancer","floor":44.0,"turns":7.0},{"damage":0.0,"enemies":"Sphere and 2 Shapes","floor":46.0,"turns":4.0},{"damage":0.0,"enemies":"Spire Growth","floor":47.0,"turns":5.0},{"damage":15.0,"enemies":"Awakened One","floor":50.0,"turns":17.0},{"damage":12.0,"enemies":"Donu and Deca","floor":51.0,"turns":13.0},{"damage":9.0,"enemies":"Shield and Spear","floor":55.0,"turns":11.0},{"damage":30,"enemies":"The Heart","floor":56,"turns":11}],"seed_played":"4056116993717088331","potions_obtained":[{"floor":2.0,"key":"GamblersBrew"},{"floor":5.0,"key":"LiquidBronze"},{"floor":12.0,"key":"EntropicBrew"},{"floor":13.0,"key":"BlessingOfTheForge"},{"floor":14.0,"key":"DuplicationPotion"},{"floor":18.0,"key":"LiquidMemories"},{"floor":23.0,"key":"Weak Potion"},{"floor":28.0,"key":"SpeedPotion"},{"floor":31.0,"key":"Swift Potion"},{"floor":35.0,"key":"BlessingOfTheForge"},{"floor":38.0,"key":"FocusPotion"},{"floor":40.0,"key":"Dexterity Potion"},{"floor":42.0,"key":"EssenceOfSteel"},{"floor":44.0,"key":"FocusPotion"}],"is_trial":false,"path_per_floor":["M","M","?","$","M","R","E","R","T","?","M","M","E","M","R","B",null,"M","M","?","$","?","E","M","E","T","R","M","$","R","E","R","B",null,"M","?","?","M","M","E","R","E","T","E","R","M","M","$","R","B","B",null,"R","$","E","B"],"character_chosen":"DEFECT","items_purchased":["Hologram","Apotheosis","Recycle","Chill","Steam Power","Regen Potion","Good Instincts","Dexterity Potion","ColorlessPotion","Redo"],"campfire_rested":7,"item_purchase_floors":[4,21,21,29,29,48,48,54,54,54],"current_hp_per_floor":[63,58,47,47,45,45,22,43,43,43,38,29,19,11,32,8,55,46,39,35,35,35,25,22,3,3,13,13,13,23,12,22,21,32,29,24,24,17,17,7,17,10,10,10,20,20,20,35,35,35,23,32,32,35,26,0,0],"gold":94,"neow_bonus":"THREE_RARE_CARDS","is_daily":false,"chose_seed":false,"campfire_upgraded":2,"win_rate":0.0,"timestamp":1612835245,"path_taken":["M","?","?","$","M","R","E","R","T","?","M","M","E","M","R","BOSS","M","M","?","$","?","E","M","E","T","R","M","$","R","E","R","BOSS","M","?","?","?","M","E","R","E","T","E","R","M","M","$","R","BOSS","BOSS","R","$","E","BOSS"],"items_purchased_type":["Card","Card","Card","Card","Card","Potion","Card","Potion","Potion","Card"],"build_version":"2020-12-18","purchased_purges":2,"victory":false,"max_hp_per_floor":[71,71,71,71,71,71,71,71,71,71,71,71,71,71,71,71,71,71,71,35,35,35,35,35,35,35,35,35,35,35,35,35,35,35,35,35,35,35,35,35,35,35,35,35,35,35,35,35,35,35,35,35,35,35,35,35,35],"relic_stats":{"Centennial Puzzle":[15],"counters":[29,190],"MealTicket":18,"Bag of Preparation":[50],"Orichalcum":[258],"Boot":[99],"Smiling Mask":50,"obtain_stats":[{"SacredBark":34,"Velvet Choker":17,"Bag of Preparation":7,"Orichalcum":13,"Boot":9,"Smiling Mask":23,"DataDisk":26,"Centennial Puzzle":40,"Bottled Flame":55,"MealTicket":42,"WingedGreaves":25,"Cracked Core":0,"StrikeDummy":31,"Pocketwatch":44},{"SacredBark":17,"Velvet Choker":9,"Bag of Preparation":4,"Orichalcum":7,"Boot":4,"Smiling Mask":12,"DataDisk":14,"Centennial Puzzle":21,"Bottled Flame":28,"MealTicket":22,"WingedGreaves":14,"Cracked Core":0,"StrikeDummy":16,"Pocketwatch":23},{"SacredBark":94,"Velvet Choker":48,"Bag of Preparation":18,"Orichalcum":34,"Boot":18,"Smiling Mask":61,"DataDisk":72,"Centennial Puzzle":114,"Bottled Flame":179,"MealTicket":122,"WingedGreaves":72,"Cracked Core":0,"StrikeDummy":84,"Pocketwatch":129}],"Pocketwatch":[40]},"card_choices":[{"not_picked":["Fission","Machine Learning"],"picked":"Rainbow","floor":0.0},{"not_picked":["Leap","Go for the Eyes"],"picked":"Redo","floor":1.0},{"not_picked":["Compile Driver","Turbo"],"picked":"Aggregate","floor":2.0},{"not_picked":["Auto Shields","Redo"],"picked":"White Noise","floor":5.0},{"not_picked":["Redo","Steam"],"picked":"Sweeping Beam","floor":7.0},{"not_picked":["Blizzard","Rebound"],"picked":"Go for the Eyes","floor":11.0},{"not_picked":["Tempest","Redo"],"picked":"Multi-Cast","floor":12.0},{"not_picked":["Compile Driver","Sweeping Beam"],"picked":"Seek","floor":13.0},{"not_picked":["Sunder","Recycle"],"picked":"Cold Snap","floor":14.0},{"not_picked":["Thunder Strike","All For One"],"picked":"Electrodynamics","floor":16.0},{"not_picked":["Barrage","Sweeping Beam"],"picked":"Genetic Algorithm","floor":18.0},{"not_picked":["Streamline","Heatsinks"],"picked":"Hologram","floor":19.0},{"not_picked":["Reboot","Redo"],"picked":"Tempest+1","floor":23.0},{"not_picked":["Barrage","Turbo"],"picked":"Conserve Battery","floor":24.0},{"not_picked":["Hologram+1","Stack"],"picked":"Echo Form","floor":25.0},{"not_picked":["Redo","Auto Shields"],"picked":"Ball Lightning","floor":28.0},{"not_picked":["Barrage","Steam Power"],"picked":"Chill","floor":31.0},{"not_picked":["Multi-Cast","Thunder Strike"],"picked":"Fission","floor":33.0},{"not_picked":["Aggregate","Steam+1"],"picked":"Doom and Gloom","floor":35.0},{"not_picked":["Jack Of All Trades","Swift Strike"],"picked":"HandOfGreed","floor":36.0},{"not_picked":["Blind","Jack Of All Trades"],"picked":"Dramatic Entrance","floor":36.0},{"not_picked":["Ball Lightning","Barrage","Chill"],"picked":"SKIP","floor":38.0},{"not_picked":["Streamline","Lockon"],"picked":"Go for the Eyes+1","floor":39.0},{"not_picked":["Ball Lightning","Melter"],"picked":"Buffer","floor":40.0},{"not_picked":["Go for the Eyes","Darkness+1"],"picked":"Glacier","floor":42.0},{"not_picked":["Force Field","Sweeping Beam"],"picked":"Defragment+1","floor":44.0},{"not_picked":["Skim+1","Doom and Gloom"],"picked":"Steam","floor":46.0},{"not_picked":["Force Field+1","Chill"],"picked":"Leap+1","floor":47.0},{"not_picked":["Beam Cell","Stack+1"],"picked":"BootSequence","floor":55.0}],"player_experience":427461,"relics_obtained":[{"floor":7.0,"key":"Bag of Preparation"},{"floor":9.0,"key":"Boot"},{"floor":13.0,"key":"Orichalcum"},{"floor":23.0,"key":"Smiling Mask"},{"floor":25.0,"key":"WingedGreaves"},{"floor":26.0,"key":"DataDisk"},{"floor":31.0,"key":"StrikeDummy"},{"floor":40.0,"key":"Centennial Puzzle"},{"floor":42.0,"key":"MealTicket"},{"floor":44.0,"key":"Pocketwatch"},{"floor":55.0,"key":"Bottled Flame"}],"event_choices":[{"damage_healed":0.0,"max_hp_gain":0.0,"max_hp_loss":0.0,"gold_gain":75.0,"event_name":"World of Goop","player_choice":"Gather Gold","floor":3.0,"gold_loss":0.0,"damage_taken":11.0},{"damage_healed":0.0,"max_hp_gain":0.0,"max_hp_loss":0.0,"gold_gain":0.0,"event_name":"Dead Adventurer","player_choice":"Searched \u00270\u0027 times","floor":10.0,"gold_loss":0.0,"damage_taken":0.0},{"damage_healed":0.0,"max_hp_gain":0.0,"max_hp_loss":36.0,"gold_gain":0.0,"event_name":"Ghosts","player_choice":"Became a Ghost","floor":20.0,"gold_loss":0.0,"damage_taken":0.0,"cards_obtained":["Ghostly","Ghostly","Ghostly"]},{"damage_healed":0.0,"max_hp_gain":0.0,"max_hp_loss":0.0,"gold_gain":0.0,"event_name":"The Library","player_choice":"Read","floor":22.0,"gold_loss":0.0,"damage_taken":0.0,"cards_obtained":["Skim"]},{"damage_healed":0.0,"max_hp_gain":0.0,"max_hp_loss":0.0,"gold_gain":0.0,"event_name":"SensoryStone","player_choice":"Memory 2","floor":36.0,"gold_loss":0.0,"damage_taken":5.0},{"damage_healed":0.0,"max_hp_gain":0.0,"max_hp_loss":0.0,"gold_gain":0.0,"event_name":"Tomb of Lord Red Mask","player_choice":"Ignored","floor":37.0,"gold_loss":0.0,"damage_taken":0.0}],"is_beta":true,"boss_relics":[{"not_picked":["Coffee Dripper","Philosopher\u0027s Stone"],"picked":"Velvet Choker"},{"not_picked":["Runic Dome","Nuclear Battery"],"picked":"SacredBark"}],"items_purged_floors":[4,48],"is_endless":false,"potions_floor_spawned":[2,5,12,13,14,18,23,28,31,35,38,40,42,44],"killed_by":"The Heart","ascension_level":20}}