{"host":"kn32u0f2pym5bozc","time":1612893846,"event":{"mods":["2.2 Compatiblity","BaseMod","Better Third Choice","Minty Spire (QoL Compilation)","Permanent Neow","Relic Stats","StSLib","The Animator"],"gold_per_floor":[113,129,157,157,33,33,66,66,148,148,148,160,122,165,177,314,326,352,289,315,353,389,436,448,464,464],"floor_reached":25,"language":"ENG","playtime":1444,"items_purged":["animator:Strike"],"score":344,"play_id":"47f26890-f566-4108-8054-08b57d002b0a","local_time":"20210209130406","is_ascension_mode":true,"campfire_choices":[{"data":"animator:Mitsurugi","floor":6,"key":"SMITH"},{"floor":8,"key":"REST"},{"data":"animator:GuildGirl","floor":10,"key":"SMITH"},{"floor":15,"key":"REST"},{"floor":24,"key":"REST"}],"circlet_count":0,"master_deck":["AscendersBane","animator:Strike_Katanagatari","animator:Defend_Katanagatari","animator:Strike","animator:Defend","animator:Defend","animator:Azekura","animator:Emonzaemon+1","animator:GuildGirl+1","animator:Mitsurugi+1","animator:UneriGinkaku","animator:Hakurou","animator:ZankiKiguchi","animator:SilverFang","animator:Eve","animator:Mikaela","animator:Melzalgald","animator:Konayuki","animator:Saber"],"relics":["animator:LivingPicture","animator:TheMissingPiece","animator:PurgingStone","White Beast Statue","Question Card","MawBank","Vajra","Velvet Choker","Matryoshka"],"acts_visited":["Exordium","TheCity"],"potions_floor_usage":[7,20,22,23,25,25,25,25,25,25],"damage_taken":[{"damage":2,"enemies":"Jaw Worm","floor":1,"turns":5},{"damage":0,"enemies":"Small Slimes","floor":2,"turns":4},{"damage":6,"enemies":"2 Louse","floor":3,"turns":3},{"damage":34,"enemies":"Gremlin Nob","floor":7,"turns":4},{"damage":18,"enemies":"3 Sentries","floor":14,"turns":8},{"damage":30,"enemies":"Slime Boss","floor":16,"turns":10},{"damage":9,"enemies":"Shell Parasite","floor":18,"turns":5},{"damage":0,"enemies":"Chosen","floor":20,"turns":4},{"damage":3,"enemies":"Snecko","floor":21,"turns":3},{"damage":11,"enemies":"Snake Plant","floor":22,"turns":4},{"damage":41,"enemies":"Book of Stabbing","floor":23,"turns":5},{"damage":28,"enemies":"Slavers","floor":25,"turns":2}],"seed_played":"3491250326204046180","potions_obtained":[{"floor":2,"key":"BlessingOfTheForge"},{"floor":14,"key":"EssenceOfSteel"},{"floor":16,"key":"Swift Potion"},{"floor":18,"key":"EntropicBrew"},{"floor":20,"key":"DistilledChaos"},{"floor":21,"key":"Regen Potion"},{"floor":22,"key":"EssenceOfSteel"},{"floor":23,"key":"Strength Potion"}],"is_trial":false,"path_per_floor":["M","M","M","?","$","R","E","R","T","R","?","$","?","E","R","B",null,"M","?","M","M","M","E","R","E"],"character_chosen":"THE_ANIMATOR","items_purchased":["animator:Hakurou"],"campfire_rested":3,"item_purchase_floors":[5],"current_hp_per_floor":[57,57,51,56,56,56,23,44,44,44,32,32,32,14,35,5,55,46,46,46,43,32,3,24,0,0],"gold":464,"neow_bonus":"UPGRADE_CARD","is_daily":false,"chose_seed":false,"campfire_upgraded":2,"win_rate":0.0,"timestamp":1612893846,"path_taken":["M","M","M","?","$","R","E","R","T","R","?","?","?","E","R","BOSS","M","?","M","M","M","E","R","E"],"items_purchased_type":["Card"],"build_version":"2020-12-22","purchased_purges":1,"victory":false,"max_hp_per_floor":[66,66,66,71,71,71,72,72,72,72,72,72,72,72,72,72,72,72,72,72,72,72,72,72,72,72],"relic_stats":{"counters":[12,57],"Question Card":13,"MawBank":168,"obtain_stats":[{"Matryoshka":23,"animator:PurgingStone":0,"animator:TheMissingPiece":0,"Vajra":14,"Velvet Choker":17,"animator:LivingPicture":0,"Question Card":9,"MawBank":11,"White Beast Statue":7},{"Matryoshka":11,"animator:PurgingStone":0,"animator:TheMissingPiece":0,"Vajra":5,"Velvet Choker":6,"animator:LivingPicture":0,"Question Card":4,"MawBank":4,"White Beast Statue":4},{"Matryoshka":55,"animator:PurgingStone":0,"animator:TheMissingPiece":0,"Vajra":24,"Velvet Choker":34,"animator:LivingPicture":0,"Question Card":16,"MawBank":16,"White Beast Statue":16}]},"card_choices":[{"not_picked":["animator:DolaCouronne","animator:Kazuma"],"picked":"animator:GuildGirl","floor":1},{"not_picked":["animator:KyokoSakura","animator:NagisaMomoe"],"picked":"animator:Mitsurugi","floor":2},{"not_picked":["animator:Benimaru","animator:Guy"],"picked":"animator:UneriGinkaku","floor":3},{"not_picked":["animator:UneriGinkaku","animator:Azekura"],"picked":"animator:ZankiKiguchi","floor":7},{"not_picked":["animator:Alexander","animator:Shinoa","animator:SwordMaiden"],"picked":"animator:SilverFang","floor":14},{"not_picked":["animator:Elesis","animator:Albedo","animator:Gilgamesh"],"picked":"animator:Eve","floor":16},{"not_picked":["animator:YuiTsuruno+1","animator:MetalKnight","animator:CrowleyEusford"],"picked":"animator:Mikaela","floor":18},{"not_picked":["animator:Millim","animator:YaoHaDucy","animator:Illya"],"picked":"animator:Melzalgald","floor":20},{"not_picked":["animator:Emonzaemon","animator:UneriGinkaku","animator:Hitei"],"picked":"animator:Konayuki","floor":21},{"not_picked":["animator:EmiyaShirou+1","animator:Demiurge","animator:KyokoSakura","animator:Tyuule"],"picked":"SKIP","floor":22},{"not_picked":["animator:DolaSchwi","animator:Shion","animator:Raven"],"picked":"animator:Saber","floor":23}],"player_experience":930919,"relics_obtained":[{"floor":7,"key":"White Beast Statue"},{"floor":9,"key":"Question Card"},{"floor":14,"key":"Vajra"},{"floor":23,"key":"Matryoshka"}],"event_choices":[{"damage_healed":0,"gold_gain":0,"player_choice":"Donut","damage_taken":0,"max_hp_gain":5,"max_hp_loss":0,"event_name":"Big Fish","floor":4,"gold_loss":0},{"damage_healed":0,"gold_gain":1,"player_choice":"Relic ","damage_taken":12,"max_hp_gain":0,"max_hp_loss":0,"event_name":"betterThird:BetterScrap","floor":11,"gold_loss":0,"cards_obtained":["Doppelganger"]},{"cards_removed":["animator:Defend"],"damage_healed":0,"gold_gain":0,"player_choice":"Card Removal","damage_taken":0,"max_hp_gain":0,"max_hp_loss":0,"event_name":"The Cleric","floor":13,"gold_loss":50},{"cards_removed":["animator:Strike"],"damage_healed":0,"gold_gain":0,"player_choice":"Gave Gold","damage_taken":0,"max_hp_gain":0,"max_hp_loss":0,"event_name":"Beggar","floor":19,"gold_loss":75}],"is_beta":false,"boss_relics":[{"not_picked":["SlaversCollar","Empty Cage"],"picked":"Velvet Choker"}],"items_purged_floors":[5],"is_endless":false,"potions_floor_spawned":[2,14,16,18,20,21,22,23],"killed_by":"Slavers","ascension_level":10}}