{"host":"6xsbn6ynqlzwllfm","time":1612882664,"event":{"mods":["2.2 Compatiblity","BaseMod","Bestiary","Colored Map","Colored Powertips","Curses Come First","Highlight Path","Keyboard Shortcuts","Minty Spire (QoL Compilation)","Relic Stats","Slay the Relics Exporter","StSLib","SuperFastMode"],"gold_per_floor":[216,43,43,43,118,118,118],"floor_reached":6,"language":"ENG","playtime":797,"items_purged":[],"score":64,"play_id":"1d394d87-9c71-44a9-a7fe-236d5977fd7d","local_time":"20210209095744","is_ascension_mode":true,"campfire_choices":[],"circlet_count":0,"master_deck":["AscendersBane","Strike_R","Strike_R","Strike_R","Strike_R+1","Strike_R","Defend_R","Defend_R","Defend_R","Defend_R","Bash","Sword Boomerang","Bludgeon","Battle Trance","Seeing Red","Combust+1","Headbutt"],"relics":["Burning Blood","Orrery","Centennial Puzzle"],"acts_visited":["Exordium"],"potions_floor_usage":[],"damage_taken":[{"damage":7,"enemies":"Cultist","floor":1,"turns":4},{"damage":28,"enemies":"Lagavulin","floor":6,"turns":6}],"seed_played":"-2634938794458361815","potions_obtained":[],"is_trial":false,"path_per_floor":["M","$","?","?","?","E"],"character_chosen":"IRONCLAD","items_purchased":["Orrery"],"campfire_rested":0,"item_purchase_floors":[2],"current_hp_per_floor":[67,67,62,39,28,0,0],"gold":118,"neow_bonus":"HUNDRED_GOLD","is_daily":false,"chose_seed":false,"campfire_upgraded":0,"win_rate":0.0,"timestamp":1612882664,"path_taken":["M","?","?","?","?","E"],"items_purchased_type":["Relic"],"build_version":"2020-12-22","purchased_purges":0,"victory":false,"max_hp_per_floor":[75,75,75,75,75,75,75],"relic_stats":{"Centennial Puzzle":[3],"counters":[2,10],"obtain_stats":[{"Centennial Puzzle":3,"Orrery":2,"Burning Blood":0},{"Centennial Puzzle":1,"Orrery":1,"Burning Blood":0},{"Centennial Puzzle":4,"Orrery":4,"Burning Blood":0}],"Burning Blood":6},"card_choices":[{"not_picked":["Clothesline","Heavy Blade"],"picked":"Sword Boomerang","floor":1},{"not_picked":["Flex","Body Slam"],"picked":"Bludgeon","floor":2},{"not_picked":["Hemokinesis","Dropkick"],"picked":"Battle Trance","floor":2},{"not_picked":["Anger","Clothesline"],"picked":"Seeing Red","floor":2},{"not_picked":["Shrug It Off","Flex"],"picked":"Combust","floor":2},{"not_picked":["Intimidate","Metallicize"],"picked":"Headbutt","floor":2}],"player_experience":1402299,"relics_obtained":[],"event_choices":[{"damage_healed":0,"gold_gain":0,"player_choice":"Success","damage_taken":5,"relics_obtained":["Centennial Puzzle"],"max_hp_gain":0,"max_hp_loss":0,"event_name":"Scrap Ooze","floor":3,"gold_loss":0},{"damage_healed":0,"gold_gain":0,"player_choice":"Entered Light","damage_taken":23,"max_hp_gain":0,"max_hp_loss":0,"event_name":"Shining Light","floor":4,"gold_loss":0,"cards_upgraded":["Strike_R","Combust"]},{"damage_healed":0,"gold_gain":75,"player_choice":"Gather Gold","damage_taken":11,"max_hp_gain":0,"max_hp_loss":0,"event_name":"World of Goop","floor":5,"gold_loss":0}],"is_beta":false,"boss_relics":[],"items_purged_floors":[],"is_endless":false,"potions_floor_spawned":[],"killed_by":"Lagavulin","ascension_level":20}}