{"host":"126yiuos2nq86se7","time":1612841998,"event":{"mods":["AchievementEnabler","Act Like it!","BaseMod","BetterRewards","Colored Map","Colored Powertips","Friendly Minions","Highlight Path","Hubris","Minty Spire (QoL Compilation)","Reimu??????","Remilia??????","StSLib","SuperFastMode","The Animator"],"gold_per_floor":[112,112,127,141,66,66,96,96,121,121,137,150,168,191,191,315,315,284,7,7,7,27,27,62,134,181,192,192,208,12,32,32,131,131,142,142,157,57,67,67,77,77,77,0,0,17,30,0,0,0],"floor_reached":51,"language":"ENG","playtime":1603,"items_purged":["Strike_G","Strike_G","Strike_G"],"score":1040,"play_id":"2739618a-4aad-41e7-8926-1c46c4f80ecc","local_time":"20210209143958","is_ascension_mode":true,"campfire_choices":[{"floor":6,"key":"REST"},{"floor":15,"key":"REST"},{"data":"Well Laid Plans","floor":23,"key":"SMITH"},{"data":"Caltrops","floor":28,"key":"SMITH"},{"data":"Poisoned Stab","floor":32,"key":"SMITH"},{"data":"Deflect","floor":40,"key":"SMITH"},{"data":"Blur","floor":42,"key":"SMITH"},{"data":"Backflip","floor":45,"key":"SMITH"},{"data":"Crippling Poison","floor":49,"key":"SMITH"}],"circlet_count":0,"master_deck":["Strike_G","Strike_G","Defend_G","Defend_G","Defend_G","Defend_G","Survivor+1","Poisoned Stab+1","Deflect+1","Blur+1","Backflip+1","Crippling Poison+1","Bane","Deflect","animator:Sonic","Caltrops+1","hubris:DuctTapeCard","Deflect+1","Infinite Blades","Deadly Poison+1","Footwork+1","Bane+1","PiercingWail"],"relics":["Ring of the Snake","TheAbacus","hubris:OldNail","Bloody Idol","Strawberry","hubris:Towel","Busted Crown","War Paint","hubris:DuctTape","Pear","Juzu Bracelet","SlaversCollar","Frozen Egg 2","Red Mask"],"acts_visited":["Exordium","TheCity","TheBeyond"],"potions_floor_usage":[7,7,16,16,16,24,33,33,46,50,50],"damage_taken":[{"damage":0,"enemies":"2 Louse","floor":1,"turns":3},{"damage":0,"enemies":"Jaw Worm","floor":3,"turns":5},{"damage":1,"enemies":"Small Slimes","floor":4,"turns":4},{"damage":10,"enemies":"Gremlin Nob","floor":7,"turns":3},{"damage":3,"enemies":"3 Louse","floor":11,"turns":6},{"damage":0,"enemies":"Looter","floor":12,"turns":4},{"damage":2,"enemies":"Exordium Wildlife","floor":13,"turns":7},{"damage":0,"enemies":"Red Slaver","floor":14,"turns":5},{"damage":22,"enemies":"The Guardian","floor":16,"turns":10},{"damage":13,"enemies":"2 Thieves","floor":18,"turns":5},{"damage":5,"enemies":"3 Byrds","floor":22,"turns":7},{"damage":23,"enemies":"Slavers","floor":24,"turns":9},{"damage":4,"enemies":"Cultist and Chosen","floor":27,"turns":6},{"damage":0,"enemies":"Snake Plant","floor":29,"turns":5},{"damage":6,"enemies":"Shelled Parasite and Fungi","floor":31,"turns":6},{"damage":20,"enemies":"hubris:MusketHawk","floor":33,"turns":8},{"damage":7,"enemies":"3 Shapes","floor":35,"turns":7},{"damage":14,"enemies":"3 Darklings","floor":37,"turns":6},{"damage":6,"enemies":"Jaw Worm Horde","floor":39,"turns":5},{"damage":4,"enemies":"4 Shapes","floor":41,"turns":6},{"damage":0,"enemies":"Transient","floor":46,"turns":1},{"damage":0,"enemies":"Writhing Mass","floor":47,"turns":5},{"damage":30,"enemies":"Donu and Deca","floor":50,"turns":11}],"seed_played":"-6995192934518524603","potions_obtained":[{"floor":4,"key":"Fire Potion"},{"floor":11,"key":"PowerPotion"},{"floor":12,"key":"Block Potion"},{"floor":13,"key":"ColorlessPotion"},{"floor":14,"key":"Regen Potion"},{"floor":16,"key":"Dexterity Potion"},{"floor":24,"key":"GhostInAJar"},{"floor":29,"key":"EssenceOfSteel"},{"floor":31,"key":"SkillPotion"},{"floor":33,"key":"Dexterity Potion"},{"floor":35,"key":"SmokeBomb"},{"floor":41,"key":"LiquidBronze"},{"floor":47,"key":"Energy Potion"}],"is_trial":false,"path_per_floor":["M","?","M","M","$","R","E","?","T","?","M","M","M","M","R","B",null,"M","$","?","?","M","R","E","T","T","M","R","M","$","M","R","B",null,"M","?","M","NS","M","R","M","R","T","$","R","M","M","?","R","B",null],"character_chosen":"THE_SILENT","items_purchased":["Well Laid Plans","TheAbacus","Poison Potion","Deflect","War Paint","Infinite Blades","Footwork+1"],"campfire_rested":2,"item_purchase_floors":[0,0,0,19,19,30,44],"current_hp_per_floor":[63,49,49,48,48,69,59,42,49,49,46,46,44,44,67,57,77,64,64,64,64,64,64,46,61,66,67,67,72,72,71,71,56,87,85,88,79,79,78,78,79,79,79,79,79,84,89,89,89,59],"gold":0,"neow_bonus":"","is_daily":false,"chose_seed":false,"campfire_upgraded":7,"win_rate":0.0,"timestamp":1612841998,"path_taken":["M","?","M","M","$","R","E","?","T","?","M","M","M","M","R","BOSS","M","$","?","?","M","R","E","?","T","M","R","M","?","M","R","BOSS","M","?","M","NS","M","R","M","R","T","$","R","M","M","?","R","BOSS"],"items_purchased_type":["Card","Relic","Potion","Card","Relic","Card","Card"],"build_version":"2020-12-22","purchased_purges":3,"victory":true,"max_hp_per_floor":[70,70,70,70,70,70,70,70,77,77,77,77,77,77,77,77,77,77,77,77,77,77,77,77,87,87,87,87,87,87,87,87,87,87,87,90,90,90,90,90,90,90,90,90,90,90,90,90,90,90],"card_choices":[{"not_picked":["Sucker Punch","Poisoned Stab"],"picked":"Deadly Poison","floor":1},{"not_picked":["Prepared","Backflip"],"picked":"Poisoned Stab","floor":3},{"not_picked":["Wraith Form v2","Heel Hook"],"picked":"Deflect","floor":4},{"not_picked":["Reflex","Blade Dance"],"picked":"Blur","floor":7},{"not_picked":["Skewer","Outmaneuver"],"picked":"Backflip","floor":11},{"not_picked":["Prepared","Dagger Spray"],"picked":"Crippling Poison","floor":12},{"not_picked":["Acrobatics","hubris:SlightOfHand"],"picked":"Bane","floor":13},{"not_picked":["Endless Agony","Flechettes","Blade Dance"],"picked":"SKIP","floor":14},{"not_picked":["Setup"],"picked":"SKIP","floor":18},{"not_picked":[],"picked":"Caltrops","floor":22},{"not_picked":["Sucker Punch+1"],"picked":"SKIP","floor":24},{"not_picked":[],"picked":"Deflect+1","floor":27},{"not_picked":["Dash"],"picked":"SKIP","floor":29},{"not_picked":["Underhanded Strike"],"picked":"SKIP","floor":31},{"not_picked":["Well Laid Plans+1"],"picked":"SKIP","floor":35},{"not_picked":["hubris:SlightOfHand"],"picked":"SKIP","floor":37},{"not_picked":[],"picked":"Deadly Poison+1","floor":39},{"not_picked":["Deflect"],"picked":"SKIP","floor":41},{"not_picked":[],"picked":"Bane+1","floor":46},{"not_picked":[],"picked":"PiercingWail","floor":47}],"player_experience":1650926,"relics_obtained":[{"floor":7,"key":"hubris:OldNail"},{"floor":9,"key":"Strawberry"},{"floor":24,"key":"hubris:DuctTape"},{"floor":25,"key":"Pear"},{"floor":26,"key":"Juzu Bracelet"},{"floor":43,"key":"Frozen Egg 2"}],"event_choices":[{"damage_healed":0,"gold_gain":0,"player_choice":"Entered Light","damage_taken":14,"max_hp_gain":0,"max_hp_loss":0,"event_name":"Shining Light","floor":2,"gold_loss":0,"cards_upgraded":["Deadly Poison","Neutralize"]},{"damage_healed":0,"gold_gain":0,"player_choice":"Take Damage","damage_taken":17,"relics_obtained":["Golden Idol"],"max_hp_gain":0,"max_hp_loss":0,"event_name":"Golden Idol","floor":8,"gold_loss":0},{"damage_healed":0,"gold_gain":0,"player_choice":"Gave Idol","damage_taken":0,"relics_obtained":["Bloody Idol"],"max_hp_gain":0,"max_hp_loss":0,"event_name":"Forgotten Altar","floor":20,"relics_lost":["Golden Idol"],"gold_loss":0},{"damage_healed":0,"gold_gain":0,"player_choice":"Read","damage_taken":0,"max_hp_gain":0,"max_hp_loss":0,"event_name":"The Library","floor":21,"gold_loss":0,"cards_obtained":["animator:Sonic"]},{"damage_healed":0,"gold_gain":0,"player_choice":"Paid","damage_taken":0,"relics_obtained":["Red Mask"],"max_hp_gain":0,"max_hp_loss":0,"event_name":"Tomb of Lord Red Mask","floor":48,"gold_loss":30}],"is_beta":false,"boss_relics":[{"not_picked":["Philosopher\u0027s Stone","Snecko Eye"],"picked":"Busted Crown"},{"not_picked":["hubris:GrandSneckoEye","hubris:Stopwatch"],"picked":"SlaversCollar"}],"items_purged_floors":[5,19,30],"is_endless":false,"potions_floor_spawned":[4,11,12,13,14,16,24,29,31,33,35,41,47],"ascension_level":1}}