{"host":"3n5xmnb54n2y5mb4","time":1612834311,"event":{"mods":["BaseMod","Colored Map","Colored Powertips","Downfall","Minty Spire (QoL Compilation)","Permanent Neow","StSLib","Unceasing Turn Reminder","everything is the same but u backflip on backflip"],"gold_per_floor":[99,109,109,166,176,208,208,39,66,78,78,94,105,140,157,258,258,158,177,177,197,197,197,221,221,273,283,183,209,74,74,88,186,186,186,204,204,216,226,177,224,44,44,62,62,79,111,123,135,135,135,135],"floor_reached":50,"language":"ENG","playtime":6822,"items_purged":["hexamod:FourthSeal"],"score":589,"play_id":"630e2f7e-8fbc-4948-a5bc-1d609bfadba9","local_time":"20210208203151","is_ascension_mode":false,"campfire_choices":[{"data":"hexamod:TimeWarp","floor":1.0,"key":"SMITH"},{"data":"hexamod:FastForward","floor":18,"key":"SMITH"},{"floor":23,"key":"RECALL"},{"data":"hexamod:GhostflameInferno","floor":28,"key":"SMITH"},{"data":"hexamod:HexaLevel","floor":35,"key":"SMITH"}],"circlet_count":0,"master_deck":["hexamod:Defend+1","hexamod:Defend+1","hexamod:Defend+1","hexamod:Defend+1","hexamod:Sear","hexamod:Float","hexamod:TimeWarp+1","hexamod:SwordOfDarkness+1","hexamod:InspiringFlames","hexamod:ChargedBarrage","hexamod:VolcanoVisage","hexamod:ThermalTransfer+1","hexamod:FastForward+1","hexamod:FirstSeal","hexamod:Rewind","hexamod:SpectralAdrenaline","hexamod:GhostflameInferno+1","hexamod:PhantomFireball","hexamod:FlamesFromBeyond+1","Slimebound:Tackle+1","Slimebound:Tackle+1","Slimebound:Tackle+1","hexamod:SpectralSpark+1","hexamod:ChargedBarrage","hexamod:TimeWarp+1","hexamod:SuperheatedStrike+1","hexamod:HexaLevel+1","hexamod:SpectersWail+1","expansioncontent:YouAreMine","hexamod:GhostOfSpirePast+1","hexamod:FirstSeal","hexamod:RadiantFlame","hexamod:FirstSeal","hexamod:ExtraCrispy","hexamod:ExtraCrispy","Enlightenment","Parasite","hexamod:BacktrackSmack"],"relics":["hexamod:SpiritBrand","Bird Faced Urn","Ornamental Fan","MealTicket","Pen Nib","Lee\u0027s Waffle","The Courier","Tiny Chest","Runic Pyramid","downfall:HeartBlessingGreen","Art of War","Vajra","downfall:HeartBlessingRed","Akabeko","DollysMirror","Coffee Dripper","Oddly Smooth Stone","ClockworkSouvenir","PreservedInsect","Whetstone"],"acts_visited":["Exordium","TheCity","TheBeyond"],"potions_floor_usage":[6,9,13,16,21,30,32,33,36,39,46,50],"damage_taken":[{"damage":0.0,"enemies":"Small Slimes","floor":2.0,"turns":3.0},{"damage":19.0,"enemies":"Lagavulin Event","floor":4.0,"turns":5.0},{"damage":0,"enemies":"Cultist","floor":5,"turns":3},{"damage":14,"enemies":"Lagavulin","floor":6,"turns":6},{"damage":0,"enemies":"downfall:FleeingMerchant","floor":8,"turns":4},{"damage":5,"enemies":"Gremlin Nob","floor":9,"turns":3},{"damage":0,"enemies":"2 Louse","floor":10,"turns":3},{"damage":0,"enemies":"Blue Slaver","floor":12,"turns":3},{"damage":1,"enemies":"Exordium Thugs","floor":13,"turns":4},{"damage":13,"enemies":"Lagavulin","floor":14,"turns":6},{"damage":0,"enemies":"Large Slime","floor":15,"turns":5},{"damage":14,"enemies":"IC_STATUS_ARCHETYPE","floor":16,"turns":6},{"damage":1,"enemies":"Chosen","floor":19,"turns":4},{"damage":0,"enemies":"3 Cultists","floor":21,"turns":5},{"damage":6,"enemies":"Sentry and Sphere","floor":27,"turns":5},{"damage":29,"enemies":"Slavers","floor":29,"turns":4},{"damage":3,"enemies":"downfall:FleeingMerchant","floor":30,"turns":4},{"damage":0,"enemies":"Cultist and Chosen","floor":32,"turns":3},{"damage":16,"enemies":"SI_MIRROR_ARCHETYPE","floor":33,"turns":7},{"damage":1,"enemies":"Orb Walker","floor":36,"turns":3},{"damage":7,"enemies":"3 Shapes","floor":38,"turns":3},{"damage":10,"enemies":"Writhing Mass","floor":39,"turns":4},{"damage":0,"enemies":"downfall:FleeingMerchant","floor":40,"turns":3},{"damage":17,"enemies":"Maw","floor":44,"turns":6},{"damage":9,"enemies":"Transient","floor":46,"turns":5},{"damage":27,"enemies":"Reptomancer","floor":47,"turns":5},{"damage":14,"enemies":"Writhing Mass","floor":48,"turns":4},{"damage":12,"enemies":"4 Shapes","floor":49,"turns":5},{"damage":101,"enemies":"DF_ARCHETYPE_ORBS","floor":50,"turns":6}],"seed_played":"-5897760809138053309","potions_obtained":[{"floor":4.0,"key":"SneckoOil"},{"floor":5,"key":"Guardian:BlockOnCardUsePotion"},{"floor":5,"key":"Energy Potion"},{"floor":6,"key":"LiquidMemories"},{"floor":6,"key":"Swift Potion"},{"floor":8,"key":"PowerPotion"},{"floor":10,"key":"Guardian:BlockOnCardUsePotion"},{"floor":13,"key":"sneckomod:MuddlingPotion"},{"floor":14,"key":"AttackPotion"},{"floor":16,"key":"SneckoOil"},{"floor":19,"key":"Energy Potion"},{"floor":21,"key":"Energy Potion"},{"floor":27,"key":"Slimebound:ThreeZeroPotion"},{"floor":32,"key":"LiquidBronze"},{"floor":32,"key":"bronze:BurnAndBuffPotion"},{"floor":33,"key":"ColorlessPotion"},{"floor":33,"key":"LiquidMemories"},{"floor":36,"key":"Dexterity Potion"},{"floor":36,"key":"hexamod:EctoCoolerPotion"},{"floor":46,"key":"DuplicationPotion"},{"floor":47,"key":"Guardian:BlockOnCardUsePotion"}],"is_trial":false,"path_per_floor":["R","M","?","?","M","E","T","$","E","M","?","M","M","E","M","B",null,"R","M","?","M","?","R","T","?","T","M","R","E","$","?","M","B",null,"R","M","?","M","M","$","T","$","T","M","?","M","E","M","M","B"],"character_chosen":"THE_SPIRIT","items_purchased":["Lee\u0027s Waffle","DollysMirror","Oddly Smooth Stone","ClockworkSouvenir","hexamod:FirstSeal","hexamod:RadiantFlame","hexamod:FirstSeal","hexamod:ExtraCrispy","hexamod:ExtraCrispy"],"campfire_rested":0,"item_purchase_floors":[8,30,40,40,40,40,40,42,42],"current_hp_per_floor":[70,70,58,39,41,29,29,77,72,76,76,77,77,71,77,65,77,77,76,76,77,77,77,77,63,63,70,70,52,75,75,82,70,82,82,82,77,70,62,77,77,82,82,82,82,82,67,68,82,0,0,0],"gold":135,"neow_bonus":"TRANSFORM_CARD","is_daily":false,"chose_seed":false,"campfire_upgraded":4,"win_rate":0.0,"timestamp":1612834311,"path_taken":["R","M","?","?","M","E","T","$","E","M","?","?","M","E","M","BOSS","R","M","?","M","?","R","T","?","?","?","R","E","$","?","M","BOSS","R","M","?","M","M","$","T","$","?","M","?","?","E","?","M","BOSS"],"items_purchased_type":["Relic","Relic","Relic","Relic","Card","Card","Card","Card","Card"],"build_version":"2020-12-22","purchased_purges":1,"victory":false,"max_hp_per_floor":[70,70,70,70,70,70,70,77,77,77,77,77,77,77,77,77,77,77,77,77,77,77,77,77,82,82,82,82,82,82,82,82,82,82,82,82,82,82,82,82,82,82,82,82,82,82,82,82,82,82,82,82],"card_choices":[{"not_picked":["hexamod:NightmareStrike","hexamod:GhostShield"],"picked":"hexamod:SwordOfDarkness","floor":2.0},{"not_picked":["hexamod:CatchUp","hexamod:Haunt"],"picked":"hexamod:FourthSeal","floor":4.0},{"not_picked":["hexamod:ShieldOfDarkness","hexamod:SpectersWail"],"picked":"hexamod:InspiringFlames","floor":5},{"not_picked":["hexamod:HeatCrush","hexamod:HauntingEcho"],"picked":"hexamod:ChargedBarrage","floor":6},{"not_picked":["hexamod:RainOfEmbers","hexamod:SwordOfDarkness"],"picked":"hexamod:VolcanoVisage","floor":8},{"not_picked":["hexamod:SuperheatedStrike","hexamod:Hexaguard"],"picked":"hexamod:ThermalTransfer","floor":9},{"not_picked":["hexamod:RetreatToShadows","hexamod:NightmareStrike"],"picked":"hexamod:FastForward","floor":10},{"not_picked":["hexamod:ThermalTransfer","hexamod:Rewind"],"picked":"hexamod:FirstSeal","floor":12},{"not_picked":["hexamod:FirstSeal","hexamod:SuperheatedStrike"],"picked":"hexamod:Rewind","floor":13},{"not_picked":["hexamod:HeatMetal","hexamod:ShieldOfDarkness","hexamod:UnleashSpirits"],"picked":"SKIP","floor":14},{"not_picked":["hexamod:NightmareGuise","hexamod:FastForward"],"picked":"hexamod:SpectralAdrenaline","floor":15},{"not_picked":["hexamod:WildfireWeapon","hexamod:TurnItUp"],"picked":"hexamod:GhostflameInferno","floor":16},{"not_picked":["hexamod:PhantomCloak","hexamod:GhostLash"],"picked":"hexamod:PhantomFireball","floor":19},{"not_picked":["hexamod:InspiringFlames","hexamod:GhostLash"],"picked":"hexamod:FlamesFromBeyond+1","floor":21},{"not_picked":["hexamod:ShieldOfDarkness","hexamod:GhostLash"],"picked":"hexamod:SpectralSpark+1","floor":27},{"not_picked":["hexamod:GhostOfSpirePast","hexamod:GhostShield"],"picked":"hexamod:ChargedBarrage","floor":29},{"not_picked":["hexamod:SuperheatedStrike","hexamod:ShieldOfDarkness","hexamod:PhantomCloak"],"picked":"SKIP","floor":30},{"not_picked":["hexamod:SpectralSpark+1","hexamod:HeatCrush+1"],"picked":"hexamod:SuperheatedStrike+1","floor":32},{"not_picked":["hexamod:UnleashSpirits","hexamod:Toasty"],"picked":"hexamod:HexaLevel","floor":33},{"not_picked":["hexamod:SpectralSpark","hexamod:SwordOfDarkness"],"picked":"hexamod:SpectersWail+1","floor":36},{"not_picked":["expansioncontent:LastStand","expansioncontent:GuardianWhirl"],"picked":"expansioncontent:YouAreMine","floor":37},{"not_picked":["hexamod:GhostLash","hexamod:FlamesFromBeyond+1","hexamod:SuperheatedStrike"],"picked":"SKIP","floor":38},{"not_picked":["hexamod:HeatShield+1","hexamod:PhantomFireball","hexamod:ShieldOfDarkness+1"],"picked":"SKIP","floor":39},{"not_picked":["hexamod:SoulSteal","hexamod:SuperheatedStrike"],"picked":"hexamod:GhostOfSpirePast+1","floor":40},{"not_picked":["hexamod:GhostLash","hexamod:FirstSeal","hexamod:ShieldOfDarkness+1"],"picked":"SKIP","floor":44},{"not_picked":["hexamod:InspiringFlames+1","hexamod:GhostflameBarrier+1","hexamod:SwordOfDarkness"],"picked":"SKIP","floor":46},{"not_picked":["hexamod:CatchUp","hexamod:FifthSeal","hexamod:SwordOfDarkness+1"],"picked":"SKIP","floor":47},{"not_picked":["hexamod:FlamesFromBeyond","hexamod:GhostflameBarrier"],"picked":"hexamod:BacktrackSmack","floor":48},{"not_picked":["hexamod:EtherealExpedition","hexamod:HeatCrush","hexamod:Again"],"picked":"SKIP","floor":49}],"player_experience":1002858,"relics_obtained":[{"floor":4.0,"key":"Ornamental Fan"},{"floor":6,"key":"MealTicket"},{"floor":7,"key":"Pen Nib"},{"floor":9,"key":"The Courier"},{"floor":14,"key":"Tiny Chest"},{"floor":24,"key":"Art of War"},{"floor":26,"key":"Vajra"},{"floor":29,"key":"Akabeko"},{"floor":43,"key":"PreservedInsect"},{"floor":47,"key":"Whetstone"}],"event_choices":[{"damage_healed":0.0,"max_hp_gain":0.0,"max_hp_loss":0.0,"gold_gain":0.0,"event_name":"Scrap Ooze","player_choice":"Success","floor":3.0,"gold_loss":0.0,"damage_taken":12.0,"relics_obtained":["Bird Faced Urn"]},{"damage_healed":0,"gold_gain":0,"player_choice":"Ignored","damage_taken":0,"max_hp_gain":0,"max_hp_loss":0,"event_name":"Vampires","floor":31,"gold_loss":0}],"is_beta":false,"boss_relics":[{"not_picked":["Black Star","Busted Crown"],"picked":"Runic Pyramid"},{"not_picked":["Philosopher\u0027s Stone","Velvet Choker"],"picked":"Coffee Dripper"}],"items_purged_floors":[42],"is_endless":false,"potions_floor_spawned":[4,5,6,13,14,32,33,36,46,47],"killed_by":"DF_ARCHETYPE_ORBS","ascension_level":0}}