{"host":"pm6tps78s2qrawcb","time":1612877959,"event":{"mods":["BaseMod","BetterRewards","Colored Map","DeckTracker","Downfall","Hubris","Infinite Spire","Mimic Mod","Minty Spire (QoL Compilation)","Reliquary","Shop Mod","StSLib"],"gold_per_floor":[116,51,51,51,151,182,197,227,227,240,205,65,85,120,120,215,215,248,248,20,20,20,20,20,20,51,88,108,108,157,203,203,203,203],"floor_reached":33,"language":"ENG","playtime":1521,"items_purged":["Decay"],"score":394,"play_id":"fba925db-e63d-43d0-9fc8-a1ead1263077","local_time":"20210209133919","is_ascension_mode":false,"campfire_choices":[{"data":"hubris:DuctTapeCard","floor":15,"key":"SMITH"},{"data":"Heavy Blade","floor":23,"key":"SMITH"},{"data":"Offering","floor":32,"key":"SMITH"}],"circlet_count":0,"master_deck":["Defend_R","Defend_R","Defend_R","Defend_R","Bash","Heavy Blade+1","Perfected Strike","Rage","Clash","infinitespire:FutureSight+1","CurseOfTheBell","CurseOfTheBell","Demon Form","hubris:DuctTapeCard+2","Perfected Strike","HandOfGreed","Evolve","Pommel Strike","infinitespire:NeuralNetwork","infinitespire:Starlight","Armaments+1","Offering+1","Slimebound:Tackle+1","Slimebound:Tackle+1","Slimebound:Tackle+1","Thunderclap+1","hubris:NaturalOne"],"relics":["Burning Blood","HandDrill","MerchantsRug","Art of War","downfall:ExtraCursedBell","Mango","infinitespire:Bottled Soul","hubris:DuctTape","Red Skull","Philosopher\u0027s Stone","hubris:Icosahedron","Magic Flower","reliquary:FerryPass","Nunchaku"],"acts_visited":["Exordium","TheCity"],"potions_floor_usage":[18,18,33],"damage_taken":[{"damage":1,"enemies":"Cultist","floor":1,"turns":3},{"damage":26,"enemies":"Lagavulin","floor":6,"turns":6},{"damage":4,"enemies":"Small Slimes","floor":7,"turns":4},{"damage":16,"enemies":"Gremlin Nob","floor":8,"turns":5},{"damage":2,"enemies":"Jaw Worm","floor":10,"turns":3},{"damage":0,"enemies":"3 Louse","floor":13,"turns":2},{"damage":2,"enemies":"Exordium Wildlife","floor":14,"turns":3},{"damage":35,"enemies":"The Guardian","floor":16,"turns":7},{"damage":12,"enemies":"2 Thieves","floor":18,"turns":3},{"damage":14,"enemies":"Spheric Guardian","floor":26,"turns":6},{"damage":33,"enemies":"Spheric Guardian","floor":28,"turns":4},{"damage":26,"enemies":"Slavers","floor":31,"turns":3},{"damage":94,"enemies":"hubris:MusketHawk","floor":33,"turns":6}],"seed_played":"-2772095369478770428","potions_obtained":[{"floor":1,"key":"EssenceOfSteel"},{"floor":10,"key":"Explosive Potion"},{"floor":14,"key":"SteroidPotion"},{"floor":16,"key":"Energy Potion"},{"floor":18,"key":"Fire Potion"},{"floor":28,"key":"Energy Potion"},{"floor":31,"key":"SmokeBomb"}],"is_trial":false,"path_per_floor":["M","$","?","?","?","E","M","E","T","M","?","$","M","M","R","B",null,"M","?","$","?","?","R","$","AVR","MIM","$","M","?","T","E","R","B"],"character_chosen":"IRONCLAD","items_purchased":["Inflame","reliquary:IridiumChain","HandDrill","MerchantsRug","Heavy Blade","Rage","Clash","HandOfGreed","Magic Flower"],"campfire_rested":0,"item_purchase_floors":[0,0,0,0,0,2,2,12,20],"current_hp_per_floor":[49,49,28,28,42,22,24,14,14,18,41,41,47,51,51,22,94,88,88,88,88,88,88,88,88,89,89,65,65,65,48,48,0,0],"gold":203,"neow_bonus":"","is_daily":false,"chose_seed":false,"campfire_upgraded":3,"win_rate":0.0,"timestamp":1612877959,"path_taken":["M","?","?","?","?","E","?","E","T","M","?","?","M","M","R","BOSS","M","?","$","?","?","R","?","AVR","MIM","?","?","?","?","E","R","BOSS"],"items_purchased_type":["Card","Relic","Relic","Relic","Card","Card","Card","Card","Relic"],"build_version":"2020-12-22","purchased_purges":1,"victory":false,"max_hp_per_floor":[80,80,80,80,94,94,94,94,94,94,94,94,94,94,94,94,94,94,94,94,94,94,94,94,94,94,94,94,94,94,94,94,94,94],"card_choices":[{"not_picked":["Power Through","Clothesline"],"picked":"Perfected Strike","floor":1},{"not_picked":["infinitespire:Collect","infinitespire:UltimateForm"],"picked":"infinitespire:FutureSight","floor":3},{"not_picked":["Warcry","Havoc","hubris:SharpeningStone"],"picked":"SKIP","floor":6},{"not_picked":["Searing Blow","Barricade","Wild Strike"],"picked":"SKIP","floor":7},{"not_picked":["Clash","Twin Strike"],"picked":"Inflame","floor":8},{"not_picked":["Sever Soul","Sword Boomerang"],"picked":"Perfected Strike","floor":10},{"not_picked":["Pommel Strike","Spot Weakness"],"picked":"Evolve","floor":13},{"not_picked":["Heavy Blade","Intimidate"],"picked":"Pommel Strike","floor":14},{"not_picked":["Wild Strike","Body Slam","Cleave"],"picked":"SKIP","floor":18},{"not_picked":["Anger","Combust"],"picked":"Armaments+1","floor":26},{"not_picked":["Blood for Blood","Sentinel"],"picked":"Offering","floor":28},{"not_picked":["Body Slam","Ghostly Armor"],"picked":"Thunderclap+1","floor":31}],"player_experience":286614,"relics_obtained":[{"floor":5,"key":"Omamori"},{"floor":5,"key":"Mango"},{"floor":5,"key":"infinitespire:Bottled Soul"},{"floor":6,"key":"Orichalcum"},{"floor":8,"key":"hubris:DuctTape"},{"floor":9,"key":"Red Skull"},{"floor":30,"key":"reliquary:FerryPass"},{"floor":31,"key":"Nunchaku"}],"event_choices":[{"damage_healed":23,"gold_gain":0,"player_choice":"Healed","damage_taken":0,"max_hp_gain":0,"max_hp_loss":0,"event_name":"The Cleric","floor":11,"gold_loss":35}],"is_beta":false,"boss_relics":[{"not_picked":["Cursed Key","Empty Cage"],"picked":"Philosopher\u0027s Stone"}],"items_purged_floors":[0],"is_endless":false,"potions_floor_spawned":[1,10,14,16,18,28,31],"killed_by":"hubris:MusketHawk","ascension_level":0}}