{"host":"ababi7n1w04ome7c","time":1612873777,"event":{"mods":["AchievementEnabler","BaseMod","Colored Map","Minty Spire (QoL Compilation)","Permanent Neow","StSLib","everything is the same but u backflip on backflip"],"gold_per_floor":[111,128,141,158,333,358,72,100,100,100,118,136,136,136,136,231,231,249,259,85,85,85,85],"floor_reached":22,"language":"KOR","playtime":713,"items_purged":["Doubt","Defend_G"],"score":238,"play_id":"10f360c8-671a-4a81-9eb6-59b91159dcbf","local_time":"20210209212937","is_ascension_mode":true,"campfire_choices":[{"floor":13,"key":"REST"},{"floor":15,"key":"REST"}],"circlet_count":0,"master_deck":["Strike_G","Strike_G","Strike_G","Strike_G","Defend_G","Defend_G","Defend_G","Defend_G","Survivor","Neutralize","Die Die Die","Footwork","Terror","Dagger Spray","Infinite Blades+1","Dagger Spray","Blade Dance","Night Terror","Blade Dance","Accuracy"],"relics":["Ring of the Snake","MawBank","HandDrill","Boot","Letter Opener","SlaversCollar"],"acts_visited":["Exordium","TheCity"],"potions_floor_usage":[6,16,21],"damage_taken":[{"damage":1,"enemies":"Cultist","floor":1,"turns":3},{"damage":4,"enemies":"Jaw Worm","floor":2,"turns":5},{"damage":9,"enemies":"2 Louse","floor":3,"turns":3},{"damage":7,"enemies":"Large Slime","floor":4,"turns":9},{"damage":19,"enemies":"Lagavulin","floor":6,"turns":10},{"damage":23,"enemies":"3 Sentries","floor":8,"turns":6},{"damage":10,"enemies":"Gremlin Gang","floor":11,"turns":3},{"damage":9,"enemies":"Looter","floor":12,"turns":3},{"damage":20,"enemies":"Slime Boss","floor":16,"turns":7},{"damage":25,"enemies":"2 Thieves","floor":18,"turns":3},{"damage":43,"enemies":"Spheric Guardian","floor":19,"turns":6},{"damage":0,"enemies":"Snecko","floor":21,"turns":1},{"damage":0,"enemies":"Cultist and Chosen","floor":22,"turns":1}],"seed_played":"2591756389516167811","potions_obtained":[{"floor":1,"key":"Regen Potion"},{"floor":3,"key":"Poison Potion"},{"floor":6,"key":"Strength Potion"},{"floor":8,"key":"Swift Potion"},{"floor":18,"key":"SmokeBomb"}],"is_trial":false,"path_per_floor":["M","M","M","M","?","E","$","E","T","?","M","M","R","?","R","B",null,"M","M","$","M","M"],"character_chosen":"THE_SILENT","items_purchased":["Infinite Blades","HandDrill","Accuracy"],"campfire_rested":2,"item_purchase_floors":[7,7,20],"current_hp_per_floor":[69,65,56,49,49,45,45,22,22,22,12,3,24,24,45,25,70,45,2,2,2,2,2],"gold":85,"neow_bonus":"ONE_RANDOM_RARE_CARD","is_daily":false,"chose_seed":false,"campfire_upgraded":0,"win_rate":0.0,"timestamp":1612873777,"path_taken":["M","?","M","M","?","E","$","E","T","?","M","M","R","?","R","BOSS","M","M","$","M","M"],"items_purchased_type":["Card","Relic","Card"],"build_version":"2020-12-22","purchased_purges":2,"victory":false,"max_hp_per_floor":[70,70,70,70,70,70,70,70,70,70,70,70,70,70,70,70,70,70,70,70,70,70,70],"card_choices":[{"not_picked":["Quick Slash","Prepared"],"picked":"Footwork","floor":1},{"not_picked":["Distraction","Catalyst"],"picked":"Terror","floor":2},{"not_picked":["Slice","Prepared"],"picked":"Dagger Spray","floor":3},{"not_picked":["Dodge and Roll","Deadly Poison","Distraction"],"picked":"SKIP","floor":4},{"not_picked":["Predator","Heel Hook","Dodge and Roll"],"picked":"SKIP","floor":6},{"not_picked":["Choke","Quick Slash","Catalyst"],"picked":"SKIP","floor":8},{"not_picked":["Deflect","Prepared"],"picked":"Dagger Spray","floor":11},{"not_picked":["Quick Slash","Heel Hook"],"picked":"Blade Dance","floor":12},{"not_picked":["Venomology","Glass Knife"],"picked":"Night Terror","floor":16},{"not_picked":["Deadly Poison","PiercingWail","Dodge and Roll"],"picked":"SKIP","floor":18},{"not_picked":["Cloak And Dagger","Underhanded Strike"],"picked":"Blade Dance","floor":19}],"player_experience":330781,"relics_obtained":[{"floor":6,"key":"MawBank"},{"floor":8,"key":"Boot"},{"floor":9,"key":"Letter Opener"}],"event_choices":[{"damage_healed":0,"gold_gain":175,"player_choice":"AGREE","damage_taken":0,"max_hp_gain":0,"max_hp_loss":0,"event_name":"Liars Game","floor":5,"gold_loss":0,"cards_obtained":["Doubt"]},{"damage_healed":0,"gold_gain":0,"player_choice":"Grow","damage_taken":0,"max_hp_gain":0,"max_hp_loss":0,"event_name":"Living Wall","floor":10,"gold_loss":0,"cards_upgraded":["Infinite Blades"]},{"cards_removed":["Strike_G"],"damage_healed":0,"gold_gain":0,"player_choice":"Purged","damage_taken":0,"max_hp_gain":0,"max_hp_loss":0,"event_name":"Purifier","floor":14,"gold_loss":0}],"is_beta":false,"boss_relics":[{"not_picked":["Fusion Hammer","Astrolabe"],"picked":"SlaversCollar"}],"items_purged_floors":[7,20],"is_endless":false,"potions_floor_spawned":[1,3,6,8,18,21],"killed_by":"Cultist and Chosen","ascension_level":4}}