{"host":"o6nndy8fvkon49s1","time":1612828923,"event":{"mods":["BaseMod","CapriCore","Hermit","Marisa????????","Minty Spire (QoL Compilation)","Prisma Mod","StSLib","Td1madao Mod","The Administrix","The Fake Hero","The Forsaken","The Immortal","The Marked","The Necromancer","The Servant 0.9.4"],"gold_per_floor":[517,517,517,369,380,410,428,445,445,445,458,470,487,502,502,597,597,612,416,416,416,416],"floor_reached":21,"language":"ENG","playtime":649,"items_purged":["luka_mod:Surrender"],"score":208,"play_id":"4b9c0d0f-c30f-48a4-aa43-0dd6259fed0f","local_time":"20210208180203","is_ascension_mode":false,"campfire_choices":[{"data":"luka_mod:Sylph","floor":10,"key":"SMITH"},{"floor":15,"key":"REST"}],"circlet_count":0,"master_deck":["luka_mod:StrikeLukaOne","luka_mod:StrikeLukaTwo","luka_mod:StrikeLukaThree","luka_mod:StrikeLukaFour","luka_mod:StrikeLukaFive","luka_mod:StrikeLukaSix+1","luka_mod:Salt","luka_mod:Guard","luka_mod:Wait","luka_mod:Edging","luka_mod:FlailWildly","luka_mod:Meditation","luka_mod:StrikeLuka+1","luka_mod:OiAlice","luka_mod:Sylph+1","luka_mod:Tamamo","luka_mod:GuardedStrike","luka_mod:Calm","luka_mod:BladeOfStillWater","luka_mod:Calm","luka_mod:FlashKill","luka_mod:SuperAttack","luka_mod:SpoilerForm","luka_mod:Sara","luka_mod:BladeOfSolidEarth","luka_mod:Feel"],"relics":["luka_mod:KeepsakeRing","NeowsBlessing","StoneCalendar","Whetstone","Boot","Bottled Flame","Black Star"],"acts_visited":["Exordium","TheCity"],"potions_floor_usage":[12,21],"damage_taken":[{"damage":0,"enemies":"Small Slimes","floor":1,"turns":2},{"damage":0,"enemies":"Jaw Worm","floor":5,"turns":1},{"damage":0,"enemies":"Gremlin Nob","floor":6,"turns":1},{"damage":4,"enemies":"Cultist","floor":7,"turns":3},{"damage":17,"enemies":"3 Louse","floor":8,"turns":3},{"damage":19,"enemies":"Exordium Thugs","floor":11,"turns":5},{"damage":0,"enemies":"Blue Slaver","floor":12,"turns":3},{"damage":8,"enemies":"Large Slime","floor":13,"turns":7},{"damage":14,"enemies":"2 Fungi Beasts","floor":14,"turns":3},{"damage":1,"enemies":"Slime Boss","floor":16,"turns":7},{"damage":22,"enemies":"Chosen","floor":18,"turns":6},{"damage":40,"enemies":"3 Byrds","floor":21,"turns":3}],"seed_played":"-6968637693113451043","potions_obtained":[{"floor":6,"key":"Ancient Potion"},{"floor":8,"key":"Block Potion"},{"floor":12,"key":"Dexterity Potion"},{"floor":14,"key":"LiquidMemories"}],"is_trial":false,"path_per_floor":["M","?","T","$","M","E","M","M","T","R","M","M","M","M","R","B",null,"M","$","?","M"],"character_chosen":"LUKA_CLASS","items_purchased":["luka_mod:OiAlice","luka_mod:Sylph","luka_mod:Sara","Explosive Potion"],"campfire_rested":1,"item_purchase_floors":[4,4,19,19],"current_hp_per_floor":[40,7,7,7,7,7,23,23,23,23,4,4,32,18,30,29,40,18,18,18,0,0],"gold":416,"neow_bonus":"THREE_ENEMY_KILL","is_daily":false,"chose_seed":false,"campfire_upgraded":1,"win_rate":0.0,"timestamp":1612828923,"path_taken":["M","?","?","$","M","E","M","M","T","R","M","M","M","M","R","BOSS","M","$","?","M"],"items_purchased_type":["Card","Card","Card","Potion"],"build_version":"2020-12-22","purchased_purges":1,"victory":false,"max_hp_per_floor":[40,40,40,40,40,40,40,40,40,40,40,40,40,40,40,40,40,40,40,40,40,40],"card_choices":[{"not_picked":["luka_mod:StressRelief","luka_mod:Struggle"],"picked":"luka_mod:StrikeLuka","floor":1},{"not_picked":["luka_mod:AlicesGuard","luka_mod:DemonSkullBeheading","luka_mod:NotVerySharp"],"picked":"SKIP","floor":5},{"not_picked":["luka_mod:ThunderThrust","luka_mod:HeavenlyDemonRevival"],"picked":"luka_mod:Tamamo","floor":6},{"not_picked":["luka_mod:Overexert","luka_mod:BladeOfSolidEarth"],"picked":"luka_mod:GuardedStrike","floor":7},{"not_picked":["luka_mod:Request","luka_mod:EarthSlash"],"picked":"luka_mod:Calm","floor":8},{"not_picked":["luka_mod:BladeOfRagingFire","luka_mod:Feel"],"picked":"luka_mod:BladeOfStillWater","floor":11},{"not_picked":["luka_mod:FlashKill","luka_mod:Struggle"],"picked":"luka_mod:Calm","floor":12},{"not_picked":["luka_mod:BladeOfStillWater","luka_mod:Overexert"],"picked":"luka_mod:FlashKill","floor":13},{"not_picked":["luka_mod:TouchFluffyTail","luka_mod:IliasesJudgement"],"picked":"luka_mod:SuperAttack","floor":14},{"not_picked":["luka_mod:NinefoldRakshasa","luka_mod:Alice"],"picked":"luka_mod:SpoilerForm","floor":16},{"not_picked":["luka_mod:WaterSlash","luka_mod:FlashKill","luka_mod:BladeOfStillWater"],"picked":"SKIP","floor":18}],"player_experience":213186,"relics_obtained":[{"floor":3,"key":"Whetstone"},{"floor":6,"key":"Boot"},{"floor":9,"key":"Bottled Flame"}],"event_choices":[{"damage_healed":0,"gold_gain":0,"player_choice":"Success","damage_taken":33,"relics_obtained":["StoneCalendar"],"max_hp_gain":0,"max_hp_loss":0,"event_name":"Scrap Ooze","floor":2,"gold_loss":0},{"damage_healed":0,"gold_gain":0,"player_choice":"2 cards matched","damage_taken":0,"max_hp_gain":0,"max_hp_loss":0,"event_name":"Match and Keep!","floor":20,"gold_loss":0,"cards_obtained":["luka_mod:BladeOfSolidEarth","luka_mod:Feel"]}],"is_beta":false,"boss_relics":[{"not_picked":["Coffee Dripper","Ectoplasm"],"picked":"Black Star"}],"items_purged_floors":[19],"is_endless":false,"potions_floor_spawned":[6,8,12,14,16,18],"killed_by":"3 Byrds","ascension_level":0}}