{"host":"iirf6tm60n5v4e3j","time":1612858612,"event":{"mods":["Act Like it!","BaseMod","Gensokyo","Marisa????????","Minty Spire (QoL Compilation)","StSLib","The Marked"],"gold_per_floor":[217,88,113,163,41,90,122,152,152,181,181,223,41,68,68,166,166,494,481,481,481,513,18,43,43,43,90,90,119,119,163,163,274,274,301,128,128,165,75,110,110,164,164,164,39,65,65,65],"floor_reached":47,"language":"ENG","playtime":4707,"items_purged":["Strike_MRS","Defend_MRS","Pride"],"score":798,"play_id":"7514ce77-4fc8-4921-af8b-fad7714ca763","local_time":"20210209001652","is_ascension_mode":true,"campfire_choices":[{"data":"MilkyWay","floor":11,"key":"SMITH"},{"data":"GalacticHalo","floor":15,"key":"SMITH"},{"data":"FinalSpark","floor":25,"key":"SMITH"},{"floor":30,"key":"REST"},{"floor":32,"key":"RECALL"},{"data":"MagicChant","floor":41,"key":"SMITH"}],"circlet_count":0,"master_deck":["Strike_MRS","Strike_MRS","Strike_MRS","Defend_MRS","Defend_MRS","Defend_MRS","MasterSpark","UpSweep","DarkMatter","WitchOfGreed","ManaConvection","MilkyWay+1","GalacticHalo","MachineGunSpark","PulseMagic","GalacticHalo+1","GrandCross","OortCloud","EarthLightRay","FinalSpark+1","Gensokyo:AllTheWorldsEvil","PropBag","PowerUp","CasketOfStar","MagicChant+1","Apotheosis","Gensokyo:PrivateSquare","DoubleSpark+1","Gensokyo:CustomPotion","Gensokyo:MedicineKit"],"relics":["MiniHakkero","White Beast Statue","Toy Ornithopter","Tiny Chest","Pantograph","Medical Kit","SlaversCollar","HandmadeGrimoire","Kunai","Sundial","Orichalcum","Juzu Bracelet","ExperimentalFamiliar","Thread and Needle","BreadOfAWashokuLover","TungstenRod","Strawberry","Mercury Hourglass"],"acts_visited":["Exordium","Gensokyo:Gensokyo","Gensokyo:Gensokyoer"],"potions_floor_usage":[4,4,4,4,6,8,10,12,12,12,16,16,18,22,28,29,29,31,33,33,33,33,33,33,35,38,38,40,42,47],"damage_taken":[{"damage":0,"enemies":"Gensokyo:3_Fairies","floor":1,"turns":3},{"damage":0,"enemies":"Gensokyo:Python","floor":3,"turns":4},{"damage":23,"enemies":"Gensokyo:Cirno","floor":4,"turns":8},{"damage":15,"enemies":"Gensokyo:Mamizou","floor":6,"turns":8},{"damage":3,"enemies":"Gensokyo:Gryphon","floor":7,"turns":6},{"damage":0,"enemies":"Gensokyo:LivingMonolith","floor":8,"turns":3},{"damage":3,"enemies":"Gensokyo:2_Rabbits","floor":10,"turns":5},{"damage":31,"enemies":"Gensokyo:Cirno","floor":12,"turns":13},{"damage":0,"enemies":"Gensokyo:Python_and_Kodama","floor":14,"turns":6},{"damage":2,"enemies":"Gensokyo:Reimu","floor":16,"turns":7},{"damage":62,"enemies":"Gensokyo:3_Dogs","floor":18,"turns":6},{"damage":21,"enemies":"Gensokyo:Chomper","floor":22,"turns":5},{"damage":49,"enemies":"Gensokyo:Reisen","floor":27,"turns":7},{"damage":0,"enemies":"Gensokyo:Slime_Group","floor":28,"turns":1},{"damage":26,"enemies":"Gensokyo:Chomper_and_Gloop","floor":29,"turns":6},{"damage":15,"enemies":"Gensokyo:Tenshi","floor":31,"turns":5},{"damage":12,"enemies":"Gensokyo:Eternal_Rivals","floor":33,"turns":9},{"damage":23,"enemies":"Gensokyo:3_Bats","floor":35,"turns":5},{"damage":33,"enemies":"Gensokyo:AncientGuardian","floor":38,"turns":6},{"damage":26,"enemies":"Gensokyo:Marisa","floor":40,"turns":4},{"damage":0,"enemies":"Gensokyo:Kasen","floor":42,"turns":6},{"damage":47,"enemies":"Gensokyo:Marisa","floor":47,"turns":6}],"seed_played":"-4732312032196847710","potions_obtained":[{"floor":1,"key":"DuplicationPotion"},{"floor":3,"key":"EntropicBrew"},{"floor":6,"key":"DistilledChaos"},{"floor":6,"key":"AttackPotion"},{"floor":7,"key":"SkillPotion"},{"floor":8,"key":"BlessingOfTheForge"},{"floor":10,"key":"SteroidPotion"},{"floor":12,"key":"AttackPotion"},{"floor":14,"key":"Strength Potion"},{"floor":16,"key":"Explosive Potion"},{"floor":18,"key":"Swift Potion"},{"floor":22,"key":"SmokeBomb"},{"floor":27,"key":"BottledSpark"},{"floor":27,"key":"Strength Potion"},{"floor":29,"key":"GamblersBrew"},{"floor":29,"key":"Block Potion"},{"floor":31,"key":"EntropicBrew"},{"floor":31,"key":"SpeedPotion"},{"floor":33,"key":"DuplicationPotion"},{"floor":33,"key":"Ancient Potion"},{"floor":35,"key":"SkillPotion"},{"floor":35,"key":"StarNLove"},{"floor":38,"key":"Fruit Juice"},{"floor":38,"key":"DuplicationPotion"},{"floor":40,"key":"GamblersBrew"},{"floor":42,"key":"SpeedPotion"}],"is_trial":false,"path_per_floor":["M","$","M","?","$","E","M","M","T","M","R","E","COS","M","R","B",null,"M","?","?","?","M","$","T","R","T","E","M","M","R","E","R","B",null,"M","$","?","M","?","E","R","E","T","?","$","T","E"],"character_chosen":"MARISA","items_purchased":["WitchOfGreed","GalacticHalo","HandmadeGrimoire","Kunai","Apotheosis"],"campfire_rested":1,"item_purchase_floors":[2,5,23,23,36],"current_hp_per_floor":[68,68,68,45,45,30,27,32,32,34,34,18,18,18,18,55,70,17,70,70,70,58,58,58,58,58,13,18,6,28,22,22,69,74,60,60,60,46,46,25,25,34,34,34,34,41,0,0],"gold":65,"neow_bonus":"HUNDRED_GOLD","is_daily":false,"chose_seed":false,"campfire_upgraded":4,"win_rate":0.0,"timestamp":1612858612,"path_taken":["M","$","M","?","?","E","M","M","T","M","R","E","COS","M","R","BOSS","M","?","?","?","M","$","?","R","T","E","M","M","R","E","R","BOSS","M","$","?","M","?","E","R","E","T","?","$","?","E"],"items_purchased_type":["Card","Card","Relic","Relic","Card"],"build_version":"2020-12-22","purchased_purges":3,"victory":false,"max_hp_per_floor":[75,75,75,75,75,75,75,75,75,75,75,75,75,75,75,75,75,75,75,75,75,75,75,75,75,75,75,75,75,75,75,75,75,75,75,75,75,80,80,80,80,80,80,80,80,87,87,87],"card_choices":[{"not_picked":["EnergyRecoil","OpenUniverse"],"picked":"DarkMatter","floor":1},{"not_picked":["WitchLeyline","MysteriousBeam"],"picked":"ManaConvection","floor":3},{"not_picked":["MeteoricShower","SprinkleStarSeal"],"picked":"MilkyWay","floor":4},{"not_picked":["NonDirectionalLaser","MilkyWay"],"picked":"MachineGunSpark","floor":6},{"not_picked":["DC","FairyDestructionRay"],"picked":"PulseMagic","floor":7},{"not_picked":["SuperPerseids","ChargingUp"],"picked":"GalacticHalo","floor":8},{"not_picked":["GalacticHalo","StarBarrage"],"picked":"GrandCross","floor":10},{"not_picked":["Orbital","EarthLightRay"],"picked":"OortCloud","floor":12},{"not_picked":["Acceleration","NonDirectionalLaser"],"picked":"EarthLightRay","floor":14},{"not_picked":["BlazingStar","EscapeVelocity"],"picked":"FinalSpark","floor":16},{"not_picked":["SporeBomb","GrandCross"],"picked":"DoubleSpark+1","floor":18},{"not_picked":["DragonMeteor","WitchOfGreed"],"picked":"PropBag","floor":22},{"not_picked":["AsteroidBelt","StarlightTyphoon"],"picked":"PowerUp","floor":27},{"not_picked":["SporeBomb","ShootingEcho","IllusionStar"],"picked":"SKIP","floor":29},{"not_picked":["MilkyWay","NonDirectionalLaser+1","StarBarrage+1"],"picked":"SKIP","floor":31},{"not_picked":["CollectingQuirk","BinaryStars"],"picked":"CasketOfStar","floor":33},{"not_picked":["GravityBeat+1","IllusionStar+1"],"picked":"MagicChant","floor":35},{"not_picked":["GalacticHalo","ShootingEcho"],"picked":"DoubleSpark+1","floor":38},{"not_picked":["OpenUniverse","NonDirectionalLaser","ShootingEcho+1"],"picked":"SKIP","floor":40},{"not_picked":["EnergyFlow+1","MilkyWay","MysteriousBeam+1"],"picked":"SKIP","floor":42}],"player_experience":202701,"relics_obtained":[{"floor":4,"key":"White Beast Statue"},{"floor":6,"key":"Toy Ornithopter"},{"floor":9,"key":"Tiny Chest"},{"floor":12,"key":"Pantograph"},{"floor":26,"key":"Sundial"},{"floor":27,"key":"Orichalcum"},{"floor":31,"key":"Juzu Bracelet"},{"floor":40,"key":"Thread and Needle"},{"floor":42,"key":"BreadOfAWashokuLover"},{"floor":43,"key":"TungstenRod"},{"floor":46,"key":"Strawberry"}],"event_choices":[],"is_beta":false,"boss_relics":[{"not_picked":["Pandora\u0027s Box","Coffee Dripper"],"picked":"SlaversCollar"},{"not_picked":["Runic Pyramid","Black Star"],"picked":"ExperimentalFamiliar"}],"items_purged_floors":[2,5,45],"is_endless":false,"potions_floor_spawned":[1,6,7,8,10,12,14,16,18,22,27,28,29,31,33,35,38,40,42],"killed_by":"Gensokyo:Marisa","ascension_level":8}}