{"host":"h5acbxt0wmjo1kpm","time":1612859232,"event":{"mods":["2.2 Compatiblity","Act Like it!","AlwaysNeverKeys","Aspiration","Bard","Bartender","BaseMod","Better Third Choice","Colored Map","Elementarium","Gensokyo","GifTheSpireLib","Hallownest","Marisa????????","Menagerie","Minty Spire (QoL Compilation)","Permanent Neow","Potionbrewer","Quick Restart","Relic Filter","Reliquary","Robot Space Explorer","RumiaBox-????????","Shade Mod","Spicy Shops","StSLib","Strawberry Spire","The Blackbeard","The Dragon Tamer","The Gatherer","The Hayseed","The Problem Sleuth","The Servant 0.9.4","Wandering Minibosses","Wide Potions"],"gold_per_floor":[118,132,132,132,148,148,148,148],"floor_reached":6,"language":"ENG","playtime":379,"items_purged":[],"score":47,"play_id":"71b0bea2-31b7-4555-aeeb-0f48628adcd4","local_time":"20210209002712","is_ascension_mode":true,"metric_token":2259,"campfire_choices":[],"dtmod_dragon_data":[35,50,-1,-1,0,0],"circlet_count":1,"master_deck":["DTMod:Strike","DTMod:Strike","DTMod:Strike","DTMod:Strike","DTMod:DoubleHit","DTMod:TargetDefense","DTMod:TargetDefense","DTMod:TargetDefense","DTMod:TargetDefense","DTMod:SwitchingTactic","DTMod:CleansingStrike","DTMod:CalculatedDefense","DTMod:QuickFly"],"relics":["DTMod:PactStone","aspiration:DSix","potionbrewer:AlchemistFlask","Bag of Preparation","Hallownest:DreamNailRelic","Circlet"],"acts_visited":["Hallownest:Greenpath"],"potions_floor_usage":[],"damage_taken":[{"damage":0,"enemies":"Hallownest:2_Tiktiks_and_1_Crawlid","floor":1,"turns":7},{"damage":0,"enemies":"Hallownest:monsterHuskWarrior","floor":2,"turns":5},{"damage":0,"enemies":"2_ Uuma","floor":5,"turns":4},{"damage":0,"enemies":"Hallownest:eliteVengeflyKing","floor":6,"turns":4}],"seed_played":"-7815031153975571018","potions_obtained":[{"floor":5,"key":"Strength Potion"}],"is_trial":false,"path_per_floor":["M","M","?","?","M","E"],"character_chosen":"THE_DT","items_purchased":[],"campfire_rested":0,"item_purchase_floors":[],"current_hp_per_floor":[41,41,41,41,41,41,41,41],"gold":148,"neow_bonus":"DSIX","is_daily":false,"chose_seed":false,"campfire_upgraded":0,"win_rate":0.0,"timestamp":1612859232,"path_taken":["M","M","?","?","?","E"],"items_purchased_type":[],"build_version":"2020-12-22","purchased_purges":0,"victory":false,"max_hp_per_floor":[45,45,45,45,45,45,45,45],"card_choices":[{"not_picked":["DTMod:BizarreTactic","DTMod:Weaken"],"picked":"DTMod:CleansingStrike","floor":1},{"not_picked":["DTMod:BizarreTactic","DTMod:FlameSlash"],"picked":"DTMod:CalculatedDefense","floor":2},{"not_picked":["DTMod:MagicField","DTMod:Coolant"],"picked":"DTMod:QuickFly","floor":5}],"player_experience":2248142,"relics_obtained":[{"floor":1,"key":"potionbrewer:AlchemistFlask"},{"floor":1,"key":"Bag of Preparation"}],"event_choices":[],"is_beta":false,"boss_relics":[],"items_purged_floors":[],"is_endless":false,"potions_floor_spawned":[5],"killed_by":"Hallownest:eliteVengeflyKing","ascension_level":6}}