{"host":"lg52aq764g9v2r4m","time":1612835820,"event":{"mods":["2.2 Compatiblity","BaseMod","Minty Spire (QoL Compilation)"],"gold_per_floor":[116,126,301,301,376,408,408,159,159,184,3,16,48,48,48,143,143,153,171,182,196,121,156,171,171,171],"floor_reached":25,"language":"ENG","playtime":4846,"items_purged":["Strike_R"],"score":253,"play_id":"c825e934-d8e0-466f-814d-e97def7e8cc7","local_time":"20210208205700","is_ascension_mode":true,"campfire_choices":[{"floor":7,"key":"REST"},{"data":"Panacea","floor":15,"key":"SMITH"}],"circlet_count":0,"master_deck":["Strike_R","Strike_R","Strike_R","Strike_R","Defend_R","Defend_R","Defend_R","Defend_R","Bash","Heavy Blade","Iron Wave","Panacea+1","Metallicize","Berserk","Inflame","Spot Weakness","Bash","Reaper","Flex","Armaments","Heavy Blade","Corruption","Flex","Flex"],"relics":["Burning Blood","MealTicket","Paper Frog","Pocketwatch","HornCleat","Membership Card","Eternal Feather","Coffee Dripper","Prayer Wheel"],"acts_visited":["Exordium","TheCity"],"potions_floor_usage":[10,10,10,19,20,23],"damage_taken":[{"damage":2.0,"enemies":"Small Slimes","floor":1.0,"turns":4.0},{"damage":2,"enemies":"2 Louse","floor":2,"turns":3},{"damage":47,"enemies":"3 Sentries","floor":6,"turns":10},{"damage":10,"enemies":"Lagavulin","floor":10,"turns":4},{"damage":0,"enemies":"Cultist","floor":12,"turns":3},{"damage":11,"enemies":"3 Sentries","floor":13,"turns":7},{"damage":25,"enemies":"Hexaghost","floor":16,"turns":7},{"damage":12,"enemies":"Shell Parasite","floor":18,"turns":5},{"damage":5,"enemies":"Chosen","floor":19,"turns":3},{"damage":15,"enemies":"Shelled Parasite and Fungi","floor":20,"turns":5},{"damage":21,"enemies":"Cultist and Chosen","floor":21,"turns":6},{"damage":49,"enemies":"Gremlin Leader","floor":23,"turns":6},{"damage":19,"enemies":"Snake Plant","floor":24,"turns":4},{"damage":9,"enemies":"Sentry and Sphere","floor":25,"turns":4}],"seed_played":"28726276577952591","potions_obtained":[{"floor":1.0,"key":"ElixirPotion"},{"floor":6,"key":"Swift Potion"},{"floor":16,"key":"ColorlessPotion"},{"floor":18,"key":"AttackPotion"},{"floor":19,"key":"Block Potion"},{"floor":24,"key":"Explosive Potion"}],"is_trial":false,"path_per_floor":["M","M","?","?","?","E","R","$","T","E","$","M","E","?","R","B",null,"M","M","M","M","?","E","M","M"],"character_chosen":"IRONCLAD","items_purchased":["Panacea","Metallicize","SteroidPotion","Membership Card","Inflame"],"campfire_rested":1,"item_purchase_floors":[8,8,8,11,11],"current_hp_per_floor":[80,80,80,80,69,28,52,67,67,63,78,80,75,75,80,61,80,79,80,71,65,65,22,9,0,0],"gold":171,"neow_bonus":"RANDOM_COMMON_RELIC","is_daily":false,"chose_seed":false,"campfire_upgraded":1,"win_rate":0.0,"timestamp":1612835820,"path_taken":["M","M","?","?","?","E","R","$","T","E","$","M","E","?","R","BOSS","M","?","M","M","?","E","M","M"],"items_purchased_type":["Card","Card","Potion","Relic","Card"],"build_version":"2020-12-22","purchased_purges":1,"victory":false,"max_hp_per_floor":[80,80,80,80,80,80,80,80,80,80,80,80,80,80,80,80,80,80,80,80,80,80,80,80,80,80],"card_choices":[{"not_picked":["Sword Boomerang","Cleave"],"picked":"Heavy Blade","floor":1.0},{"not_picked":["Cleave","Second Wind"],"picked":"Iron Wave","floor":2},{"not_picked":["Anger","Searing Blow","Hemokinesis"],"picked":"SKIP","floor":6},{"not_picked":["Body Slam","Pummel"],"picked":"Berserk","floor":10},{"not_picked":["Shrug It Off","Pommel Strike"],"picked":"Power Through","floor":12},{"not_picked":["Rage","Clothesline"],"picked":"Spot Weakness","floor":13},{"not_picked":["Offering","Fiend Fire"],"picked":"Reaper","floor":16},{"not_picked":["Headbutt","Twin Strike"],"picked":"Flex","floor":18},{"not_picked":["Clothesline","Rage","Blood for Blood"],"picked":"SKIP","floor":19},{"not_picked":["Perfected Strike","Searing Blow+1"],"picked":"Armaments","floor":20},{"not_picked":["Bloodletting","Anger"],"picked":"Heavy Blade","floor":21},{"not_picked":["Cleave","Pummel"],"picked":"Corruption","floor":23},{"not_picked":["Cleave+1","Power Through"],"picked":"Flex","floor":24},{"not_picked":["Battle Trance+1","Blood for Blood"],"picked":"Flex","floor":24}],"player_experience":48420,"relics_obtained":[{"floor":6,"key":"Paper Frog"},{"floor":9,"key":"Pocketwatch"},{"floor":10,"key":"HornCleat"},{"floor":13,"key":"Eternal Feather"},{"floor":23,"key":"Prayer Wheel"}],"event_choices":[{"damage_healed":0,"gold_gain":175,"player_choice":"AGREE","damage_taken":0,"max_hp_gain":0,"max_hp_loss":0,"event_name":"Liars Game","floor":3,"gold_loss":0,"cards_obtained":["Doubt"]},{"cards_removed":["Doubt"],"damage_healed":0,"gold_gain":0,"player_choice":"Forget","damage_taken":0,"max_hp_gain":0,"max_hp_loss":0,"event_name":"Living Wall","floor":4,"gold_loss":0},{"damage_healed":0,"gold_gain":75,"player_choice":"Gather Gold","damage_taken":11,"max_hp_gain":0,"max_hp_loss":0,"event_name":"World of Goop","floor":5,"gold_loss":0},{"damage_healed":0,"gold_gain":0,"player_choice":"1 cards matched","damage_taken":0,"max_hp_gain":0,"max_hp_loss":0,"event_name":"Match and Keep!","floor":14,"gold_loss":0,"cards_obtained":["Bash"]},{"cards_removed":["Power Through"],"damage_healed":0,"gold_gain":0,"player_choice":"Gave Gold","damage_taken":0,"max_hp_gain":0,"max_hp_loss":0,"event_name":"Beggar","floor":22,"gold_loss":75}],"is_beta":false,"boss_relics":[{"not_picked":["Fusion Hammer","Sozu"],"picked":"Coffee Dripper"}],"items_purged_floors":[8],"is_endless":false,"potions_floor_spawned":[1,6,16,18,19,24],"killed_by":"Sentry and Sphere","ascension_level":1}}