{"host":"7hek758ba7rrttw2","time":1612896151,"event":{"mods":["BaseMod","Minty Spire (QoL Compilation)","Weighted Paths"],"gold_per_floor":[112,123,198,45,59,59,87,87,111,130,130,130,157,175,175,270,270,284,303,313,313,3,34,133,166,221,238,264,264,264],"floor_reached":29,"language":"ENG","playtime":3000,"items_purged":["Strike_B"],"score":366,"play_id":"4bb196c4-44cc-4b5b-a6ad-0c062af8c4b9","local_time":"20210209194231","is_ascension_mode":true,"campfire_choices":[{"data":"Hologram","floor":6,"key":"SMITH"},{"data":"Streamline","floor":8,"key":"SMITH"},{"data":"Creative AI","floor":15,"key":"SMITH"}],"circlet_count":0,"master_deck":["Defend_B","Defend_B","Defend_B","Defend_B","Zap","Dualcast","Conserve Battery","Hologram+1","Streamline+1","Creative AI+1","Reinforced Body","Defragment","Creative AI","Coolheaded","All For One","Lockon","Coolheaded","Glacier"],"relics":["Cracked Core","NeowsBlessing","Anchor","Ancient Tea Set","Lantern","Pen Nib","Snecko Eye","Medical Kit","Du-Vu Doll","Matryoshka","Question Card","Akabeko","Boot"],"acts_visited":["Exordium","TheCity"],"potions_floor_usage":[7,13,13,16,23,27],"damage_taken":[{"damage":0,"enemies":"2 Louse","floor":1,"turns":1},{"damage":0,"enemies":"Jaw Worm","floor":2,"turns":1},{"damage":0,"enemies":"Cultist","floor":5,"turns":1},{"damage":18,"enemies":"3 Sentries","floor":7,"turns":8},{"damage":0,"enemies":"Red Slaver","floor":10,"turns":2},{"damage":24,"enemies":"Gremlin Nob","floor":13,"turns":5},{"damage":0,"enemies":"Looter","floor":14,"turns":2},{"damage":42,"enemies":"Slime Boss","floor":16,"turns":8},{"damage":2,"enemies":"Chosen","floor":18,"turns":4},{"damage":8,"enemies":"Shell Parasite","floor":19,"turns":7},{"damage":4,"enemies":"Centurion and Healer","floor":20,"turns":5},{"damage":31,"enemies":"Book of Stabbing","floor":23,"turns":6},{"damage":0,"enemies":"Slavers","floor":25,"turns":5},{"damage":3,"enemies":"Chosen and Byrds","floor":27,"turns":4},{"damage":21,"enemies":"Gremlin Leader","floor":28,"turns":5},{"damage":8,"enemies":"Sentry and Sphere","floor":29,"turns":2}],"seed_played":"-4877769238898651967","potions_obtained":[{"floor":1,"key":"Regen Potion"},{"floor":2,"key":"Regen Potion"},{"floor":5,"key":"Swift Potion"},{"floor":14,"key":"FocusPotion"},{"floor":20,"key":"Fire Potion"},{"floor":23,"key":"EssenceOfDarkness"}],"is_trial":false,"path_per_floor":["M","M","?","$","M","R","E","R","T","M","?","?","E","M","R","B",null,"M","M","M","?","$","E","?","E","T","M","E","M"],"character_chosen":"DEFECT","items_purchased":["Anchor","Lockon","Medical Kit"],"campfire_rested":0,"item_purchase_floors":[4,22,22],"current_hp_per_floor":[75,75,64,64,64,64,61,61,61,61,61,61,51,51,51,9,75,73,65,61,61,61,30,30,30,30,27,6,0,0],"gold":264,"neow_bonus":"THREE_ENEMY_KILL","is_daily":false,"chose_seed":false,"campfire_upgraded":3,"win_rate":0.0,"timestamp":1612896151,"path_taken":["M","M","?","$","M","R","E","R","T","M","?","?","E","?","R","BOSS","M","M","M","?","$","E","?","E","T","M","E","M"],"items_purchased_type":["Relic","Card","Relic"],"build_version":"2020-12-22","purchased_purges":1,"victory":false,"max_hp_per_floor":[75,75,75,75,75,75,75,75,75,75,75,75,75,75,75,75,75,75,75,75,75,75,75,75,75,75,75,75,75,75],"card_choices":[{"not_picked":["Force Field","Tempest"],"picked":"Conserve Battery","floor":1},{"not_picked":["Steam","Streamline"],"picked":"Hologram","floor":2},{"not_picked":["Hologram","Turbo"],"picked":"Streamline","floor":5},{"not_picked":["Compile Driver","Rebound","Turbo"],"picked":"SKIP","floor":7},{"not_picked":["Coolheaded","Static Discharge"],"picked":"Creative AI","floor":10},{"not_picked":["Auto Shields","Barrage","Sweeping Beam"],"picked":"SKIP","floor":13},{"not_picked":["Rebound","Steam"],"picked":"Defragment","floor":14},{"not_picked":["Core Surge","Reboot"],"picked":"Creative AI","floor":16},{"not_picked":["Compile Driver","Sweeping Beam+1"],"picked":"Coolheaded","floor":18},{"not_picked":["Barrage","Auto Shields"],"picked":"All For One","floor":19},{"not_picked":["Gash+1","Sweeping Beam+1","Turbo+1"],"picked":"SKIP","floor":20},{"not_picked":["Turbo","Undo+1","Barrage"],"picked":"SKIP","floor":23},{"not_picked":["Ball Lightning","Leap+1","Cold Snap+1"],"picked":"SKIP","floor":25},{"not_picked":["Capacitor+1","Leap+1","Steam"],"picked":"Coolheaded","floor":27},{"not_picked":["Scrape","Chaos","Sweeping Beam"],"picked":"Glacier","floor":28}],"player_experience":371284,"relics_obtained":[{"floor":7,"key":"Ancient Tea Set"},{"floor":9,"key":"Lantern"},{"floor":13,"key":"Pen Nib"},{"floor":23,"key":"Du-Vu Doll"},{"floor":25,"key":"Matryoshka"},{"floor":26,"key":"Question Card"},{"floor":26,"key":"Akabeko"},{"floor":28,"key":"Boot"}],"event_choices":[{"damage_healed":0,"gold_gain":75,"player_choice":"Gather Gold","damage_taken":11,"max_hp_gain":0,"max_hp_loss":0,"event_name":"World of Goop","floor":3,"gold_loss":0},{"damage_healed":0,"gold_gain":0,"cards_transformed":["Strike_B"],"player_choice":"Change","damage_taken":0,"max_hp_gain":0,"max_hp_loss":0,"event_name":"Living Wall","floor":11,"gold_loss":0,"cards_obtained":["Reinforced Body"]},{"cards_removed":["Strike_B"],"damage_healed":0,"gold_gain":0,"player_choice":"Purged","damage_taken":0,"max_hp_gain":0,"max_hp_loss":0,"event_name":"Purifier","floor":12,"gold_loss":0},{"cards_removed":["Strike_B"],"damage_healed":0,"gold_gain":0,"player_choice":"Elegance","damage_taken":0,"max_hp_gain":0,"max_hp_loss":0,"event_name":"Back to Basics","floor":21,"gold_loss":0},{"damage_healed":0,"gold_gain":99,"player_choice":"Stole From Cult","damage_taken":0,"max_hp_gain":0,"max_hp_loss":0,"event_name":"Nest","floor":24,"gold_loss":0}],"is_beta":false,"boss_relics":[{"not_picked":["Empty Cage","Coffee Dripper"],"picked":"Snecko Eye"}],"items_purged_floors":[22],"is_endless":false,"potions_floor_spawned":[1,2,5,14,20,23],"killed_by":"Sentry and Sphere","ascension_level":3}}