{"host":"Jaja","time":1612898014,"event":{"mods":["BaseMod","Bestiary","Minty Spire (QoL Compilation)"],"gold_per_floor":[110,110,129,149,167,167,117,117,140,140,179,179,22,35,35,158,158,181,194,213,228,9,9,23,23,23,71,83,95,107,119,131,263,275,300,328,93,107,123,123,123,123],"floor_reached":41,"language":"ENG","playtime":1516,"items_purged":["Strike_R","Strike_R"],"score":433,"play_id":"7b2261a0-e58d-4a46-afca-390cfd490b66","local_time":"20210209171334","is_ascension_mode":false,"campfire_choices":[{"data":"Carnage","floor":6,"key":"SMITH"},{"data":"Hemokinesis","floor":8,"key":"SMITH"},{"data":"Bash","floor":12,"key":"SMITH"},{"data":"Rage","floor":15,"key":"SMITH"},{"data":"Rupture","floor":23,"key":"SMITH"},{"floor":29,"key":"REST"},{"floor":32,"key":"REST"},{"data":"Berserk","floor":40,"key":"SMITH"}],"circlet_count":0,"master_deck":["Strike_R","Defend_R","Defend_R","Defend_R","Defend_R","Bash+1","Hemokinesis+1","Carnage+1","Rage+1","True Grit","Berserk+1","Sword Boomerang","Rupture+1","Shockwave","Uppercut","Twin Strike+1","Impervious","Cleave","Dropkick"],"relics":["Burning Blood","Golden Idol","Bag of Marbles","Nunchaku","Vajra","Sozu","Lantern","MawBank","Pantograph","Mark of Pain","Red Skull"],"acts_visited":["Exordium","TheCity","TheBeyond"],"potions_floor_usage":[16,30,30],"damage_taken":[{"damage":8,"enemies":"Jaw Worm","floor":1,"turns":4},{"damage":9,"enemies":"Small Slimes","floor":3,"turns":3},{"damage":3,"enemies":"Cultist","floor":4,"turns":4},{"damage":3,"enemies":"2 Fungi Beasts","floor":5,"turns":5},{"damage":20,"enemies":"Lagavulin","floor":11,"turns":4},{"damage":6,"enemies":"Gremlin Gang","floor":14,"turns":4},{"damage":27,"enemies":"The Guardian","floor":16,"turns":9},{"damage":2,"enemies":"2 Thieves","floor":18,"turns":2},{"damage":6,"enemies":"Chosen","floor":19,"turns":3},{"damage":22,"enemies":"Centurion and Healer","floor":20,"turns":5},{"damage":19,"enemies":"Sentry and Sphere","floor":21,"turns":4},{"damage":9,"enemies":"Snake Plant","floor":24,"turns":3},{"damage":36,"enemies":"Book of Stabbing","floor":27,"turns":5},{"damage":37,"enemies":"Gremlin Leader","floor":30,"turns":3},{"damage":69,"enemies":"Champ","floor":33,"turns":9},{"damage":24,"enemies":"3 Darklings","floor":35,"turns":8},{"damage":39,"enemies":"3 Shapes","floor":36,"turns":7},{"damage":20,"enemies":"3 Darklings","floor":38,"turns":5},{"damage":2,"enemies":"Spire Growth","floor":39,"turns":3},{"damage":38,"enemies":"Writhing Mass","floor":41,"turns":3}],"seed_played":"-6775917260265952925","potions_obtained":[{"floor":1,"key":"SmokeBomb"},{"floor":4,"key":"FearPotion"},{"floor":11,"key":"SkillPotion"},{"floor":16,"key":"Strength Potion"}],"is_trial":false,"path_per_floor":["M","?","M","M","M","R","?","R","T","?","E","R","$","M","R","B",null,"M","M","M","M","$","R","M","?","T","E","$","R","E","?","R","B",null,"M","M","$","M","M","R","M"],"character_chosen":"IRONCLAD","items_purchased":["Vajra","Lantern","Red Skull"],"campfire_rested":2,"item_purchase_floors":[13,22,37],"current_hp_per_floor":[86,64,61,64,67,67,67,67,67,72,58,58,58,58,58,37,93,93,93,77,64,64,64,61,61,61,31,31,58,27,21,48,10,93,75,42,42,28,32,32,0,0],"gold":123,"neow_bonus":"TEN_PERCENT_HP_BONUS","is_daily":false,"chose_seed":false,"campfire_upgraded":6,"win_rate":0.0,"timestamp":1612898014,"path_taken":["M","?","M","M","M","R","?","R","T","?","E","R","$","M","R","BOSS","M","M","M","M","$","R","M","?","T","E","?","R","E","?","R","BOSS","M","M","$","M","M","R","?"],"items_purchased_type":["Relic","Relic","Relic"],"build_version":"2020-12-18","purchased_purges":2,"victory":false,"max_hp_per_floor":[88,88,88,88,88,88,88,88,88,93,93,93,93,93,93,93,93,93,93,93,93,93,93,93,93,93,93,93,93,93,93,93,93,93,93,93,93,93,93,93,93,93],"card_choices":[{"not_picked":["Twin Strike","Infernal Blade"],"picked":"Hemokinesis","floor":1},{"not_picked":["Pommel Strike","Armaments","Entrench"],"picked":"SKIP","floor":3},{"not_picked":["Sever Soul","Iron Wave","Clothesline"],"picked":"SKIP","floor":4},{"not_picked":["Power Through","Combust"],"picked":"Carnage","floor":5},{"not_picked":["Bludgeon","Warcry"],"picked":"Rage","floor":11},{"not_picked":["Twin Strike","Flame Barrier"],"picked":"True Grit","floor":14},{"not_picked":["Impervious","Offering"],"picked":"Berserk","floor":16},{"not_picked":["Clash","Headbutt","Reckless Charge+1"],"picked":"SKIP","floor":18},{"not_picked":["Armaments","Cleave"],"picked":"Sword Boomerang","floor":19},{"not_picked":["Pommel Strike","Clothesline+1"],"picked":"Rupture","floor":20},{"not_picked":["Carnage","True Grit"],"picked":"Shockwave","floor":21},{"not_picked":["Pommel Strike","Power Through","Anger"],"picked":"SKIP","floor":24},{"not_picked":["Anger","Fire Breathing"],"picked":"Twin Strike+1","floor":27},{"not_picked":["Berserk","Barricade"],"picked":"Impervious","floor":33},{"not_picked":["Clash","Dark Embrace+1","Warcry+1"],"picked":"SKIP","floor":35},{"not_picked":["Hemokinesis","Uppercut"],"picked":"Cleave","floor":36},{"not_picked":["Pommel Strike","Thunderclap","Entrench"],"picked":"SKIP","floor":38},{"not_picked":["Dual Wield+1","Sever Soul"],"picked":"Dropkick","floor":39}],"player_experience":1793,"relics_obtained":[{"floor":9,"key":"Bag of Marbles"},{"floor":11,"key":"Nunchaku"},{"floor":26,"key":"MawBank"},{"floor":27,"key":"Pantograph"}],"event_choices":[{"damage_healed":0,"gold_gain":0,"player_choice":"Take Damage","damage_taken":22,"relics_obtained":["Golden Idol"],"max_hp_gain":0,"max_hp_loss":0,"event_name":"Golden Idol","floor":2,"gold_loss":0},{"cards_removed":["Strike_R"],"damage_healed":0,"gold_gain":0,"player_choice":"Card Removal","damage_taken":0,"max_hp_gain":0,"max_hp_loss":0,"event_name":"The Cleric","floor":7,"gold_loss":50},{"damage_healed":0,"gold_gain":0,"player_choice":"Donut","damage_taken":0,"max_hp_gain":5,"max_hp_loss":0,"event_name":"Big Fish","floor":10,"gold_loss":0},{"damage_healed":0,"gold_gain":0,"cards_transformed":["Strike_R"],"player_choice":"Transformed","damage_taken":0,"max_hp_gain":0,"max_hp_loss":0,"event_name":"Transmorgrifier","floor":25,"gold_loss":0,"cards_obtained":["Uppercut"]},{"damage_healed":0,"gold_gain":0,"player_choice":"","damage_taken":6,"max_hp_gain":0,"max_hp_loss":0,"event_name":"Knowing Skull","floor":31,"potions_obtained":[],"gold_loss":0,"cards_obtained":[]}],"is_beta":true,"boss_relics":[{"not_picked":["Snecko Eye","Ectoplasm"],"picked":"Sozu"},{"not_picked":["Philosopher\u0027s Stone","Fusion Hammer"],"picked":"Mark of Pain"}],"items_purged_floors":[22,37],"is_endless":false,"potions_floor_spawned":[1,4,11,16,18,20,24,30,35],"killed_by":"Writhing Mass","ascension_level":0}}