{"host":"mydft8i2zzydgggw","time":1612863881,"event":{"mods":["AchievementEnabler","BaseMod","Colored Map","Colored Powertips","DeckTracker","Keyboard Shortcuts","Minty Spire (QoL Compilation)","Rare Cards Sparkle","StSLib","SuperFastMode","everything is the same but u backflip on backflip"],"gold_per_floor":[116,116,133,208,224,224,224,241,294,114,114,131,131,147,147,221,221,233,233,233,259,273,273,317,317,317,344,344,382,416,457,469,481,481],"floor_reached":33,"language":"KOR","playtime":602,"items_purged":["Defend_B"],"score":499,"play_id":"826ca4ce-066c-433b-887c-dd5d1c79e15b","local_time":"20210209184441","is_ascension_mode":true,"campfire_choices":[{"data":"Go for the Eyes","floor":6,"key":"SMITH"},{"data":"Streamline","floor":13,"key":"SMITH"},{"data":"Glacier","floor":15,"key":"SMITH"},{"data":"Defragment","floor":23,"key":"SMITH"},{"floor":25,"key":"REST"},{"data":"Leap","floor":28,"key":"SMITH"},{"floor":32,"key":"REST"}],"circlet_count":0,"master_deck":["AscendersBane","Strike_B","Strike_B","Strike_B","Defend_B","Defend_B","Defend_B","Zap","Dualcast","Cold Snap","Coolheaded","Go for the Eyes+1","Glacier+1","Streamline+1","Cold Snap","Electrodynamics","Defragment+1","Leap+1","Leap+1","Electrodynamics","Barrage","Coolheaded"],"relics":["Cracked Core","NeowsBlessing","Boot","StoneCalendar","Sozu","Symbiotic Virus","Oddly Smooth Stone","CeramicFish","Pocketwatch","MawBank"],"acts_visited":["Exordium","TheCity"],"potions_floor_usage":[24],"damage_taken":[{"damage":0,"enemies":"Small Slimes","floor":1,"turns":1},{"damage":0,"enemies":"Jaw Worm","floor":3,"turns":1},{"damage":0,"enemies":"2 Louse","floor":5,"turns":1},{"damage":7,"enemies":"Lots of Slimes","floor":8,"turns":5},{"damage":12,"enemies":"3 Louse","floor":12,"turns":5},{"damage":0,"enemies":"Exordium Wildlife","floor":14,"turns":3},{"damage":7,"enemies":"The Guardian","floor":16,"turns":11},{"damage":0,"enemies":"3 Byrds","floor":18,"turns":2},{"damage":3,"enemies":"2 Thieves","floor":22,"turns":3},{"damage":54,"enemies":"Gremlin Leader","floor":24,"turns":6},{"damage":9,"enemies":"Snake Plant","floor":27,"turns":3},{"damage":10,"enemies":"Book of Stabbing","floor":29,"turns":7},{"damage":0,"enemies":"Centurion and Healer","floor":30,"turns":5},{"damage":4,"enemies":"Chosen and Byrds","floor":31,"turns":4},{"damage":37,"enemies":"Collector","floor":33,"turns":7}],"seed_played":"2138390175223634320","potions_obtained":[{"floor":1,"key":"Explosive Potion"},{"floor":3,"key":"Dexterity Potion"}],"is_trial":false,"path_per_floor":["M","?","M","?","M","R","?","M","T","$","T","M","R","M","R","B",null,"M","?","T","T","M","R","E","R","T","M","R","E","M","M","R","B"],"character_chosen":"DEFECT","items_purchased":["FairyPotion"],"campfire_rested":2,"item_purchase_floors":[10],"current_hp_per_floor":[64,64,64,53,53,53,58,51,51,51,51,39,39,39,39,32,65,65,43,43,43,40,40,10,34,34,25,25,15,15,11,35,0,0],"gold":481,"neow_bonus":"THREE_ENEMY_KILL","is_daily":false,"chose_seed":false,"campfire_upgraded":5,"win_rate":0.0,"timestamp":1612863881,"path_taken":["M","?","M","?","M","R","?","M","T","?","?","?","R","M","R","BOSS","M","?","?","?","M","R","E","R","T","?","R","E","?","M","R","BOSS"],"items_purchased_type":["Potion"],"build_version":"2020-12-22","purchased_purges":1,"victory":false,"max_hp_per_floor":[71,71,71,71,71,71,76,76,76,76,76,76,76,76,76,76,76,76,81,81,81,81,81,81,81,81,81,81,81,81,81,81,81,81],"card_choices":[{"not_picked":["Melter","Redo"],"picked":"Cold Snap","floor":1},{"not_picked":["Cold Snap","Barrage"],"picked":"Coolheaded","floor":3},{"not_picked":["Sweeping Beam","Force Field"],"picked":"Go for the Eyes","floor":5},{"not_picked":["Coolheaded","BootSequence"],"picked":"Glacier","floor":8},{"not_picked":["Storm","Cold Snap"],"picked":"Streamline","floor":12},{"not_picked":["Hyperbeam","Steam Power"],"picked":"Cold Snap","floor":14},{"not_picked":["Meteor Strike","Hyperbeam"],"picked":"Electrodynamics","floor":16},{"not_picked":["Streamline+1","Darkness","Redo"],"picked":"SKIP","floor":18},{"not_picked":["Static Discharge","Hologram"],"picked":"Defragment","floor":22},{"not_picked":["Barrage+1","Hologram"],"picked":"Leap+1","floor":24},{"not_picked":["Rip and Tear","Rebound"],"picked":"Leap","floor":27},{"not_picked":["Redo","Auto Shields"],"picked":"Electrodynamics","floor":29},{"not_picked":["Gash","Ball Lightning"],"picked":"Barrage","floor":30},{"not_picked":["Tempest","Steam Power"],"picked":"Coolheaded","floor":31}],"player_experience":255792,"relics_obtained":[{"floor":9,"key":"Boot"},{"floor":11,"key":"StoneCalendar"},{"floor":20,"key":"Symbiotic Virus"},{"floor":21,"key":"Oddly Smooth Stone"},{"floor":24,"key":"CeramicFish"},{"floor":26,"key":"Pocketwatch"},{"floor":29,"key":"MawBank"}],"event_choices":[{"cards_removed":["Strike_B"],"damage_healed":0,"gold_gain":0,"player_choice":"Forget","damage_taken":0,"max_hp_gain":0,"max_hp_loss":0,"event_name":"Living Wall","floor":2,"gold_loss":0},{"damage_healed":0,"gold_gain":75,"player_choice":"Gather Gold","damage_taken":11,"max_hp_gain":0,"max_hp_loss":0,"event_name":"World of Goop","floor":4,"gold_loss":0},{"damage_healed":0,"gold_gain":0,"player_choice":"Donut","damage_taken":0,"max_hp_gain":5,"max_hp_loss":0,"event_name":"Big Fish","floor":7,"gold_loss":0},{"damage_healed":0,"gold_gain":0,"player_choice":"Shed Blood","damage_taken":27,"max_hp_gain":5,"max_hp_loss":0,"event_name":"Forgotten Altar","floor":19,"gold_loss":0}],"is_beta":false,"boss_relics":[{"not_picked":["Coffee Dripper","Black Star"],"picked":"Sozu"}],"items_purged_floors":[10],"is_endless":false,"potions_floor_spawned":[1,3,12,18,22,30],"killed_by":"Collector","ascension_level":16}}