{"host":"l2onoeb0kdqo1a9y","time":1612838205,"event":{"mods":["AchievementEnabler","BaseMod","Colored Powertips","Highlight Path","Minty Spire (QoL Compilation)","Quick Restart"],"gold_per_floor":[117,127,302,302,317,342,342,369,369,369,388,0,0,0,0,97,97,112,112,127,27,37,37,51,61,86,118,118,138,154,154,154,253,253,265,275,289,97,97,97,97,115,142,142,157,187,207,207,207,207,207,207,45,73,73,73],"floor_reached":55,"language":"ZHS","playtime":2130,"items_purged":["Strike_R","Doubt","Strike_R+1"],"score":754,"play_id":"73375c8e-6042-45ac-b45d-cb9fc21d84c6","local_time":"20210209103645","is_ascension_mode":false,"campfire_choices":[{"floor":7.0,"key":"RECALL"},{"floor":10.0,"key":"REST"},{"floor":15.0,"key":"REST"},{"data":"Reaper","floor":23.0,"key":"SMITH"},{"data":"Battle Trance","floor":28.0,"key":"SMITH"},{"data":"Clash","floor":32.0,"key":"SMITH"},{"data":"Apotheosis","floor":40.0,"key":"SMITH"},{"data":"Rampage","floor":44,"key":"SMITH"},{"data":"Inflame","floor":49,"key":"SMITH"},{"data":"Rage","floor":52,"key":"SMITH"}],"circlet_count":0,"master_deck":["Strike_R+1","Strike_R+1","Strike_R+1","Defend_R+1","Defend_R+1","Defend_R+1","Defend_R+1","Bash","Clash+1","Sword Boomerang","Rampage+1","Headbutt","Feed+1","Infernal Blade+1","Reaper+1","Clash","Rage+1","Spot Weakness+1","Battle Trance+1","Pommel Strike","Inflame+1","Flex","Flex","Spot Weakness+1","Apotheosis+1","Heavy Blade+1","Evolve"],"relics":["Burning Blood","NeowsBlessing","Orichalcum","Self Forming Clay","Letter Opener","Philosopher\u0027s Stone","MealTicket","Strawberry","SacredBark","Toy Ornithopter","Red Skull","Ornamental Fan"],"acts_visited":["Exordium","TheCity","TheBeyond","TheEnding"],"potions_floor_usage":[45,46,50,50,50],"damage_taken":[{"damage":0.0,"enemies":"Small Slimes","floor":1.0,"turns":1.0},{"damage":0.0,"enemies":"2 Louse","floor":2.0,"turns":1.0},{"damage":0.0,"enemies":"Cultist","floor":5.0,"turns":1.0},{"damage":45.0,"enemies":"Lagavulin","floor":6.0,"turns":8.0},{"damage":31.0,"enemies":"3 Sentries","floor":8.0,"turns":9.0},{"damage":0.0,"enemies":"3 Louse","floor":11.0,"turns":3.0},{"damage":46.0,"enemies":"Slime Boss","floor":16.0,"turns":12.0},{"damage":4.0,"enemies":"Chosen","floor":18.0,"turns":4.0},{"damage":12.0,"enemies":"Shell Parasite","floor":20.0,"turns":4.0},{"damage":22.0,"enemies":"Shelled Parasite and Fungi","floor":22.0,"turns":4.0},{"damage":33.0,"enemies":"Snake Plant","floor":24.0,"turns":3.0},{"damage":8.0,"enemies":"Centurion and Healer","floor":25.0,"turns":5.0},{"damage":49.0,"enemies":"Gremlin Leader","floor":27.0,"turns":6.0},{"damage":9.0,"enemies":"Chosen and Byrds","floor":29.0,"turns":4.0},{"damage":18.0,"enemies":"Cultist and Chosen","floor":30.0,"turns":5.0},{"damage":93.0,"enemies":"Collector","floor":33.0,"turns":12.0},{"damage":23.0,"enemies":"3 Darklings","floor":35.0,"turns":5.0},{"damage":19.0,"enemies":"3 Shapes","floor":36.0,"turns":4.0},{"damage":22.0,"enemies":"Jaw Worm Horde","floor":37.0,"turns":5.0},{"damage":15,"enemies":"3 Darklings","floor":42,"turns":4},{"damage":31,"enemies":"4 Shapes","floor":45,"turns":3},{"damage":30,"enemies":"Giant Head","floor":46,"turns":6},{"damage":18,"enemies":"Sphere and 2 Shapes","floor":47,"turns":4},{"damage":109,"enemies":"Awakened One","floor":50,"turns":8},{"damage":89,"enemies":"Shield and Spear","floor":54,"turns":6},{"damage":66,"enemies":"The Heart","floor":55,"turns":3}],"seed_played":"6511447440011370017","potions_obtained":[{"floor":5.0,"key":"Energy Potion"},{"floor":8.0,"key":"BloodPotion"},{"floor":11.0,"key":"Block Potion"},{"floor":16.0,"key":"SteroidPotion"},{"floor":20.0,"key":"BloodPotion"},{"floor":25.0,"key":"BloodPotion"},{"floor":29.0,"key":"FearPotion"},{"floor":33.0,"key":"Weak Potion"},{"floor":36.0,"key":"Dexterity Potion"},{"floor":42,"key":"Regen Potion"},{"floor":45,"key":"Block Potion"},{"floor":47,"key":"Fire Potion"}],"is_trial":false,"path_per_floor":["M","M","?","?","M","E","R","E","T","R","M","$","?","?","R","B",null,"M","?","M","$","M","R","M","M","T","E","R","M","M","?","R","B",null,"M","M","M","$","?","R","?","M","T","R","M","E","M","?","R","B",null,"R","$","E","B"],"character_chosen":"IRONCLAD","items_purchased":["Infernal Blade","Letter Opener","Apotheosis","Evolve"],"campfire_rested":2,"item_purchase_floors":[12,12,38,53],"current_hp_per_floor":[80,80,80,85,85,46,46,21,21,46,52,52,35,35,60,41,89,89,89,93,93,81,81,73,81,81,68,68,71,77,77,77,7,112,99,90,91,106,106,106,106,124,124,124,128,128,116,116,116,59,128,128,128,64,0,0],"gold":73,"neow_bonus":"THREE_ENEMY_KILL","is_daily":false,"chose_seed":false,"campfire_upgraded":7,"win_rate":0.0,"timestamp":1612838205,"path_taken":["M","M","?","?","M","E","R","E","T","R","M","$","?","?","R","BOSS","M","?","M","?","M","R","M","M","T","E","R","M","M","?","R","BOSS","M","M","M","$","?","R","?","?","T","R","M","E","M","?","R","BOSS","R","$","E","BOSS"],"items_purchased_type":["Card","Relic","Card","Card"],"build_version":"2020-12-22","purchased_purges":3,"victory":false,"max_hp_per_floor":[80,80,80,85,85,85,85,85,85,85,85,85,85,85,85,89,89,89,89,93,93,97,97,97,97,97,108,108,112,112,112,112,112,112,116,120,124,124,124,124,124,124,124,124,128,128,128,128,128,128,128,128,128,132,132,132],"card_choices":[{"not_picked":["Shrug It Off","Thunderclap"],"picked":"Clash","floor":1.0},{"not_picked":["Dark Embrace","True Grit"],"picked":"Sword Boomerang","floor":2.0},{"not_picked":["Headbutt","True Grit"],"picked":"Rampage","floor":5.0},{"not_picked":["Havoc","Shrug It Off","Twin Strike"],"picked":"SKIP","floor":6.0},{"not_picked":["Intimidate","Warcry"],"picked":"Headbutt","floor":8.0},{"not_picked":["Heavy Blade","Flame Barrier"],"picked":"Feed","floor":11.0},{"not_picked":["Demon Form","Fiend Fire"],"picked":"Reaper","floor":16.0},{"not_picked":["Uppercut","Flame Barrier"],"picked":"Clash","floor":18.0},{"not_picked":["Headbutt+1","Cleave"],"picked":"Spot Weakness+1","floor":20.0},{"not_picked":["Berserk","Sword Boomerang","Pummel+1"],"picked":"SKIP","floor":22.0},{"not_picked":["Pommel Strike","Intimidate"],"picked":"Battle Trance","floor":24.0},{"not_picked":["Shrug It Off","Battle Trance"],"picked":"Pommel Strike","floor":25.0},{"not_picked":["Sword Boomerang","Disarm"],"picked":"Inflame","floor":27.0},{"not_picked":["Immolate","Flame Barrier+1"],"picked":"Flex","floor":29.0},{"not_picked":["Reckless Charge","Headbutt","Shrug It Off+1"],"picked":"SKIP","floor":30.0},{"not_picked":["Sever Soul","Warcry"],"picked":"Flex","floor":35.0},{"not_picked":["Combust","Flex+1","Pummel+1"],"picked":"SKIP","floor":36.0},{"not_picked":["Wild Strike+1","Metallicize+1"],"picked":"Spot Weakness+1","floor":37.0},{"not_picked":["Clash+1","Warcry+1","Twin Strike+1"],"picked":"SKIP","floor":42},{"not_picked":["Evolve","Flame Barrier+1"],"picked":"Heavy Blade+1","floor":45},{"not_picked":["Perfected Strike+1","Demon Form","Clash+1"],"picked":"SKIP","floor":46},{"not_picked":["Headbutt+1","Anger","Shrug It Off"],"picked":"SKIP","floor":47},{"not_picked":["Sever Soul+1","Seeing Red","Armaments+1"],"picked":"SKIP","floor":54}],"player_experience":135191,"relics_obtained":[{"floor":6.0,"key":"Orichalcum"},{"floor":8.0,"key":"Self Forming Clay"},{"floor":26.0,"key":"MealTicket"},{"floor":27.0,"key":"Strawberry"},{"floor":43,"key":"Toy Ornithopter"},{"floor":46,"key":"Red Skull"},{"floor":54,"key":"Ornamental Fan"}],"event_choices":[{"damage_healed":0.0,"max_hp_gain":0.0,"max_hp_loss":0.0,"gold_gain":175.0,"event_name":"Liars Game","player_choice":"AGREE","floor":3.0,"gold_loss":0.0,"damage_taken":0.0,"cards_obtained":["Doubt"]},{"damage_healed":0.0,"max_hp_gain":5.0,"max_hp_loss":0.0,"gold_gain":0.0,"event_name":"Big Fish","player_choice":"Donut","floor":4.0,"gold_loss":0.0,"damage_taken":0.0},{"damage_healed":0.0,"max_hp_gain":0.0,"max_hp_loss":0.0,"gold_gain":0.0,"event_name":"Shining Light","player_choice":"Entered Light","floor":13.0,"gold_loss":0.0,"damage_taken":17.0,"cards_upgraded":["Feed","Defend_R"]},{"damage_healed":0.0,"max_hp_gain":0.0,"max_hp_loss":0.0,"gold_gain":0.0,"event_name":"Living Wall","player_choice":"Grow","floor":14.0,"gold_loss":0.0,"damage_taken":0.0,"cards_upgraded":["Infernal Blade"]},{"damage_healed":0.0,"max_hp_gain":0.0,"max_hp_loss":0.0,"gold_gain":0.0,"event_name":"Match and Keep!","player_choice":"1 cards matched","floor":19.0,"gold_loss":0.0,"damage_taken":0.0,"cards_obtained":["Rage"]},{"damage_healed":0.0,"max_hp_gain":0.0,"max_hp_loss":0.0,"gold_gain":0.0,"event_name":"Back to Basics","player_choice":"Simplicity","floor":31.0,"gold_loss":0.0,"damage_taken":0.0,"cards_upgraded":["Strike_R","Strike_R","Strike_R","Strike_R","Defend_R","Defend_R","Defend_R"]},{"damage_healed":0.0,"max_hp_gain":0.0,"max_hp_loss":0.0,"gold_gain":0.0,"event_name":"Tomb of Lord Red Mask","player_choice":"Ignored","floor":39.0,"gold_loss":0.0,"damage_taken":0.0},{"damage_healed":0,"gold_gain":0,"player_choice":"Ignored","damage_taken":0,"max_hp_gain":0,"max_hp_loss":0,"event_name":"Duplicator","floor":41,"gold_loss":0},{"damage_healed":0,"gold_gain":0,"player_choice":"Memory 1","damage_taken":0,"max_hp_gain":0,"max_hp_loss":0,"event_name":"SensoryStone","floor":48,"gold_loss":0}],"is_beta":false,"boss_relics":[{"not_picked":["Black Blood","Snecko Eye"],"picked":"Philosopher\u0027s Stone"},{"not_picked":["Velvet Choker","Runic Cube"],"picked":"SacredBark"}],"items_purged_floors":[12,21,53],"is_endless":false,"potions_floor_spawned":[5,8,11,16,20,25,29,33,36,42,45,47],"killed_by":"The Heart","ascension_level":0}}