{"host":"mydft8i2zzydgggw","time":1612863246,"event":{"mods":["AchievementEnabler","BaseMod","Colored Map","Colored Powertips","DeckTracker","Keyboard Shortcuts","Minty Spire (QoL Compilation)","Rare Cards Sparkle","StSLib","SuperFastMode","everything is the same but u backflip on backflip"],"gold_per_floor":[112,128,145,145,157,182,35,35,35,35,50,50,79,94,94,191,191,210,210,210,221,241,241,274,274,274,174,174,174,193,193,193,294,294,308,320,333,313,14,40,40,52,52,68,93,25,25,59,59,59,59,59,9,40,40],"floor_reached":56,"language":"KOR","playtime":2055,"items_purged":["Dodge and Roll","Infinite Blades"],"score":1839,"play_id":"08f98b81-c7d7-4001-ba20-099e7e430e9e","local_time":"20210209183406","is_ascension_mode":true,"campfire_choices":[{"data":"Terror","floor":8,"key":"SMITH"},{"data":"Choke","floor":10,"key":"SMITH"},{"data":"Tactician","floor":15,"key":"SMITH"},{"data":"Crippling Poison","floor":23,"key":"SMITH"},{"data":"Wraith Form v2","floor":25,"key":"SMITH"},{"data":"Choke","floor":29,"key":"SMITH"},{"data":"Neutralize","floor":32,"key":"SMITH"},{"floor":41,"key":"RECALL"},{"floor":49,"key":"REST"},{"floor":52,"key":"REST"}],"circlet_count":0,"master_deck":["Survivor","Neutralize+1","Crippling Poison+1","Riddle With Holes+1","After Image","Envenom+1","Leg Sweep","Footwork","Backflip","Choke+1","Terror+1","Tactician+1","Bullet Time","Wraith Form v2+1","Acrobatics","Bouncing Flask","Reflex","Choke+1","Adrenaline","PiercingWail+1","Catalyst","Choke+1","Acrobatics","Crippling Poison","Riddle With Holes+1"],"relics":["Pandora\u0027s Box","Regal Pillow","HornCleat","Du-Vu Doll","Snecko Eye","Nilry\u0027s Codex","Bag of Marbles","Paper Crane","Fusion Hammer","Mummified Hand","Question Card","Whetstone","Snake Skull","Anchor"],"acts_visited":["Exordium","TheCity","TheBeyond","TheEnding"],"potions_floor_usage":[16,33,33,50,55,55,55,55,55],"damage_taken":[{"damage":10,"enemies":"Jaw Worm","floor":1,"turns":4},{"damage":0,"enemies":"Cultist","floor":2,"turns":4},{"damage":0,"enemies":"Small Slimes","floor":3,"turns":3},{"damage":10,"enemies":"Blue Slaver","floor":5,"turns":5},{"damage":0,"enemies":"Lagavulin","floor":6,"turns":6},{"damage":1,"enemies":"Exordium Thugs","floor":11,"turns":5},{"damage":4,"enemies":"Gremlin Nob","floor":13,"turns":4},{"damage":4,"enemies":"Looter","floor":14,"turns":3},{"damage":11,"enemies":"The Guardian","floor":16,"turns":10},{"damage":0,"enemies":"3 Byrds","floor":18,"turns":4},{"damage":0,"enemies":"Shell Parasite","floor":21,"turns":2},{"damage":0,"enemies":"Snecko","floor":22,"turns":5},{"damage":2,"enemies":"Book of Stabbing","floor":24,"turns":4},{"damage":0,"enemies":"Cultist and Chosen","floor":30,"turns":3},{"damage":0,"enemies":"Collector","floor":33,"turns":4},{"damage":0,"enemies":"3 Darklings","floor":35,"turns":3},{"damage":2,"enemies":"3 Shapes","floor":36,"turns":3},{"damage":1,"enemies":"Sphere and 2 Shapes","floor":37,"turns":3},{"damage":0,"enemies":"Nemesis","floor":40,"turns":5},{"damage":13,"enemies":"Transient","floor":42,"turns":5},{"damage":0,"enemies":"3 Darklings","floor":44,"turns":4},{"damage":0,"enemies":"Reptomancer","floor":45,"turns":3},{"damage":0,"enemies":"Nemesis","floor":48,"turns":3},{"damage":1,"enemies":"Awakened One","floor":50,"turns":6},{"damage":0,"enemies":"Shield and Spear","floor":54,"turns":3},{"damage":29,"enemies":"The Heart","floor":55,"turns":6}],"seed_played":"3818659493186360310","potions_obtained":[{"floor":1,"key":"Fire Potion"},{"floor":5,"key":"SmokeBomb"},{"floor":6,"key":"ColorlessPotion"},{"floor":11,"key":"Ancient Potion"},{"floor":14,"key":"Poison Potion"},{"floor":22,"key":"AttackPotion"},{"floor":30,"key":"Swift Potion"},{"floor":35,"key":"Strength Potion"},{"floor":38,"key":"Energy Potion"},{"floor":54,"key":"EntropicBrew"}],"is_trial":false,"path_per_floor":["M","M","M","?","M","E","$","R","T","R","M","?","E","M","R","B",null,"M","?","?","M","M","R","E","R","T","$","?","R","M","?","R","B",null,"M","M","M","?","$","E","R","M","T","M","E","$","?","E","R","B",null,"R","$","E","B",null],"character_chosen":"THE_SILENT","items_purchased":["Tactician","Mummified Hand","Poison Potion","Crippling Poison","Swift Potion"],"campfire_rested":2,"item_purchase_floors":[7,39,39,46,53],"current_hp_per_floor":[53,53,53,53,43,43,43,43,43,43,42,65,61,57,57,46,64,64,64,48,48,48,48,46,46,46,46,46,46,46,46,46,46,64,64,62,61,61,61,61,61,48,48,48,48,48,48,48,70,69,70,70,70,70,41],"gold":40,"neow_bonus":"BOSS_RELIC","is_daily":false,"chose_seed":false,"campfire_upgraded":7,"win_rate":0.0,"timestamp":1612863246,"path_taken":["M","M","M","?","M","E","$","R","T","R","?","?","E","M","R","BOSS","M","?","?","?","M","R","E","R","T","$","?","R","M","?","R","BOSS","M","M","M","?","?","E","R","?","T","?","E","$","?","E","R","BOSS","R","$","E","BOSS"],"items_purchased_type":["Card","Relic","Potion","Card","Potion"],"build_version":"2020-12-22","purchased_purges":2,"victory":true,"max_hp_per_floor":[70,70,70,70,70,70,70,70,70,70,70,70,70,70,70,70,70,70,70,70,70,70,70,70,70,70,70,70,70,70,70,70,70,70,70,70,70,70,70,70,70,70,70,70,70,70,70,70,70,70,70,70,70,70,70],"card_choices":[{"not_picked":["Caltrops","Slice"],"picked":"Backflip","floor":1},{"not_picked":["All Out Attack","Predator","Dodge and Roll"],"picked":"SKIP","floor":2},{"not_picked":["Concentrate","Bane","Cloak And Dagger"],"picked":"SKIP","floor":3},{"not_picked":["Slice","Deflect"],"picked":"Choke","floor":5},{"not_picked":["Poisoned Stab","Outmaneuver"],"picked":"Terror","floor":6},{"not_picked":["Sucker Punch","Glass Knife","Bane"],"picked":"SKIP","floor":11},{"not_picked":["Dagger Throw","Finisher"],"picked":"Bullet Time","floor":13},{"not_picked":["Deflect","Eviscerate","Masterful Stab"],"picked":"SKIP","floor":14},{"not_picked":["Burst","Venomology"],"picked":"Wraith Form v2","floor":16},{"not_picked":["Backflip+1","Quick Slash+1"],"picked":"Acrobatics","floor":18},{"not_picked":["Finisher","Prepared","Flying Knee"],"picked":"SKIP","floor":21},{"not_picked":["Storm of Steel","Bane","Dagger Throw+1"],"picked":"SKIP","floor":22},{"not_picked":["Caltrops","Underhanded Strike"],"picked":"Reflex","floor":24},{"not_picked":["All Out Attack+1","Dagger Throw+1","Setup"],"picked":"SKIP","floor":30},{"not_picked":["Phantasmal Killer","Bullet Time"],"picked":"Adrenaline","floor":33},{"not_picked":["Dagger Throw","Bane"],"picked":"PiercingWail+1","floor":35},{"not_picked":["Blade Dance+1","Bane+1","Quick Slash"],"picked":"SKIP","floor":36},{"not_picked":["Heel Hook","Endless Agony","Cloak And Dagger+1"],"picked":"SKIP","floor":37},{"not_picked":["Underhanded Strike+1","Choke","All Out Attack"],"picked":"SKIP","floor":40},{"not_picked":["Expertise","Deflect","Quick Slash"],"picked":"Catalyst","floor":42},{"not_picked":["Backstab+1","Poisoned Stab+1","Sucker Punch"],"picked":"Choke+1","floor":44},{"not_picked":["Quick Slash","Expertise+1","Catalyst"],"picked":"Acrobatics","floor":45},{"not_picked":["Predator+1","Acrobatics+1","Burst","Bane+1"],"picked":"SKIP","floor":48},{"not_picked":["Quick Slash+1","Outmaneuver","Slice"],"picked":"Riddle With Holes+1","floor":54}],"player_experience":253737,"relics_obtained":[{"floor":6,"key":"Regal Pillow"},{"floor":9,"key":"HornCleat"},{"floor":13,"key":"Du-Vu Doll"},{"floor":20,"key":"Nilry\u0027s Codex"},{"floor":24,"key":"Bag of Marbles"},{"floor":26,"key":"Paper Crane"},{"floor":40,"key":"Question Card"},{"floor":45,"key":"Whetstone"},{"floor":48,"key":"Snake Skull"},{"floor":54,"key":"Anchor"}],"event_choices":[{"damage_healed":0,"gold_gain":0,"player_choice":"Upgraded","damage_taken":0,"max_hp_gain":0,"max_hp_loss":0,"event_name":"Upgrade Shrine","floor":4,"gold_loss":0,"cards_upgraded":["Envenom"]},{"damage_healed":23,"gold_gain":0,"player_choice":"Banana","damage_taken":0,"max_hp_gain":0,"max_hp_loss":0,"event_name":"Big Fish","floor":12,"gold_loss":0},{"damage_healed":0,"gold_gain":0,"player_choice":"Read","damage_taken":0,"max_hp_gain":0,"max_hp_loss":0,"event_name":"The Library","floor":19,"gold_loss":0,"cards_obtained":["Bouncing Flask"]},{"damage_healed":0,"gold_gain":0,"player_choice":"Obtained Book","damage_taken":16,"max_hp_gain":0,"max_hp_loss":0,"event_name":"Cursed Tome","floor":20,"gold_loss":0},{"damage_healed":0,"gold_gain":0,"cards_transformed":["Expertise","Masterful Stab"],"player_choice":"Became Test Subject","damage_taken":0,"max_hp_gain":0,"max_hp_loss":0,"event_name":"Drug Dealer","floor":28,"gold_loss":0,"cards_obtained":["Accuracy","Choke"]},{"cards_removed":["Accuracy"],"damage_healed":0,"gold_gain":0,"player_choice":"Elegance","damage_taken":0,"max_hp_gain":0,"max_hp_loss":0,"event_name":"Back to Basics","floor":31,"gold_loss":0},{"damage_healed":0,"gold_gain":0,"player_choice":"Bought 1 Potion","damage_taken":0,"max_hp_gain":0,"max_hp_loss":0,"event_name":"The Woman in Blue","floor":38,"gold_loss":0},{"damage_healed":0,"gold_gain":0,"player_choice":"Memory 1","damage_taken":0,"max_hp_gain":0,"max_hp_loss":0,"event_name":"SensoryStone","floor":47,"gold_loss":0}],"is_beta":false,"boss_relics":[{"not_picked":["Calling Bell","Black Star"],"picked":"Snecko Eye"},{"not_picked":["Astrolabe","Tiny House"],"picked":"Fusion Hammer"}],"items_purged_floors":[7,27],"is_endless":false,"potions_floor_spawned":[1,5,6,11,14,22,30,35,40,44,45,54],"ascension_level":7}}