{"host":"72j3if4hls1tefkc","time":1612894987,"event":{"mods":["AchievementEnabler","Always Whale","Aspiration","BaseMod","Beaked The Cultist","Colored Map","Conspire","FetchMod","Halation","Hermit","Hubris","Infinite Spire","Minty Spire (QoL Compilation)","Reliquary","Replay The Spire","Shop Mod","StSLib","The Construct","The Cursed","The Jungle","The Marked","The Necromancer","The Poker Player"],"gold_per_floor":[114,114,46,46,46,46,71,71,71,71,71,102,113,128,128,179,179,198,209,34,50,60,93,93,106,106,126,153,153,179,199,199,297,397,416,201,201,212,87,87,116,126,126,126,141,241,272,284,284,284],"floor_reached":51,"language":"ENG","playtime":2381,"items_purged":["TheCursedMod:SpitefulPray","TheCursedMod:CursedWand","TheCursedMod:CleanUpWorkshop"],"score":1315,"play_id":"117ec4fa-1170-47bd-b537-0ebeaff5734f","local_time":"20210209112307","is_ascension_mode":true,"campfire_choices":[{"data":"TheCursedMod:CircleOfWindfury","floor":6.0,"key":"SMITH"},{"data":"TheCursedMod:CircleOfCorruption","floor":8.0,"key":"SMITH"},{"data":"TheCursedMod:CircleOfCorruption","floor":11.0,"key":"SMITH"},{"data":"infinitespire:FutureSight","floor":15.0,"key":"SMITH"},{"data":"TheCursedMod:NeowsMight","floor":24.0,"key":"SMITH"},{"data":"TheCursedMod:CircleOfAbyss","floor":32.0,"key":"SMITH"},{"data":"TheCursedMod:CircleOfWindfury","floor":40.0,"key":"SMITH"},{"data":"TheCursedMod:Stretching","floor":44.0,"key":"SMITH"},{"floor":49,"key":"REST"}],"circlet_count":0,"master_deck":["Finesse+1","TheCursedMod:Stretching+1","TheCursedMod:Stretching+1","TheCursedMod:CircleOfCorruption+1","TheCursedMod:CircleOfCorruption+1","TheCursedMod:CircleOfWindfury+1","TheCursedMod:CircleOfAbyss+1","TheCursedMod:EmpowerCircles+1","infinitespire:FutureSight+1","TheCursedMod:NeowsMight+1","TheCursedMod:NeowsMight+1","TheCursedMod:CircleOfWindfury+1"],"relics":["TheCursedMod:PinkPellets","hubris:Icosahedron","aspiration:HiddenCompartment","halation:SelfBoilingWater","Gremlin Food","aspiration:IroncladSkillbook","Strawberry","infinitespire:Beetle Shell","reliquary:Stiletto","Pet Ghost","Replay:Wanted Poster","halation:PeacePiece","Centennial Puzzle","construct:RocketBooster","infinitespire:Golems Mask"],"acts_visited":["Exordium","TheCity","TheBeyond"],"potions_floor_usage":[50],"damage_taken":[{"damage":0.0,"enemies":"Jaw Worm","floor":1.0,"turns":2.0},{"damage":0.0,"enemies":"Lagavulin","floor":7.0,"turns":2.0},{"damage":0.0,"enemies":"Gremlin Nob","floor":12.0,"turns":2.0},{"damage":0.0,"enemies":"Small Slimes","floor":13.0,"turns":1.0},{"damage":0.0,"enemies":"2 Louse","floor":14.0,"turns":1.0},{"damage":0.0,"enemies":"Slime Boss","floor":16.0,"turns":2.0},{"damage":12.0,"enemies":"Chosen","floor":18.0,"turns":2.0},{"damage":0.0,"enemies":"Spheric Guardian","floor":19.0,"turns":1.0},{"damage":0.0,"enemies":"Centurion and Healer","floor":21.0,"turns":1.0},{"damage":0.0,"enemies":"Chosen and Byrds","floor":22.0,"turns":1.0},{"damage":0.0,"enemies":"conspire:Head Lice","floor":23.0,"turns":1.0},{"damage":0.0,"enemies":"Snake Plant","floor":25.0,"turns":1.0},{"damage":0.0,"enemies":"Cultist and Chosen","floor":27.0,"turns":1.0},{"damage":10.0,"enemies":"Replay:Snechameleon","floor":28.0,"turns":2.0},{"damage":0.0,"enemies":"Book of Stabbing","floor":30.0,"turns":1.0},{"damage":7.0,"enemies":"Shelled Parasite and Fungi","floor":31.0,"turns":2.0},{"damage":0.0,"enemies":"Collector","floor":33.0,"turns":1.0},{"damage":0.0,"enemies":"3 Darklings","floor":35.0,"turns":1.0},{"damage":0.0,"enemies":"Orb Walker","floor":38.0,"turns":1.0},{"damage":1.0,"enemies":"R_Hoarder","floor":41.0,"turns":5.0},{"damage":0.0,"enemies":"4 Shapes","floor":42.0,"turns":2.0},{"damage":0.0,"enemies":"3 Darklings","floor":45.0,"turns":1.0},{"damage":0.0,"enemies":"infinitespire:Three Voidlings","floor":46.0,"turns":1.0},{"damage":56.0,"enemies":"Nightmare_Alpha","floor":46.0,"turns":16.0},{"damage":0,"enemies":"Giant Head","floor":47,"turns":1},{"damage":0,"enemies":"Transient","floor":48,"turns":2},{"damage":0,"enemies":"Time Eater","floor":50,"turns":4}],"seed_played":"1523919452234608598","potions_obtained":[{"floor":7.0,"key":"SpeedPotion"},{"floor":12.0,"key":"Fire Potion"},{"floor":16.0,"key":"SpeedPotion"},{"floor":18.0,"key":"Elixir"},{"floor":22.0,"key":"PowerPotion"},{"floor":30.0,"key":"ColorlessPotion"},{"floor":42.0,"key":"Block Potion"},{"floor":47,"key":"Block Potion"}],"is_trial":false,"path_per_floor":["M","?","$","?","?","R","E","R","T","$","R","E","M","M","R","B",null,"M","M","$","M","M","E","R","M","T","M","E","?","E","M","R","B",null,"M","$","?","M","$","R","E","M","T","R","M","?","E","M","R","B",null],"character_chosen":"THE_CURSED","items_purchased":["TheCursedMod:EmpowerCircles","TheCursedMod:NeowsMight+1","halation:PeacePiece"],"campfire_rested":1,"item_purchase_floors":[3,20,36],"current_hp_per_floor":[75,75,75,57,57,57,57,57,57,57,57,57,57,57,57,57,75,67,71,71,75,75,82,82,82,82,82,76,60,64,61,61,65,87,87,87,87,87,87,87,87,87,87,87,87,35,39,43,69,73],"gold":284,"neow_bonus":"RANDOM_EVENT","is_daily":false,"chose_seed":false,"campfire_upgraded":8,"win_rate":0.0,"timestamp":1612894987,"path_taken":["M","?","$","?","?","R","E","R","T","?","R","E","M","M","R","BOSS","M","M","$","M","M","E","R","M","T","M","E","?","E","M","R","BOSS","M","$","?","M","$","R","E","M","T","R","M","?","E","M","R","BOSS"],"items_purchased_type":["Card","Card","Relic"],"build_version":"2020-12-22","purchased_purges":3,"victory":true,"max_hp_per_floor":[75,75,75,75,75,75,75,75,75,75,75,75,75,75,75,75,75,75,75,75,75,75,82,82,82,82,82,82,87,87,87,87,87,87,87,87,87,87,87,87,87,87,87,87,87,87,87,87,87,87],"card_choices":[{"not_picked":["TheCursedMod:BlessingInDisguise","TheCursedMod:RavingStaff","TheCursedMod:CircleOfFlame"],"picked":"SKIP","floor":1.0},{"not_picked":["infinitespire:SevenWalls","infinitespire:Execution"],"picked":"infinitespire:FutureSight","floor":4.0},{"not_picked":["TheCursedMod:CircleOfAbyss","TheCursedMod:CircleOfFlame"],"picked":"TheCursedMod:SpitefulPray","floor":7.0},{"not_picked":["TheCursedMod:LuckyCharm","TheCursedMod:CircleOfCorruption","TheCursedMod:Wield"],"picked":"SKIP","floor":12.0},{"not_picked":["TheCursedMod:CursedBlade","TheCursedMod:CircleOfCorruption","TheCursedMod:TacticalStrike"],"picked":"SKIP","floor":13.0},{"not_picked":["TheCursedMod:VitalStrike","TheCursedMod:ManaBullet","TheCursedMod:SmokeScreen"],"picked":"SKIP","floor":14.0},{"not_picked":["TheCursedMod:CircleOfAbyss","TheCursedMod:OutForBlood"],"picked":"TheCursedMod:NeowsMight","floor":16.0},{"not_picked":["Shockwave","ReplayTheSpireMod:Strike From Hell+1","TheCursedMod:ReleasedStrength","TheCursedMod:Stigma"],"picked":"SKIP","floor":18.0},{"not_picked":["Power Through","Flex","Armaments"],"picked":"TheCursedMod:SurpriseAttack","floor":19.0},{"not_picked":["hubris:CleavingFinish+1","TheCursedMod:RavingStaff","TheCursedMod:SmokeScreen+1","ReplayReversal"],"picked":"SKIP","floor":21.0},{"not_picked":["TheCursedMod:FuryStrike","Brutality","Wild Strike+1","True Grit"],"picked":"SKIP","floor":22.0},{"not_picked":["Replay:Undeath\u0027s Touch","Run Through","TheCursedMod:ReleasedKnowledge","TheCursedMod:CursedStaff+1"],"picked":"SKIP","floor":23.0},{"not_picked":["TheCursedMod:SpitefulPlan","hubris:ReadiedAction","Combust","TheCursedMod:FleshFromBone"],"picked":"SKIP","floor":25.0},{"not_picked":["TheCursedMod:Wield","ReplayTheSpireMod:Limb From Limb","TheCursedMod:DemonicPact","TheCursedMod:Grudge+1"],"picked":"SKIP","floor":27.0},{"not_picked":["TheCursedMod:SmokeScreen","TheCursedMod:RapidMovement","TheCursedMod:WearCloak+1","Metallicize"],"picked":"SKIP","floor":28.0},{"not_picked":["Replay:Many Hands","Shrug It Off","TheCursedMod:CursedMace","Thunderclap"],"picked":"SKIP","floor":30.0},{"not_picked":["Flex","Disarm","TheCursedMod:HellsGateOpen+1","TheCursedMod:Torture"],"picked":"SKIP","floor":31.0},{"not_picked":["Battle Trance","TheCursedMod:ReleasedKnowledge+1","TheCursedMod:CursedBlade"],"picked":"TheCursedMod:CircleOfWindfury","floor":35.0},{"not_picked":["Defy Death+1","TheCursedMod:Stigma","Run Through+1","Sword Boomerang"],"picked":"SKIP","floor":38.0},{"not_picked":["TheCursedMod:DarkBarrier","hubris:SharpeningStone","Sword Boomerang","Rampage"],"picked":"SKIP","floor":41.0},{"not_picked":["Thunderclap+1","TheCursedMod:SmokeScreen+1","TheCursedMod:Torture+1","Offering"],"picked":"SKIP","floor":42.0},{"not_picked":["Seeing Red","Armaments+1","Offering","TheCursedMod:Stretching+1"],"picked":"SKIP","floor":45.0},{"not_picked":["Ghostly Armor+1","TheCursedMod:SpitefulStrike+1","conspire:Charge+1","Whirlwind+1"],"picked":"SKIP","floor":47},{"not_picked":["TheCursedMod:FuryStrike+1","Second Wind","Thunderclap","Anger+1"],"picked":"SKIP","floor":48}],"player_experience":410385,"relics_obtained":[{"floor":7.0,"key":"aspiration:HiddenCompartment"},{"floor":9.0,"key":"halation:SelfBoilingWater"},{"floor":12.0,"key":"Gremlin Food"},{"floor":23.0,"key":"Strawberry"},{"floor":26.0,"key":"infinitespire:Beetle Shell"},{"floor":28.0,"key":"reliquary:Stiletto"},{"floor":30.0,"key":"Pet Ghost"},{"floor":41.0,"key":"Centennial Puzzle"},{"floor":46,"key":"construct:RocketBooster"},{"floor":47,"key":"infinitespire:Golems Mask"}],"event_choices":[{"damage_healed":0.0,"max_hp_gain":0.0,"max_hp_loss":0.0,"gold_gain":0.0,"event_name":"Living Wall","player_choice":"Grow","floor":5.0,"gold_loss":0.0,"damage_taken":0.0,"cards_upgraded":["TheCursedMod:EmpowerCircles"]},{"damage_healed":0.0,"max_hp_gain":5.0,"max_hp_loss":0.0,"gold_gain":0.0,"event_name":"Forgotten Altar","player_choice":"Shed Blood","floor":29.0,"gold_loss":0.0,"damage_taken":21.0},{"cards_removed":["TheCursedMod:SurpriseAttack"],"damage_healed":0.0,"max_hp_gain":0.0,"max_hp_loss":0.0,"gold_gain":0.0,"event_name":"Falling","player_choice":"Removed Attack","floor":37.0,"gold_loss":0.0,"damage_taken":0.0},{"cards_removed":["TheCursedMod:Wield"],"damage_healed":0,"gold_gain":0,"player_choice":"Removed Attack","damage_taken":0,"max_hp_gain":0,"max_hp_loss":0,"event_name":"Falling","floor":46,"gold_loss":0}],"is_beta":false,"boss_relics":[{"not_picked":["hubris:TerracottaHorce","halation:HeavySnake"],"picked":"aspiration:IroncladSkillbook"},{"not_picked":["Snecko Eye","TheCursedMod:FourLeafCloverCharm"],"picked":"Replay:Wanted Poster"}],"items_purged_floors":[20,36,39],"is_endless":false,"potions_floor_spawned":[7,12,16,18,21,22,27,30,38,42,45,47],"ascension_level":3}}