{"host":"pjgcdp3h1plnbocs","time":1612910846,"event":{"mods":["AchievementEnabler","BaseMod","Colored Map","Downfall","Highlight Path","Minty Spire (QoL Compilation)","StSLib"],"gold_per_floor":[109,123,134,59,59,90,90,108,133,161,17,50,50,65,65,162,162,182,193,193,143,143,170,170,170,170,200,216,216,227,239,239,335,335,355,368,382,35,48,48,83,137,137,42,70,70,98,108,108,108,108,108,58,91,91,91],"floor_reached":55,"language":"ENG","playtime":3017,"items_purged":["Strike_G","Strike_G","Strike_G","Defend_G"],"score":1207,"play_id":"e04a7342-aa9f-481c-89e8-52045a3beb08","local_time":"20210209234726","is_ascension_mode":true,"campfire_choices":[{"data":"Noxious Fumes","floor":7.0,"key":"SMITH"},{"floor":13.0,"key":"REST"},{"data":"A Thousand Cuts","floor":15.0,"key":"SMITH"},{"floor":25.0,"key":"REST"},{"data":"Neutralize","floor":29.0,"key":"SMITH"},{"data":"Acrobatics","floor":32.0,"key":"SMITH"},{"floor":40.0,"key":"RECALL"},{"floor":49,"key":"REST"},{"data":"Backflip","floor":52,"key":"SMITH"}],"circlet_count":0,"master_deck":["Strike_G","Strike_G","Defend_G","Defend_G","Defend_G","Defend_G","Survivor","Neutralize+1","Acrobatics+1","Flying Knee","Flying Knee","Blur","Noxious Fumes+1","A Thousand Cuts+1","Blur","After Image","Distraction+1","Backflip+1","Footwork+1","Backflip+1"],"relics":["Ring of the Snake","Regal Pillow","Orichalcum","Smiling Mask","TwistedFunnel","Eternal Feather","Busted Crown","Enchiridion","Letter Opener","PreservedInsect","Ancient Tea Set","Sozu","Incense Burner","Gremlin Horn","Mango","Strawberry","Kunai","Blood Vial","Bag of Preparation"],"acts_visited":["Exordium","TheCity","TheBeyond","TheEnding"],"potions_floor_usage":[55,55],"damage_taken":[{"damage":1.0,"enemies":"Cultist","floor":1.0,"turns":5.0},{"damage":0.0,"enemies":"2 Louse","floor":2.0,"turns":4.0},{"damage":0.0,"enemies":"Jaw Worm","floor":3.0,"turns":3.0},{"damage":25.0,"enemies":"Gremlin Nob","floor":6.0,"turns":5.0},{"damage":4.0,"enemies":"Red Slaver","floor":8.0,"turns":5.0},{"damage":2.0,"enemies":"Lagavulin","floor":10.0,"turns":6.0},{"damage":37.0,"enemies":"Gremlin Nob","floor":12.0,"turns":5.0},{"damage":1.0,"enemies":"Gremlin Gang","floor":14.0,"turns":3.0},{"damage":11.0,"enemies":"The Guardian","floor":16.0,"turns":13.0},{"damage":14.0,"enemies":"2 Thieves","floor":18.0,"turns":3.0},{"damage":0.0,"enemies":"Spheric Guardian","floor":19.0,"turns":6.0},{"damage":31.0,"enemies":"Gremlin Leader","floor":23.0,"turns":7.0},{"damage":17.0,"enemies":"Book of Stabbing","floor":27.0,"turns":6.0},{"damage":17.0,"enemies":"Shelled Parasite and Fungi","floor":28.0,"turns":5.0},{"damage":3.0,"enemies":"Snake Plant","floor":30.0,"turns":3.0},{"damage":4.0,"enemies":"Chosen and Byrds","floor":31.0,"turns":6.0},{"damage":4.0,"enemies":"Champ","floor":33.0,"turns":14.0},{"damage":23.0,"enemies":"3 Darklings","floor":35.0,"turns":3.0},{"damage":0.0,"enemies":"3 Shapes","floor":36.0,"turns":3.0},{"damage":0.0,"enemies":"Maw","floor":37.0,"turns":9.0},{"damage":1.0,"enemies":"4 Shapes","floor":39.0,"turns":3.0},{"damage":6.0,"enemies":"Reptomancer","floor":41.0,"turns":5.0},{"damage":1.0,"enemies":"2 Orb Walkers","floor":42.0,"turns":5.0},{"damage":25.0,"enemies":"Nemesis","floor":45.0,"turns":7.0},{"damage":0,"enemies":"Reptomancer","floor":47,"turns":4},{"damage":4,"enemies":"Jaw Worm Horde","floor":48,"turns":3},{"damage":12,"enemies":"Awakened One","floor":50,"turns":23},{"damage":0,"enemies":"Shield and Spear","floor":54,"turns":8},{"damage":127,"enemies":"The Heart","floor":55,"turns":17}],"seed_played":"5365479851375828078","potions_obtained":[{"floor":0.0,"key":"Swift Potion"},{"floor":0.0,"key":"GamblersBrew"},{"floor":0.0,"key":"Guardian:BlockOnCardUsePotion"},{"floor":2.0,"key":"Dexterity Potion"},{"floor":14.0,"key":"Strength Potion"},{"floor":16.0,"key":"Energy Potion"},{"floor":18.0,"key":"Fire Potion"},{"floor":30.0,"key":"PowerPotion"},{"floor":33.0,"key":"DistilledChaos"}],"is_trial":false,"path_per_floor":["M","M","M","$","?","E","R","M","T","E","$","E","R","M","R","B",null,"M","M","?","$","?","E","T","R","T","E","M","R","M","M","R","B",null,"M","M","M","$","M","R","E","?","T","$","E","?","E","M","R","B",null,"R","$","E","B"],"character_chosen":"THE_SILENT","items_purchased":["Blur","TwistedFunnel","Incense Burner","Backflip"],"campfire_rested":3,"item_purchase_floors":[4,11,38,44],"current_hp_per_floor":[62,62,62,62,70,45,45,41,41,39,39,2,47,46,55,44,64,50,50,50,50,34,3,3,51,51,34,17,29,26,22,34,30,60,37,37,37,37,36,48,42,55,62,62,37,37,37,35,89,79,88,91,91,91,0,0],"gold":91,"neow_bonus":"THREE_SMALL_POTIONS","is_daily":false,"chose_seed":false,"campfire_upgraded":5,"win_rate":0.0,"timestamp":1612910846,"path_taken":["M","M","M","$","?","E","R","M","T","E","?","E","R","M","R","BOSS","M","M","?","$","?","E","?","R","T","E","M","R","M","?","R","BOSS","M","M","M","$","?","R","E","?","T","?","E","?","E","M","R","BOSS","R","$","E","BOSS"],"items_purchased_type":["Card","Relic","Relic","Card"],"build_version":"2020-12-22","purchased_purges":4,"victory":false,"max_hp_per_floor":[70,70,70,70,70,70,70,70,70,70,70,70,70,70,70,70,70,70,70,70,70,70,70,70,70,70,70,70,70,70,70,70,70,70,70,70,70,70,70,70,70,84,91,91,91,91,91,91,91,91,91,91,91,91,91,91],"card_choices":[{"not_picked":["Terror","Caltrops"],"picked":"Acrobatics","floor":1.0},{"not_picked":["Underhanded Strike","Outmaneuver"],"picked":"Flying Knee","floor":2.0},{"not_picked":["Blade Dance","Dagger Throw"],"picked":"Flying Knee","floor":3.0},{"not_picked":["Concentrate","Crippling Poison"],"picked":"Noxious Fumes","floor":6.0},{"not_picked":["Heel Hook","Poisoned Stab"],"picked":"A Thousand Cuts","floor":8.0},{"not_picked":["Dodge and Roll","Outmaneuver","Cloak And Dagger"],"picked":"SKIP","floor":10.0},{"not_picked":["Dash","Bane"],"picked":"Blur","floor":12.0},{"not_picked":["Skewer","Riddle With Holes","Sucker Punch"],"picked":"SKIP","floor":14.0},{"not_picked":["Night Terror","Venomology"],"picked":"After Image","floor":16.0},{"not_picked":["Riddle With Holes"],"picked":"SKIP","floor":18.0},{"not_picked":[],"picked":"Distraction+1","floor":19.0},{"not_picked":["Endless Agony"],"picked":"SKIP","floor":23.0},{"not_picked":[],"picked":"Backflip+1","floor":27.0},{"not_picked":["Expertise"],"picked":"SKIP","floor":28.0},{"not_picked":["Outmaneuver"],"picked":"SKIP","floor":30.0},{"not_picked":["Eviscerate"],"picked":"SKIP","floor":31.0},{"not_picked":["Dagger Spray"],"picked":"SKIP","floor":35.0},{"not_picked":[],"picked":"Footwork+1","floor":36.0},{"not_picked":["Blade Dance+1"],"picked":"SKIP","floor":37.0},{"not_picked":["PiercingWail+1"],"picked":"SKIP","floor":39.0},{"not_picked":["Dagger Spray"],"picked":"SKIP","floor":41.0},{"not_picked":["Deflect+1"],"picked":"SKIP","floor":45.0},{"not_picked":["Deflect+1"],"picked":"SKIP","floor":47},{"not_picked":["Flying Knee+1"],"picked":"SKIP","floor":48},{"not_picked":["Deadly Poison"],"picked":"SKIP","floor":54}],"player_experience":223756,"relics_obtained":[{"floor":6.0,"key":"Regal Pillow"},{"floor":9.0,"key":"Orichalcum"},{"floor":10.0,"key":"Smiling Mask"},{"floor":12.0,"key":"Eternal Feather"},{"floor":22.0,"key":"Enchiridion"},{"floor":23.0,"key":"Letter Opener"},{"floor":26.0,"key":"PreservedInsect"},{"floor":27.0,"key":"Ancient Tea Set"},{"floor":41.0,"key":"Gremlin Horn"},{"floor":42.0,"key":"Mango"},{"floor":43.0,"key":"Strawberry"},{"floor":45.0,"key":"Kunai"},{"floor":47,"key":"Blood Vial"},{"floor":54,"key":"Bag of Preparation"}],"event_choices":[{"damage_healed":8.0,"max_hp_gain":0.0,"max_hp_loss":0.0,"gold_gain":0.0,"event_name":"Wheel of Change","player_choice":"Full Heal","floor":5.0,"gold_loss":0.0,"damage_taken":0.0},{"damage_healed":0.0,"max_hp_gain":0.0,"max_hp_loss":0.0,"gold_gain":0.0,"event_name":"Cursed Tome","player_choice":"Obtained Book","floor":22.0,"gold_loss":0.0,"damage_taken":16.0},{"damage_healed":0.0,"max_hp_gain":0.0,"max_hp_loss":0.0,"gold_gain":0.0,"event_name":"Mysterious Sphere","player_choice":"Fight","floor":42.0,"gold_loss":0.0,"damage_taken":0.0},{"damage_healed":0,"gold_gain":0,"player_choice":"0 cards matched","damage_taken":0,"max_hp_gain":0,"max_hp_loss":0,"event_name":"Match and Keep!","floor":46,"gold_loss":0,"cards_obtained":[]}],"is_beta":false,"boss_relics":[{"not_picked":["WristBlade","HoveringKite"],"picked":"Busted Crown"},{"not_picked":["Tiny House","SlaversCollar"],"picked":"Sozu"}],"items_purged_floors":[21,38,44,53],"is_endless":false,"potions_floor_spawned":[1,2,14,16,18,19,27,30,33,36,39,42,45,54],"killed_by":"The Heart","ascension_level":9}}