{"host":"z7aqijtw6ph01z7j","time":1612875051,"event":{"mods":["AchievementEnabler","BaseMod","BetterRewards","Card Forge","Colored Map","Energized Spire","Hermit","Koishi","KomeijiMod","Marisa£¨Ùöéë¡¡Øª×âÞÞ£©","Minty Spire (QoL Compilation)","Reimu£¨ÚÏ???£©","Remilia£¨?Ú·×é?£©","Replay The Spire","StSLib","SuperFastMode","Td1madao Mod","The Cursed","The Hierophant","The Mystic","The Necromancer","The Runesmith","The Servant 0.9.4","TheSwordswoman"],"gold_per_floor":[119,194,213,213,116,141,141,141,141,154,164,42,72,72,72,176,176,190,207,207,222,298,327,341,341,341,341,367,378,406,432,432,531,531,549,565,565,617,627,655,655,668,739,756,756,756,789,863,863,863,863,863,424,450,450],"floor_reached":56,"language":"KOR","playtime":2537,"items_purged":[],"score":1423,"play_id":"cad6f9aa-b2a2-4d4c-bb42-42aa7f7fa8d8","local_time":"20210209215051","is_ascension_mode":false,"campfire_choices":[{"floor":7.0,"key":"RECALL"},{"floor":15.0,"key":"REST"},{"floor":25.0,"key":"REST"},{"floor":27.0,"key":"REST"},{"floor":32.0,"key":"REST"},{"floor":41.0,"key":"REST"},{"floor":49.0,"key":"REST"}],"circlet_count":0,"master_deck":["Bash","Thunderclap","Twin Strike+1","Flex+1","Inflame+1","Exhume","Shrug It Off","Inflame+1","Armaments+1","Feed+1","Anger","Spot Weakness","Pummel","Twin Strike","Shrug It Off","Dual Wield","Shrug It Off","Limit Break+1","Sword Boomerang+1","Warcry+1","Twin Strike+1","Headbutt","Sword Boomerang+1","Flex+1","Pummel+1","Provocative+1","Afterwards+1","Flex+1","Double Tap+1","Pummel+1","Infernal Blade+1","Twin Strike+1","Flex+1","Double Tap"],"relics":["Burning Blood","Hammer of Thor","Seething Fire","Anvil of the Gods","NeowsBlessing","Tiny Chest","Replay:Bottled Steam","Happy Flower","Vajra","ReplayTheSpireMod:Ring of Addiction","Ring of Hypnosis","Toy Ornithopter","Chameleon Ring","Electric Blood","GremlinMask","Dream Catcher","Durian","Magic Flower","Red Mask","Blood Vial","Runic Pyramid","Smiling Mask","Juzu Bracelet","White Beast Statue","Whetstone","Divine Protection","Runesmith:Nanobots","ReplayTheSpireMod:Spearhead","Mirror"],"acts_visited":["Exordium","TheCity","TheBeyond","TheEnding"],"potions_floor_usage":[55,55],"damage_taken":[{"damage":0.0,"enemies":"2 Louse","floor":1.0,"turns":1.0},{"damage":0.0,"enemies":"Small Slimes","floor":3.0,"turns":1.0},{"damage":0.0,"enemies":"Lagavulin","floor":6.0,"turns":1.0},{"damage":1.0,"enemies":"Jaw Worm","floor":10.0,"turns":2.0},{"damage":6.0,"enemies":"3 Louse","floor":11.0,"turns":2.0},{"damage":31.0,"enemies":"Gremlin Nob","floor":13.0,"turns":5.0},{"damage":36.0,"enemies":"Fading Forest","floor":16.0,"turns":11.0},{"damage":9.0,"enemies":"2 Thieves","floor":18.0,"turns":3.0},{"damage":4.0,"enemies":"Shell Parasite","floor":19.0,"turns":1.0},{"damage":3.0,"enemies":"Shelled Parasite and Fungi","floor":21.0,"turns":2.0},{"damage":23.0,"enemies":"Slavers","floor":23.0,"turns":3.0},{"damage":5.0,"enemies":"Cultist and Chosen","floor":24.0,"turns":3.0},{"damage":17.0,"enemies":"Gremlin Leader","floor":28.0,"turns":7.0},{"damage":3.0,"enemies":"Snecko","floor":29.0,"turns":3.0},{"damage":5.0,"enemies":"Masked Bandits","floor":30.0,"turns":3.0},{"damage":10.0,"enemies":"Slavers","floor":31.0,"turns":4.0},{"damage":14.0,"enemies":"Collector","floor":33.0,"turns":4.0},{"damage":6.0,"enemies":"Orb Walker","floor":35.0,"turns":2.0},{"damage":30.0,"enemies":"3 Shapes","floor":36.0,"turns":3.0},{"damage":7.0,"enemies":"Transient","floor":39.0,"turns":5.0},{"damage":12.0,"enemies":"Giant Head","floor":40.0,"turns":5.0},{"damage":29.0,"enemies":"3 Darklings","floor":42.0,"turns":5.0},{"damage":18.0,"enemies":"Sphere and 2 Shapes","floor":44.0,"turns":3.0},{"damage":6.0,"enemies":"Reptomancer","floor":47.0,"turns":3.0},{"damage":30.0,"enemies":"Time Eater","floor":50.0,"turns":5.0},{"damage":5.0,"enemies":"Shield and Spear","floor":54.0,"turns":3.0},{"damage":93,"enemies":"The Heart","floor":55,"turns":4}],"seed_played":"8665429179261642532","potions_obtained":[{"floor":1.0,"key":"ColorlessPotion"},{"floor":6.0,"key":"CalmPotion"},{"floor":11.0,"key":"SmokeBomb"},{"floor":14.0,"key":"Regen Potion"},{"floor":14.0,"key":"BlessingOfTheForge"},{"floor":14.0,"key":"Ancient Potion"},{"floor":16.0,"key":"Languid Potion"},{"floor":18.0,"key":"Venom Potion"},{"floor":23.0,"key":"Toxic Potion"},{"floor":24.0,"key":"BlessingOfTheForge"},{"floor":35.0,"key":"EssenceOfSteel"},{"floor":42.0,"key":"Swift Potion"},{"floor":44.0,"key":"BloodPotion"},{"floor":46.0,"key":"Explosive Potion"},{"floor":47.0,"key":"ElixirPotion"},{"floor":52.0,"key":"FairyPotion"},{"floor":52.0,"key":"GamblersBrew"},{"floor":54.0,"key":"ZuzhouPotion:ReiMu"}],"is_trial":false,"path_per_floor":["M","?","M","?","$","E","R","$","T","M","M","$","E","?","R","B",null,"M","M","?","M","T","E","M","R","T","R","E","M","?","E","R","B",null,"M","M","?","T","M","E","R","M","T","M","?","R","E","T","R","B",null,"R","$","E","B",null],"character_chosen":"IRONCLAD","items_purchased":["Flex","Inflame","Inflame","Armaments","Runesmith:Nanobots","ReplayTheSpireMod:Spearhead","Flex+1"],"campfire_rested":6,"item_purchase_floors":[5,5,12,12,53,53,53],"current_hp_per_floor":[80,69,75,63,63,69,69,69,69,74,74,74,49,49,73,58,80,80,80,80,80,78,67,71,87,90,90,83,94,97,96,95,90,95,93,72,93,91,91,94,93,73,73,93,93,93,93,93,93,72,93,93,93,97,13],"gold":450,"neow_bonus":"THREE_ENEMY_KILL","is_daily":false,"chose_seed":false,"campfire_upgraded":0,"win_rate":0.0,"timestamp":1612875051,"path_taken":["M","?","M","?","$","E","R","$","T","M","M","?","E","?","R","BOSS","M","M","?","M","?","E","M","R","T","R","E","?","?","E","R","BOSS","M","M","?","?","M","E","R","M","T","M","?","R","E","?","R","BOSS","R","$","E","BOSS"],"items_purchased_type":["Card","Card","Card","Card","Relic","Relic","Card"],"build_version":"2020-12-22","purchased_purges":0,"victory":true,"max_hp_per_floor":[80,80,80,80,80,80,80,80,80,80,80,80,80,80,80,80,80,80,80,80,80,78,84,87,87,90,90,94,97,97,97,95,95,95,93,93,93,91,91,95,93,93,93,93,93,93,93,93,93,93,93,93,93,97,97],"card_choices":[{"not_picked":["Evolve","Anger"],"picked":"Thunderclap","floor":1.0},{"not_picked":["Perfected Strike","Evolve"],"picked":"Twin Strike","floor":3.0},{"not_picked":["Exhume","Whirlwind","Pommel Strike"],"picked":"SKIP","floor":6.0},{"not_picked":["Whirlwind","Pommel Strike"],"picked":"Exhume","floor":6.0},{"not_picked":["Clash","Wild Strike"],"picked":"Flame Barrier","floor":10.0},{"not_picked":["Defy Death","Clash"],"picked":"Shrug It Off","floor":11.0},{"not_picked":["Pommel Strike","Ghostly Armor"],"picked":"Feed","floor":13.0},{"not_picked":["Exhume","Immolate"],"picked":"Limit Break","floor":16.0},{"not_picked":["Blood for Blood","Spot Weakness"],"picked":"Sword Boomerang+1","floor":18.0},{"not_picked":["Wild Strike","Run Through"],"picked":"Warcry+1","floor":19.0},{"not_picked":["ReplayTheSpireMod:Strike From Hell+1","Clothesline","Burning Pact+1"],"picked":"SKIP","floor":21.0},{"not_picked":["Hemokinesis","Rage","Cleave"],"picked":"SKIP","floor":23.0},{"not_picked":["Carnage","ReplayTheSpireMod:Strike From Hell"],"picked":"Twin Strike+1","floor":24.0},{"not_picked":["ReplayTheSpireMod:Stacked","Juggernaut"],"picked":"Headbutt","floor":25.0},{"not_picked":["True Grit","Searing Blow"],"picked":"Sword Boomerang+1","floor":27.0},{"not_picked":["Burning Pact","Fire Breathing"],"picked":"Flex","floor":28.0},{"not_picked":["Reckless Charge","Body Slam+1","True Grit"],"picked":"SKIP","floor":29.0},{"not_picked":["Body Slam","Flex"],"picked":"Pummel","floor":31.0},{"not_picked":["Searing Blow","Shrug It Off"],"picked":"Flex+1","floor":32.0},{"not_picked":["Exhume","Feed"],"picked":"Double Tap","floor":33.0},{"not_picked":["True Grit+1","Intimidate","Pommel Strike"],"picked":"SKIP","floor":35.0},{"not_picked":["Clash+1","Seeing Red"],"picked":"Pummel+1","floor":36.0},{"not_picked":["Shrug It Off","Replay:Undeath\u0027s Touch+1","ReplayTheSpireMod:Muscle Training+1"],"picked":"SKIP","floor":39.0},{"not_picked":["Brutality","Armaments"],"picked":"Infernal Blade+1","floor":40.0},{"not_picked":["Pommel Strike","Iron Wave","ReplayTheSpireMod:Corrosion Curse+1"],"picked":"SKIP","floor":42.0},{"not_picked":["Perfected Strike","Dropkick","Clothesline"],"picked":"SKIP","floor":44.0},{"not_picked":["Immolate","Bloodletting+1","Massacre"],"picked":"SKIP","floor":47.0},{"not_picked":["Pommel Strike","Wild Strike"],"picked":"Twin Strike+1","floor":49.0},{"not_picked":["Juggernaut","Wild Strike"],"picked":"Double Tap","floor":54.0}],"player_experience":373130,"relics_obtained":[{"floor":6.0,"key":"Replay:Bottled Steam"},{"floor":9.0,"key":"Happy Flower"},{"floor":13.0,"key":"Vajra"},{"floor":14.0,"key":"ReplayTheSpireMod:Ring of Addiction"},{"floor":14.0,"key":"Ring of Hypnosis"},{"floor":14.0,"key":"Toy Ornithopter"},{"floor":14.0,"key":"Chameleon Ring"},{"floor":23.0,"key":"Dream Catcher"},{"floor":26.0,"key":"Durian"},{"floor":28.0,"key":"Magic Flower"},{"floor":30.0,"key":"Red Mask"},{"floor":31.0,"key":"Blood Vial"},{"floor":38.0,"key":"Smiling Mask"},{"floor":40.0,"key":"Juzu Bracelet"},{"floor":43.0,"key":"White Beast Statue"},{"floor":47.0,"key":"Whetstone"},{"floor":48.0,"key":"Divine Protection"},{"floor":54.0,"key":"Mirror"}],"event_choices":[{"damage_healed":0.0,"max_hp_gain":0.0,"max_hp_loss":0.0,"gold_gain":75.0,"event_name":"World of Goop","player_choice":"Gather Gold","floor":2.0,"gold_loss":0.0,"damage_taken":11.0},{"damage_healed":0.0,"max_hp_gain":0.0,"max_hp_loss":0.0,"gold_gain":0.0,"event_name":"Scrap Ooze","player_choice":"Success","floor":4.0,"gold_loss":0.0,"damage_taken":12.0,"relics_obtained":["Tiny Chest"]},{"damage_healed":0.0,"max_hp_gain":0.0,"max_hp_loss":0.0,"gold_gain":0.0,"event_name":"FaceTrader","player_choice":"Trade","floor":20.0,"gold_loss":0.0,"damage_taken":0.0,"relics_obtained":["GremlinMask"]},{"damage_healed":0.0,"max_hp_gain":0.0,"max_hp_loss":0.0,"gold_gain":0.0,"event_name":"Masked Bandits","player_choice":"Fought Bandits","floor":30.0,"gold_loss":0.0,"damage_taken":0.0},{"damage_healed":23.0,"max_hp_gain":0.0,"max_hp_loss":0.0,"gold_gain":0.0,"event_name":"Winding Halls","player_choice":"Writhe","floor":37.0,"gold_loss":0.0,"damage_taken":0.0,"cards_obtained":["Writhe"]},{"damage_healed":0.0,"max_hp_gain":0.0,"max_hp_loss":0.0,"gold_gain":0.0,"event_name":"Wheel of Change","player_choice":"Full Heal","floor":45.0,"gold_loss":0.0,"damage_taken":0.0}],"is_beta":false,"boss_relics":[{"not_picked":["Replay:Drink Me","Replay:Wanted Poster"],"picked":"Electric Blood"},{"not_picked":["Busted Crown","Tiny House"],"picked":"Runic Pyramid"}],"items_purged_floors":[],"is_endless":false,"potions_floor_spawned":[1,6,11,16,18,23,24,35,40,42,44,47,54],"ascension_level":0}}