{"host":"e14va605tljgvqtz","time":1612850352,"event":{"mods":["BaseMod","Colored Map","Highlight Path","Minty Spire (QoL Compilation)","Relic Stats"],"gold_per_floor":[361,371,382,401,13,342,342,342,342,360,90,90,100,113,113,211,211,228,240,259,271,21,21,34,63,63,74,74,106,106,21,21,124,124,141,156,169,186,199,199,212,240,240,272,16,27,0,33,33,33,33,33,33,59,59,59],"floor_reached":55,"language":"ENG","playtime":5833,"items_purged":["Strike_G","Strike_G","Strike_G"],"score":1146,"play_id":"b9d8a9f1-b506-4467-98a6-eed90a9ddde5","local_time":"20210208215912","is_ascension_mode":true,"campfire_choices":[{"data":"Sucker Punch","floor":8,"key":"SMITH"},{"data":"Quick Slash","floor":12,"key":"SMITH"},{"floor":15,"key":"REST"},{"floor":23,"key":"REST"},{"floor":28,"key":"REST"},{"data":"Wraith Form v2","floor":30,"key":"SMITH"},{"data":"Footwork","floor":32,"key":"SMITH"},{"data":"Survivor","floor":40,"key":"SMITH"},{"floor":49,"key":"RECALL"},{"floor":52,"key":"REST"}],"circlet_count":0,"master_deck":["Strike_G","Strike_G","Defend_G","Defend_G","Defend_G","Defend_G","Defend_G","Survivor+1","Neutralize","Blade Dance","Sucker Punch+1","Blade Dance","Leg Sweep+1","Noxious Fumes","Quick Slash+1","Wraith Form v2+1","Deflect","Footwork+1","Footwork+1","Deflect","Dodge and Roll","Deflect","PiercingWail","Adrenaline","Blur+1","Parasite","Wraith Form v2+1","Prepared","Blur","Finisher+1"],"relics":["Ring of the Snake","Shuriken","PreservedInsect","Old Coin","White Beast Statue","Frozen Eye","Runic Pyramid","Bottled Tornado","Ornamental Fan","Frozen Egg 2","Strawberry","Sozu","Pen Nib","Gremlin Horn","Red Mask","Molten Egg 2","Paper Crane"],"acts_visited":["Exordium","TheCity","TheBeyond","TheEnding"],"potions_floor_usage":[14,15,19,20,20,24,25,25,33,50,55],"damage_taken":[{"damage":1,"enemies":"Cultist","floor":1,"turns":4},{"damage":1,"enemies":"2 Louse","floor":2,"turns":3},{"damage":0,"enemies":"Small Slimes","floor":3,"turns":3},{"damage":7,"enemies":"Red Slaver","floor":4,"turns":3},{"damage":12,"enemies":"Lagavulin","floor":6,"turns":4},{"damage":14,"enemies":"Exordium Thugs","floor":10,"turns":5},{"damage":8,"enemies":"3 Louse","floor":13,"turns":3},{"damage":4,"enemies":"Lots of Slimes","floor":14,"turns":3},{"damage":17,"enemies":"Hexaghost","floor":16,"turns":9},{"damage":1,"enemies":"3 Byrds","floor":18,"turns":5},{"damage":8,"enemies":"Shell Parasite","floor":19,"turns":6},{"damage":15,"enemies":"Snake Plant","floor":20,"turns":8},{"damage":9,"enemies":"Centurion and Healer","floor":21,"turns":9},{"damage":20,"enemies":"Shelled Parasite and Fungi","floor":24,"turns":7},{"damage":2,"enemies":"Gremlin Leader","floor":25,"turns":8},{"damage":0,"enemies":"Cultist and Chosen","floor":27,"turns":9},{"damage":0,"enemies":"Book of Stabbing","floor":29,"turns":7},{"damage":3,"enemies":"Collector","floor":33,"turns":11},{"damage":0,"enemies":"3 Shapes","floor":35,"turns":6},{"damage":0,"enemies":"3 Darklings","floor":36,"turns":8},{"damage":0,"enemies":"Maw","floor":37,"turns":12},{"damage":0,"enemies":"Sphere and 2 Shapes","floor":38,"turns":7},{"damage":9,"enemies":"Writhing Mass","floor":39,"turns":10},{"damage":9,"enemies":"4 Shapes","floor":41,"turns":12},{"damage":0,"enemies":"Reptomancer","floor":42,"turns":10},{"damage":0,"enemies":"Nemesis","floor":44,"turns":10},{"damage":11,"enemies":"Spire Growth","floor":46,"turns":8},{"damage":3,"enemies":"Reptomancer","floor":48,"turns":10},{"damage":15,"enemies":"Awakened One","floor":50,"turns":25},{"damage":47,"enemies":"Shield and Spear","floor":54,"turns":13},{"damage":80,"enemies":"The Heart","floor":55,"turns":18}],"seed_played":"-4301355322544131792","potions_obtained":[{"floor":1,"key":"ColorlessPotion"},{"floor":6,"key":"CultistPotion"},{"floor":10,"key":"SneckoOil"},{"floor":14,"key":"Fruit Juice"},{"floor":16,"key":"Energy Potion"},{"floor":19,"key":"SpeedPotion"},{"floor":20,"key":"SteroidPotion"},{"floor":21,"key":"Poison Potion"},{"floor":24,"key":"Ancient Potion"},{"floor":25,"key":"PowerPotion"},{"floor":27,"key":"Dexterity Potion"},{"floor":33,"key":"BlessingOfTheForge"}],"is_trial":false,"path_per_floor":["M","M","M","M","$","E","?","R","T","M","$","R","M","M","R","B",null,"M","M","M","M","$","R","M","E","T","M","R","E","R","?","R","B",null,"M","M","M","M","M","R","M","E","T","E","$","M","?","E","R","B",null,"R","$","E","B"],"character_chosen":"THE_SILENT","items_purchased":["Shuriken","PreservedInsect","Frozen Eye","Quick Slash","Dodge and Roll","Deflect","SpeedPotion","Prepared","Blur"],"campfire_rested":4,"item_purchase_floors":[5,5,11,11,22,22,22,45,45],"current_hp_per_floor":[62,61,61,54,54,42,42,42,42,28,28,28,20,16,41,24,57,56,48,33,24,24,44,24,22,22,22,42,42,42,49,49,46,68,68,68,68,68,59,59,50,50,50,50,50,39,39,36,36,21,62,75,75,28,0,0],"gold":59,"neow_bonus":"TWO_FIFTY_GOLD","is_daily":false,"chose_seed":false,"campfire_upgraded":5,"win_rate":0.0,"timestamp":1612850352,"path_taken":["M","M","M","?","$","E","?","R","T","M","$","R","M","M","R","BOSS","M","M","M","M","$","R","M","E","T","M","R","E","R","?","R","BOSS","M","M","M","M","M","R","M","E","T","E","$","M","?","E","R","BOSS","R","$","E","BOSS"],"items_purchased_type":["Relic","Relic","Relic","Card","Card","Card","Potion","Card","Card"],"build_version":"2020-12-22","purchased_purges":3,"victory":false,"max_hp_per_floor":[63,63,63,63,63,63,63,63,63,63,63,63,63,63,68,68,68,68,68,68,68,68,68,68,68,68,68,68,68,68,75,75,75,75,75,75,75,75,75,75,75,75,75,75,75,75,75,75,75,75,75,75,75,75,75,75],"relic_stats":{"Sozu":11,"Gremlin Horn":[11,11],"counters":[31,256],"Shuriken":[131],"Ornamental Fan":[344],"PreservedInsect":350,"Pen Nib":[19],"obtain_stats":[{"Gremlin Horn":44,"PreservedInsect":5,"Pen Nib":42,"Bottled Tornado":25,"Frozen Egg 2":29,"Paper Crane":54,"White Beast Statue":9,"Old Coin":6,"Sozu":34,"Frozen Eye":11,"Shuriken":5,"Ornamental Fan":26,"Strawberry":31,"Molten Egg 2":48,"Red Mask":47,"Ring of the Snake":0,"Runic Pyramid":17},{"Gremlin Horn":26,"PreservedInsect":4,"Pen Nib":25,"Bottled Tornado":15,"Frozen Egg 2":17,"Paper Crane":30,"White Beast Statue":5,"Old Coin":5,"Sozu":18,"Frozen Eye":6,"Shuriken":4,"Ornamental Fan":15,"Strawberry":17,"Molten Egg 2":28,"Red Mask":27,"Ring of the Snake":0,"Runic Pyramid":9},{"Gremlin Horn":182,"PreservedInsect":13,"Pen Nib":172,"Bottled Tornado":80,"Frozen Egg 2":96,"Paper Crane":238,"White Beast Statue":17,"Old Coin":17,"Sozu":107,"Frozen Eye":22,"Shuriken":13,"Ornamental Fan":80,"Strawberry":96,"Molten Egg 2":200,"Red Mask":190,"Ring of the Snake":0,"Runic Pyramid":37}],"Ring of the Snake":[62]},"card_choices":[{"not_picked":["Skewer","Acrobatics"],"picked":"Blade Dance","floor":1},{"not_picked":["Prepared","Acrobatics"],"picked":"Sucker Punch","floor":2},{"not_picked":["Noxious Fumes","Masterful Stab"],"picked":"Blade Dance","floor":3},{"not_picked":["Endless Agony","Acrobatics"],"picked":"Leg Sweep","floor":4},{"not_picked":["Flying Knee","Prepared"],"picked":"Noxious Fumes","floor":6},{"not_picked":["Outmaneuver","Deadly Poison","Leg Sweep"],"picked":"SKIP","floor":10},{"not_picked":["Dagger Spray","Heel Hook","Dagger Throw"],"picked":"SKIP","floor":13},{"not_picked":["Slice","Dagger Throw","Die Die Die"],"picked":"SKIP","floor":14},{"not_picked":["Burst","Venomology"],"picked":"Wraith Form v2","floor":16},{"not_picked":["Acrobatics","Quick Slash"],"picked":"Deflect","floor":18},{"not_picked":["Eviscerate","Choke"],"picked":"Footwork","floor":19},{"not_picked":["Masterful Stab","Quick Slash"],"picked":"Footwork+1","floor":20},{"not_picked":["Bouncing Flask","Reflex"],"picked":"Deflect","floor":21},{"not_picked":["Footwork","Deadly Poison","Dagger Throw"],"picked":"SKIP","floor":24},{"not_picked":["Outmaneuver+1","Phantasmal Killer"],"picked":"PiercingWail","floor":25},{"not_picked":["Flying Knee","Deflect","Blade Dance"],"picked":"SKIP","floor":27},{"not_picked":["Riddle With Holes+1","Tactician","Eviscerate"],"picked":"SKIP","floor":29},{"not_picked":["Envenom+1","Tools of the Trade+1"],"picked":"Adrenaline","floor":33},{"not_picked":["Deflect+1","Blade Dance","Leg Sweep+1"],"picked":"SKIP","floor":35},{"not_picked":["Slice+1","Dagger Spray"],"picked":"Blur+1","floor":36},{"not_picked":["Bane","Dodge and Roll","Cloak And Dagger+1"],"picked":"SKIP","floor":37},{"not_picked":["Acrobatics+1","Masterful Stab+1","Endless Agony+1"],"picked":"SKIP","floor":38},{"not_picked":["Poisoned Stab","Sucker Punch","Deflect"],"picked":"SKIP","floor":39},{"not_picked":["Cloak And Dagger+1","Outmaneuver","Heel Hook+1"],"picked":"SKIP","floor":41},{"not_picked":["Sucker Punch","Acrobatics"],"picked":"Wraith Form v2+1","floor":42},{"not_picked":["Quick Slash","PiercingWail","Tactician"],"picked":"SKIP","floor":44},{"not_picked":["Distraction","Expertise+1","Backflip+1"],"picked":"SKIP","floor":46},{"not_picked":["Sucker Punch+1","Expertise","Underhanded Strike+1"],"picked":"SKIP","floor":48},{"not_picked":["Endless Agony+1","Dodge and Roll+1"],"picked":"Finisher+1","floor":54}],"player_experience":311163,"relics_obtained":[{"floor":6,"key":"Old Coin"},{"floor":9,"key":"White Beast Statue"},{"floor":25,"key":"Bottled Tornado"},{"floor":26,"key":"Ornamental Fan"},{"floor":29,"key":"Frozen Egg 2"},{"floor":42,"key":"Pen Nib"},{"floor":44,"key":"Gremlin Horn"},{"floor":48,"key":"Molten Egg 2"},{"floor":54,"key":"Paper Crane"}],"event_choices":[{"damage_healed":0,"gold_gain":0,"player_choice":"Upgraded","damage_taken":0,"max_hp_gain":0,"max_hp_loss":0,"event_name":"Upgrade Shrine","floor":7,"gold_loss":0,"cards_upgraded":["Leg Sweep"]},{"damage_healed":0,"gold_gain":0,"player_choice":"Obtained Relic","damage_taken":0,"relics_obtained":["Strawberry"],"max_hp_gain":0,"max_hp_loss":0,"event_name":"Addict","floor":31,"gold_loss":85},{"damage_healed":0,"gold_gain":0,"player_choice":"Paid","damage_taken":0,"relics_obtained":["Red Mask"],"max_hp_gain":0,"max_hp_loss":0,"event_name":"Tomb of Lord Red Mask","floor":47,"gold_loss":27}],"is_beta":false,"boss_relics":[{"not_picked":["Ring of the Serpent","Busted Crown"],"picked":"Runic Pyramid"},{"not_picked":["WristBlade","Calling Bell"],"picked":"Sozu"}],"items_purged_floors":[11,22,45],"is_endless":false,"potions_floor_spawned":[1,6,10,13,14,16,18,19,20,21,24,25,27,29,33,35,36,37,38,39,41,42,44,46,48,54],"killed_by":"The Heart","ascension_level":7}}