{"host":"ad59wuc8ynh8u2z6","time":1612871580,"event":{"mods":["AchievementEnabler","BaseMod","Colored Powertips","DeckTracker","Highlight Path","Minty Spire (QoL Compilation)","Permanent Neow"],"gold_per_floor":[112,112,125,138,155,155,168,168,193,225,225,254,538,570,570,675,675,693,705,665,439,463,463,463],"floor_reached":23,"language":"ENG","playtime":758,"items_purged":["Strike_B"],"score":283,"play_id":"483ee5e9-c804-4cd2-a25f-2e2edafd6588","local_time":"20210209125300","is_ascension_mode":true,"campfire_choices":[{"data":"Regret","floor":6,"key":"PURGE"},{"data":"Electrodynamics","floor":8,"key":"SMITH"},{"data":"Regret","floor":15,"key":"PURGE"}],"circlet_count":0,"master_deck":["Strike_B","Strike_B","Strike_B","Defend_B+1","Defend_B+1","Defend_B","Defend_B","Zap","Dualcast","Electrodynamics+1","Buffer","Seek","Leap+1"],"relics":["Cracked Core","Peace Pipe","War Paint","Boot","Bag of Marbles","CeramicFish","Akabeko","Du-Vu Doll","Philosopher\u0027s Stone","Bag of Preparation"],"acts_visited":["Exordium","TheCity"],"potions_floor_usage":[5,12,14],"damage_taken":[{"damage":0,"enemies":"2 Louse","floor":1,"turns":2},{"damage":2,"enemies":"Jaw Worm","floor":3,"turns":3},{"damage":0,"enemies":"Small Slimes","floor":4,"turns":2},{"damage":4,"enemies":"Exordium Thugs","floor":5,"turns":4},{"damage":6,"enemies":"Looter","floor":7,"turns":3},{"damage":2,"enemies":"3 Sentries","floor":10,"turns":3},{"damage":9,"enemies":"Lagavulin","floor":12,"turns":6},{"damage":0,"enemies":"Gremlin Nob","floor":14,"turns":2},{"damage":37,"enemies":"The Guardian","floor":16,"turns":15},{"damage":30,"enemies":"2 Thieves","floor":18,"turns":4},{"damage":12,"enemies":"Spheric Guardian","floor":19,"turns":4},{"damage":0,"enemies":"3 Cultists","floor":22,"turns":3},{"damage":17,"enemies":"Slavers","floor":23,"turns":2}],"seed_played":"-8805218365586105700","potions_obtained":[{"floor":4,"key":"Fire Potion"},{"floor":5,"key":"BlessingOfTheForge"},{"floor":10,"key":"EssenceOfDarkness"},{"floor":16,"key":"DuplicationPotion"},{"floor":20,"key":"DuplicationPotion"},{"floor":20,"key":"CultistPotion"},{"floor":20,"key":"FearPotion"},{"floor":22,"key":"Fire Potion"}],"is_trial":false,"path_per_floor":["M","?","M","M","M","R","M","R","T","E","?","E","?","E","R","B",null,"M","M","?","$","M","E"],"character_chosen":"DEFECT","items_purchased":["Bag of Preparation"],"campfire_rested":0,"item_purchase_floors":[21],"current_hp_per_floor":[68,68,66,66,62,62,56,56,56,54,47,38,38,38,38,1,68,38,26,26,26,26,9,9],"gold":463,"neow_bonus":"ONE_RARE_RELIC","is_daily":false,"chose_seed":false,"campfire_upgraded":1,"win_rate":0.0,"timestamp":1612871580,"path_taken":["M","?","M","M","M","R","M","R","T","E","?","E","?","E","R","BOSS","M","M","?","?","M","E"],"items_purchased_type":["Relic"],"build_version":"2020-12-22","purchased_purges":1,"victory":false,"max_hp_per_floor":[68,68,68,68,68,68,68,68,68,68,68,68,68,68,68,68,68,68,68,68,68,68,68,68],"card_choices":[{"not_picked":["Go for the Eyes","Steam Power","Lockon"],"picked":"SKIP","floor":1},{"not_picked":["Leap","Streamline","Go for the Eyes"],"picked":"SKIP","floor":3},{"not_picked":["Sweeping Beam","Gash"],"picked":"Electrodynamics","floor":4},{"not_picked":["Go for the Eyes","Reprogram","Stack"],"picked":"SKIP","floor":5},{"not_picked":["Stack","Redo","Storm"],"picked":"SKIP","floor":7},{"not_picked":["Sweeping Beam","Hello World"],"picked":"Buffer","floor":10},{"not_picked":["Static Discharge","Conserve Battery","Heatsinks"],"picked":"SKIP","floor":12},{"not_picked":["Double Energy","Genetic Algorithm","Stack"],"picked":"SKIP","floor":14},{"not_picked":["All For One","Multi-Cast"],"picked":"Seek","floor":16},{"not_picked":["White Noise","Capacitor+1","Coolheaded"],"picked":"SKIP","floor":18},{"not_picked":["Turbo+1","Streamline","Beam Cell"],"picked":"SKIP","floor":19},{"not_picked":["Barrage+1","Cold Snap"],"picked":"Leap+1","floor":22}],"player_experience":78919,"relics_obtained":[{"floor":9,"key":"Boot"},{"floor":10,"key":"Bag of Marbles"},{"floor":12,"key":"Akabeko"},{"floor":14,"key":"Du-Vu Doll"}],"event_choices":[{"damage_healed":0,"gold_gain":0,"player_choice":"Box","damage_taken":0,"relics_obtained":["War Paint"],"max_hp_gain":0,"max_hp_loss":0,"event_name":"Big Fish","floor":2,"gold_loss":0,"cards_obtained":["Regret"]},{"damage_healed":0,"gold_gain":0,"player_choice":"Success","damage_taken":7,"relics_obtained":["CeramicFish"],"max_hp_gain":0,"max_hp_loss":0,"event_name":"Scrap Ooze","floor":11,"gold_loss":0},{"damage_healed":0,"gold_gain":275,"player_choice":"Desecrate","damage_taken":0,"max_hp_gain":0,"max_hp_loss":0,"event_name":"Golden Shrine","floor":13,"gold_loss":0,"cards_obtained":["Regret"]},{"damage_healed":0,"gold_gain":0,"player_choice":"Bought 3 Potions","damage_taken":0,"max_hp_gain":0,"max_hp_loss":0,"event_name":"The Woman in Blue","floor":20,"gold_loss":0}],"is_beta":false,"boss_relics":[{"not_picked":["Tiny House","Runic Pyramid"],"picked":"Philosopher\u0027s Stone"}],"items_purged_floors":[21],"is_endless":false,"potions_floor_spawned":[4,5,10,16,22],"killed_by":"Slavers","ascension_level":4}}