{"host":"1poy056mauca3bbh","time":1612849689,"event":{"mods":["Ascension Unlocker","BaseMod","Bestiary","Block Reminder","Colored Map","Colored Powertips","Curses Come First","Highlight Path","Minty Spire (QoL Compilation)","Permanent Neow","Quick Restart","Rare Cards Sparkle","Relic Stats","Smile Girya","StSLib","UnlockEverythingMod"],"gold_per_floor":[116,116,132,132,144,144,159,159,159,159,187,187,25,44,44,120,120,135,135,135],"floor_reached":19,"language":"ENG","playtime":1765,"items_purged":[],"score":334,"play_id":"357b3585-6c52-4964-843f-0794810f75ba","local_time":"20210209004809","is_ascension_mode":true,"campfire_choices":[{"data":"Self Repair","floor":6.0,"key":"SMITH"},{"floor":8.0,"key":"REST"},{"data":"Undo","floor":12.0,"key":"SMITH"},{"data":"Meteor Strike","floor":15.0,"key":"SMITH"}],"circlet_count":0,"master_deck":["AscendersBane","Strike_B","Strike_B","Defend_B","Defend_B","Zap","Dualcast+1","Gash+1","Static Discharge+1","Skim+1","Self Repair+1","Go for the Eyes","Sweeping Beam","Sweeping Beam","Multi-Cast","Undo+1","Zap","Meteor Strike+1","Conserve Battery","All For One","Chill"],"relics":["Astrolabe","Blue Candle","Dead Branch","Happy Flower","Inserter"],"acts_visited":["Exordium","TheCity"],"potions_floor_usage":[],"damage_taken":[{"damage":7.0,"enemies":"Jaw Worm","floor":1.0,"turns":3.0},{"damage":6.0,"enemies":"Cultist","floor":3.0,"turns":3.0},{"damage":4.0,"enemies":"Small Slimes","floor":5.0,"turns":3.0},{"damage":20.0,"enemies":"Blue Slaver","floor":7.0,"turns":4.0},{"damage":32.0,"enemies":"3 Sentries","floor":11.0,"turns":8.0},{"damage":4.0,"enemies":"Exordium Thugs","floor":14.0,"turns":4.0},{"damage":48,"enemies":"The Guardian","floor":16,"turns":9},{"damage":39,"enemies":"Shell Parasite","floor":18,"turns":4},{"damage":30,"enemies":"Chosen","floor":19,"turns":4}],"seed_played":"-1052357719838960627","potions_obtained":[{"floor":7.0,"key":"Block Potion"},{"floor":11.0,"key":"SkillPotion"}],"is_trial":false,"path_per_floor":["M","?","M","?","M","R","M","R","T","?","E","R","$","M","R","B",null,"M","M"],"character_chosen":"DEFECT","items_purchased":["Happy Flower"],"campfire_rested":1,"item_purchase_floors":[13],"current_hp_per_floor":[57,57,58,51,54,54,44,65,65,65,43,43,43,49,49,11,56,27,0,0],"gold":135,"neow_bonus":"BOSS_RELIC","is_daily":false,"chose_seed":false,"campfire_upgraded":3,"win_rate":0.0,"timestamp":1612849689,"path_taken":["M","?","?","?","M","R","M","R","T","?","E","R","$","M","R","BOSS","M","M"],"items_purchased_type":["Relic"],"build_version":"2020-12-22","purchased_purges":0,"victory":false,"max_hp_per_floor":[71,71,71,71,71,71,71,71,71,71,71,71,71,71,71,71,71,71,71,71],"relic_stats":{"Inserter":[4],"Happy Flower":[7],"counters":[9,42],"Astrolabe":["Gash","Static Discharge","Skim"],"Blue Candle":[0],"Dead Branch":[9],"obtain_stats":[{"Inserter":17,"Happy Flower":13,"Astrolabe":0,"Blue Candle":9,"Dead Branch":11,"Cracked Core":0},{"Inserter":7,"Happy Flower":5,"Astrolabe":0,"Blue Candle":4,"Dead Branch":5,"Cracked Core":0},{"Inserter":34,"Happy Flower":21,"Astrolabe":0,"Blue Candle":13,"Dead Branch":21,"Cracked Core":0}]},"card_choices":[{"not_picked":["Conserve Battery","Steam"],"picked":"Self Repair","floor":1.0},{"not_picked":["Hologram","Stack"],"picked":"Go for the Eyes","floor":3.0},{"not_picked":["Redo","Compile Driver"],"picked":"Sweeping Beam","floor":5.0},{"not_picked":["Compile Driver","Hello World","Storm"],"picked":"SKIP","floor":7.0},{"not_picked":["Hello World","Fusion"],"picked":"Meteor Strike","floor":11.0},{"not_picked":["Go for the Eyes","Redo"],"picked":"Conserve Battery","floor":14.0},{"not_picked":["Machine Learning","Biased Cognition"],"picked":"All For One","floor":16},{"not_picked":["Barrage","Auto Shields"],"picked":"Chill","floor":18}],"player_experience":135045,"relics_obtained":[{"floor":9.0,"key":"Blue Candle"},{"floor":11.0,"key":"Dead Branch"}],"event_choices":[{"damage_healed":0.0,"max_hp_gain":0.0,"max_hp_loss":0.0,"gold_gain":0.0,"event_name":"Upgrade Shrine","player_choice":"Upgraded","floor":2.0,"gold_loss":0.0,"damage_taken":0.0,"cards_upgraded":["Dualcast"]},{"cards_removed":["Strike_B"],"damage_healed":0.0,"max_hp_gain":0.0,"max_hp_loss":0.0,"gold_gain":0.0,"event_name":"Golden Wing","player_choice":"Card Removal","floor":4.0,"gold_loss":0.0,"damage_taken":7.0},{"damage_healed":0.0,"max_hp_gain":0.0,"max_hp_loss":0.0,"gold_gain":0.0,"event_name":"Match and Keep!","player_choice":"4 cards matched","floor":10.0,"gold_loss":0.0,"damage_taken":0.0,"cards_obtained":["Sweeping Beam","Multi-Cast","Undo","Zap"]}],"is_beta":false,"boss_relics":[{"not_picked":["Nuclear Battery","Coffee Dripper"],"picked":"Inserter"}],"items_purged_floors":[],"is_endless":false,"potions_floor_spawned":[7,11],"killed_by":"Chosen","ascension_level":20}}