{"host":"1a9bbjeis3rg03b1","time":1612862712,"event":{"mods":["Act Like it!","BaseMod","Gensokyo","Googly Eyes","Mimic Mod","Minty Spire (QoL Compilation)","Morshu Shopkeeper","Reliquary","StSLib","The Administrix","The Jungle","The Poker Player","The Servant 0.9.4","Wide Potions","everything is the same but u backflip on backflip"],"gold_per_floor":[114,129,147,147,77,104,154,180,219,232,250,250,105,122,122,227,227,242,7,7,7,22,56,56,72,117,155,181,193,240,202,214,325,337,363,375,400,17,33,62,14,40,76,76,96,96,127,37,37,37,37,37,37,70,70,70,70],"floor_reached":55,"language":"ENG","playtime":10804,"items_purged":["Injury"],"score":1011,"play_id":"461c697f-3a4d-44a6-9c00-fa72ddadaace","local_time":"20210209022512","is_ascension_mode":true,"metric_token":978,"campfire_choices":[{"data":"PokerPlayerMod:DamnStraight","floor":12.0,"key":"SMITH"},{"data":"PokerPlayerMod:TrumpStrike","floor":15.0,"key":"SMITH"},{"data":"PokerPlayerMod:Extraction","floor":24.0,"key":"SMITH"},{"data":"PokerPlayerMod:WildCard","floor":32.0,"key":"SMITH"},{"floor":46,"key":"RECALL"},{"floor":49,"key":"REST"},{"data":"Secret Technique","floor":52,"key":"SMITH"}],"circlet_count":0,"master_deck":["PokerPlayerMod:Diamond1","PokerPlayerMod:Diamond3","PokerPlayerMod:Diamond3","PokerPlayerMod:Diamond4","PokerPlayerMod:Diamond5","PokerPlayerMod:Spade1","PokerPlayerMod:Spade2","PokerPlayerMod:Spade3","PokerPlayerMod:Spade4","PokerPlayerMod:Club1","PokerPlayerMod:Club2","PokerPlayerMod:Heart2","PokerPlayerMod:TrumpStrike+1","PokerPlayerMod:BadJoker","PokerPlayerMod:Mulligan+1","PokerPlayerMod:Raise+1","PokerPlayerMod:Heart2","PokerPlayerMod:Heart4","PokerPlayerMod:ClubsClub+1","PokerPlayerMod:Club2","PokerPlayerMod:DiamondStrike","PokerPlayerMod:Diamond2","PokerPlayerMod:DamnStraight+1","PokerPlayerMod:MagicTrick","PokerPlayerMod:SpadeStrike","PokerPlayerMod:Spade5","PokerPlayerMod:WildCard+1","PokerPlayerMod:CloakAndDiamond+1","PokerPlayerMod:Extraction+1","PokerPlayerMod:Diamond4","PokerPlayerMod:HiddenCard+1","Gensokyo:Kunekune","PokerPlayerMod:Spade1","PokerPlayerMod:RiskyBet","Secret Technique+1","PokerPlayerMod:Configure+1","PokerPlayerMod:MagicTrick","PokerPlayerMod:Club5","PokerPlayerMod:Harden+1","Gensokyo:HouraiInAPot+1","PokerPlayerMod:Diamond2","PokerPlayerMod:Configure+1","Gensokyo:CustomPotion","PokerPlayerMod:Diamond3"],"relics":["PokerPlayerMod:DeckCase","Ice Cream","Lantern","Kunai","Bronze Scales","Bronze Scales","Busted Crown","Frozen Eye","reliquary:Buckler","MawBank","HornCleat","Turnip","reliquary:BoilingFlask","reliquary:WritOfMandamus","Gensokyo:DualWield","Orichalcum","reliquary:ExpiredCoupon","PokerPlayerMod:StuffedPocket","reliquary:TuningFork","Eternal Feather"],"acts_visited":["Exordium","Gensokyo:Gensokyo","Gensokyo:Gensokyoer","TheEnding"],"potions_floor_usage":[39,40,42,44,47,50,55],"damage_taken":[{"damage":0.0,"enemies":"Gensokyo:Python","floor":1.0,"turns":2.0},{"damage":6.0,"enemies":"Gensokyo:Gryphon","floor":2.0,"turns":3.0},{"damage":0.0,"enemies":"Gensokyo:3_Fairies","floor":3.0,"turns":2.0},{"damage":0.0,"enemies":"Gensokyo:Cirno","floor":6.0,"turns":4.0},{"damage":6.0,"enemies":"Gensokyo:Mamizou","floor":8.0,"turns":5.0},{"damage":0.0,"enemies":"Gensokyo:2_Rabbits","floor":9.0,"turns":3.0},{"damage":3.0,"enemies":"Gensokyo:2_Rabbits","floor":10.0,"turns":1.0},{"damage":2.0,"enemies":"Gensokyo:3_Kodama","floor":11.0,"turns":2.0},{"damage":1.0,"enemies":"Gensokyo:5_Fairies","floor":14.0,"turns":4.0},{"damage":0.0,"enemies":"Gensokyo:Kokoro","floor":16.0,"turns":4.0},{"damage":0.0,"enemies":"Gensokyo:AngelMirror","floor":18.0,"turns":3.0},{"damage":8.0,"enemies":"Gensokyo:Chomper","floor":22.0,"turns":4.0},{"damage":14.0,"enemies":"Gensokyo:Koishi","floor":23.0,"turns":4.0},{"damage":6.0,"enemies":"Gensokyo:Monolith_and_Dog","floor":25.0,"turns":3.0},{"damage":7.0,"enemies":"Gensokyo:Slime_Group","floor":26.0,"turns":5.0},{"damage":14.0,"enemies":"Gensokyo:Tenshi","floor":27.0,"turns":3.0},{"damage":9.0,"enemies":"Gensokyo:Slime_Group","floor":28.0,"turns":3.0},{"damage":28.0,"enemies":"Gensokyo:Reisen","floor":30.0,"turns":5.0},{"damage":65,"enemies":"Gensokyo:Kaguya","floor":33,"turns":8},{"damage":25,"enemies":"Gensokyo:AncientGuardian","floor":35,"turns":4},{"damage":0,"enemies":"Gensokyo:3_Boulders","floor":37,"turns":4},{"damage":15,"enemies":"Gensokyo:AtlasGolem","floor":39,"turns":4},{"damage":0,"enemies":"Gensokyo:Marisa","floor":40,"turns":5},{"damage":6,"enemies":"Gensokyo:Doremy","floor":42,"turns":5},{"damage":0,"enemies":"Gensokyo:SeedOfUnknown","floor":43,"turns":5},{"damage":4,"enemies":"Gensokyo:SeedOfUnknown","floor":44,"turns":5},{"damage":0,"enemies":"Gensokyo:SeedOfUnknown","floor":45,"turns":3},{"damage":37,"enemies":"Gensokyo:Marisa","floor":47,"turns":4},{"damage":0,"enemies":"Gensokyo:Yuyuko","floor":50,"turns":8},{"damage":35,"enemies":"Shield and Spear","floor":54,"turns":4},{"damage":66,"enemies":"The Heart","floor":55,"turns":6}],"seed_played":"-2750070886507755862","potions_obtained":[{"floor":1.0,"key":"SteroidPotion"},{"floor":8.0,"key":"Weak Potion"},{"floor":11.0,"key":"PowerPotion"},{"floor":22.0,"key":"Dexterity Potion"},{"floor":27.0,"key":"CultistPotion"},{"floor":28.0,"key":"AttackPotion"},{"floor":37,"key":"Explosive Potion"},{"floor":40,"key":"LiquidMemories"},{"floor":42,"key":"LiquidBronze"},{"floor":45,"key":"Fire Potion"},{"floor":54,"key":"ColorlessPotion"}],"is_trial":false,"path_per_floor":["M","M","M","?","?","E","T","E","MIM","M","M","R","$","M","R","B",null,"M","COS","?","?","M","E","R","M","MIM","E","M","?","E","?","R","B",null,"M","?","M","$","M","E","$","E","MIM","?","M","R","E","?","R","B",null,"R","$","E","B"],"character_chosen":"THE_POKER_PLAYER","items_purchased":["PokerPlayerMod:MagicTrick","PokerPlayerMod:SpadeStrike","PokerPlayerMod:RiskyBet","Secret Technique","PowerPotion","LiquidMemories","FearPotion"],"campfire_rested":1,"item_purchase_floors":[13,13,38,38,38,38,41],"current_hp_per_floor":[41,35,43,43,43,52,52,52,52,49,50,50,50,52,52,52,52,52,52,52,52,49,40,40,49,45,51,52,47,27,34,34,3,54,40,40,54,54,39,54,54,48,51,51,51,51,18,18,34,34,54,54,54,19,0,0,0],"gold":70,"neow_bonus":"ONE_RARE_RELIC","is_daily":false,"chose_seed":false,"campfire_upgraded":5,"win_rate":0.0,"timestamp":1612862712,"path_taken":["M","?","M","?","?","E","?","E","MIM","?","M","R","$","M","R","BOSS","M","COS","?","?","M","E","R","M","MIM","E","M","?","E","?","R","BOSS","M","?","?","$","M","E","?","E","MIM","?","M","R","E","?","R","BOSS","R","$","E","BOSS"],"items_purchased_type":["Card","Card","Card","Card","Potion","Potion","Potion"],"build_version":"2020-12-22","purchased_purges":1,"victory":false,"max_hp_per_floor":[52,52,52,52,52,52,52,52,52,52,52,52,52,52,52,52,52,52,52,52,52,52,52,52,52,52,52,52,47,47,54,54,54,54,54,54,54,54,54,54,54,54,54,54,54,54,54,54,54,54,54,54,54,54,54,54,54],"card_choices":[{"not_picked":["PokerPlayerMod:Manipulation","PokerPlayerMod:CardBurn"],"picked":"PokerPlayerMod:Raise","floor":1.0},{"not_picked":["PokerPlayerMod:Diamond3","PokerPlayerMod:ClubDance"],"picked":"PokerPlayerMod:Heart2","floor":2.0},{"not_picked":["PokerPlayerMod:DartThrow","PokerPlayerMod:Raise"],"picked":"PokerPlayerMod:Heart4","floor":3.0},{"not_picked":["PokerPlayerMod:Diamond8","PokerPlayerMod:RoyalStrike"],"picked":"PokerPlayerMod:ClubsClub","floor":6.0},{"not_picked":["PokerPlayerMod:CardBurn","PokerPlayerMod:ClubDance"],"picked":"PokerPlayerMod:Club2","floor":8.0},{"not_picked":["PokerPlayerMod:Spade6","PokerPlayerMod:Configure"],"picked":"PokerPlayerMod:DiamondStrike","floor":9.0},{"not_picked":["PokerPlayerMod:DartThrow","PokerPlayerMod:Spade4"],"picked":"PokerPlayerMod:Diamond2","floor":10.0},{"not_picked":["PokerPlayerMod:Overdeal","PokerPlayerMod:Club7"],"picked":"PokerPlayerMod:DamnStraight","floor":11.0},{"not_picked":["PokerPlayerMod:Spade9","PokerPlayerMod:Heart2"],"picked":"PokerPlayerMod:Spade5","floor":14.0},{"not_picked":["PokerPlayerMod:Diamond9","PokerPlayerMod:TheDieIsCast"],"picked":"PokerPlayerMod:WildCard","floor":16.0},{"not_picked":["PokerPlayerMod:Heart10+"],"picked":"SKIP","floor":18.0},{"not_picked":[],"picked":"PokerPlayerMod:CloakAndDiamond+1","floor":22.0},{"not_picked":[],"picked":"PokerPlayerMod:Extraction","floor":22.0},{"not_picked":["PokerPlayerMod:Fold"],"picked":"SKIP","floor":23.0},{"not_picked":["PokerPlayerMod:Fold+1"],"picked":"SKIP","floor":25.0},{"not_picked":[],"picked":"PokerPlayerMod:Diamond4","floor":27.0},{"not_picked":[],"picked":"PokerPlayerMod:HiddenCard+1","floor":28.0},{"not_picked":[],"picked":"Gensokyo:Kunekune","floor":29.0},{"not_picked":["PokerPlayerMod:Trickery+1"],"picked":"SKIP","floor":30.0},{"not_picked":[],"picked":"PokerPlayerMod:Spade1","floor":35},{"not_picked":["PokerPlayerMod:DartThrow"],"picked":"SKIP","floor":37},{"not_picked":[],"picked":"PokerPlayerMod:Configure+1","floor":39},{"not_picked":[],"picked":"PokerPlayerMod:MagicTrick","floor":40},{"not_picked":[],"picked":"PokerPlayerMod:Club5","floor":42},{"not_picked":[],"picked":"PokerPlayerMod:Harden+1","floor":43},{"not_picked":["Gensokyo:Dawn+1","Gensokyo:UnlikelyAid+1"],"picked":"Gensokyo:HouraiInAPot+1","floor":44},{"not_picked":[],"picked":"PokerPlayerMod:Diamond2","floor":45},{"not_picked":[],"picked":"PokerPlayerMod:Configure+1","floor":47},{"not_picked":[],"picked":"PokerPlayerMod:Diamond3","floor":54}],"player_experience":661850,"relics_obtained":[{"floor":6.0,"key":"Kunai"},{"floor":7.0,"key":"Bronze Scales"},{"floor":8.0,"key":"reliquary:SculptingSteel"},{"floor":23.0,"key":"reliquary:Buckler"},{"floor":26.0,"key":"HornCleat"},{"floor":27.0,"key":"Turnip"},{"floor":30.0,"key":"reliquary:BoilingFlask"},{"floor":40,"key":"Orichalcum"},{"floor":42,"key":"reliquary:ExpiredCoupon"},{"floor":43,"key":"PokerPlayerMod:StuffedPocket"},{"floor":47,"key":"reliquary:TuningFork"},{"floor":54,"key":"Eternal Feather"}],"event_choices":[],"is_beta":false,"boss_relics":[{"not_picked":["SlaversCollar","Tiny House"],"picked":"Busted Crown"},{"not_picked":["reliquary:RedPaperclip","Velvet Choker"],"picked":"reliquary:WritOfMandamus"}],"items_purged_floors":[13],"is_endless":false,"potions_floor_spawned":[1,8,10,11,14,22,27,28,37,40,42,45,54],"killed_by":"The Heart","ascension_level":1}}