{"host":"tml1x4ylw9tadh99","time":1612891939,"event":{"mods":["AchievementEnabler","Act Like it!","BaseMod","Bestiary","Colored Map","Colored Powertips","DeckTracker","Friendly Minions","GifTheSpireLib","Minty Spire (QoL Compilation)","Quick Restart","Random Character Button","Random Character Mod","Relic Stats","StSLib","Synergy Search"],"gold_per_floor":[359,382,393,208,11,11,11,11],"floor_reached":7,"language":"ENG","playtime":627,"items_purged":["Bash","Strike_R"],"score":39,"play_id":"7a2f97c1-8379-47f7-8fac-139bea5377bb","local_time":"20210209183219","is_ascension_mode":false,"campfire_choices":[{"data":"Body Slam","floor":6,"key":"SMITH"}],"circlet_count":0,"master_deck":["Strike_R","Strike_R","Strike_R","Strike_R","Defend_R","Defend_R","Defend_R","Defend_R","Body Slam+1","Shrug It Off"],"relics":["Burning Blood","Potion Belt","Membership Card","Thread and Needle"],"acts_visited":["Exordium"],"potions_floor_usage":[],"damage_taken":[{"damage":6,"enemies":"Cultist","floor":1,"turns":3},{"damage":1,"enemies":"Jaw Worm","floor":3,"turns":5},{"damage":67,"enemies":"Lagavulin","floor":7,"turns":12}],"seed_played":"-8892756214075954374","potions_obtained":[{"floor":3,"key":"FearPotion"}],"is_trial":false,"path_per_floor":["M","T","M","$","$","R","E"],"character_chosen":"IRONCLAD","items_purchased":["Membership Card","Thread and Needle"],"campfire_rested":0,"item_purchase_floors":[4,5],"current_hp_per_floor":[56,56,61,61,61,61,0,0],"gold":11,"neow_bonus":"TWO_FIFTY_GOLD","is_daily":false,"chose_seed":false,"campfire_upgraded":1,"win_rate":0.0,"timestamp":1612891939,"path_taken":["M","?","M","?","$","R","E"],"items_purchased_type":["Relic","Relic"],"build_version":"2020-12-22","purchased_purges":2,"victory":false,"max_hp_per_floor":[80,80,80,80,80,80,80,80],"relic_stats":{"counters":[3,20],"obtain_stats":[{"Potion Belt":2,"Thread and Needle":5,"Membership Card":4,"Burning Blood":0},{"Potion Belt":1,"Thread and Needle":2,"Membership Card":2,"Burning Blood":0},{"Potion Belt":3,"Thread and Needle":8,"Membership Card":8,"Burning Blood":0}],"Burning Blood":12},"card_choices":[{"not_picked":["Clash","Seeing Red"],"picked":"Body Slam","floor":1},{"not_picked":["Sword Boomerang","Warcry"],"picked":"Shrug It Off","floor":3}],"player_experience":41569,"relics_obtained":[{"floor":2,"key":"Potion Belt"}],"event_choices":[],"is_beta":false,"boss_relics":[],"items_purged_floors":[4,5],"is_endless":false,"potions_floor_spawned":[3],"killed_by":"Lagavulin","ascension_level":0}}