{"host":"qc8p2flj7wsy3zpg","time":1612888515,"event":{"mods":["BaseMod","Highlight Path","Minty Spire (QoL Compilation)","Monster List Patch","Relic Stats","StSLib"],"gold_per_floor":[111,122,139,64,81,81,109,109,183,194,210,210,210],"floor_reached":12,"language":"ENG","playtime":354,"items_purged":["Pain"],"score":164,"play_id":"206da106-7a6e-4429-b83b-6ddb926572cd","local_time":"20210209103515","is_ascension_mode":true,"campfire_choices":[{"floor":6.0,"key":"REST"},{"data":"Hyperbeam","floor":8.0,"key":"SMITH"}],"circlet_count":0,"master_deck":["AscendersBane","Strike_B","Strike_B","Strike_B","Strike_B","Defend_B","Defend_B","Defend_B","Defend_B","Zap","Dualcast","Defragment","Ball Lightning","Sweeping Beam","Ball Lightning","Hyperbeam+1","Doom and Gloom"],"relics":["Cracked Core","Shovel","Bird Faced Urn","Kunai"],"acts_visited":["Exordium"],"potions_floor_usage":[],"damage_taken":[{"damage":3.0,"enemies":"Cultist","floor":1.0,"turns":3.0},{"damage":18.0,"enemies":"Small Slimes","floor":2.0,"turns":4.0},{"damage":5.0,"enemies":"2 Louse","floor":3.0,"turns":2.0},{"damage":1.0,"enemies":"2 Fungi Beasts","floor":5.0,"turns":3.0},{"damage":20.0,"enemies":"3 Sentries","floor":7.0,"turns":4.0},{"damage":6.0,"enemies":"Exordium Thugs","floor":10.0,"turns":3.0},{"damage":11.0,"enemies":"Exordium Wildlife","floor":11.0,"turns":3.0},{"damage":39,"enemies":"Gremlin Nob","floor":12,"turns":3}],"seed_played":"-7518565326476529843","potions_obtained":[{"floor":2.0,"key":"Fire Potion"},{"floor":5.0,"key":"DistilledChaos"},{"floor":10.0,"key":"BlessingOfTheForge"}],"is_trial":false,"path_per_floor":["M","M","M","$","M","R","E","R","T","M","M","E"],"character_chosen":"DEFECT","items_purchased":[],"campfire_rested":1,"item_purchase_floors":[],"current_hp_per_floor":[61,43,38,38,37,58,38,38,38,34,25,0,0],"gold":210,"neow_bonus":"ONE_RARE_RELIC","is_daily":false,"chose_seed":false,"campfire_upgraded":1,"win_rate":0.0,"timestamp":1612888515,"path_taken":["M","M","M","$","M","R","E","R","T","?","M","E"],"items_purchased_type":[],"build_version":"2020-12-22","purchased_purges":1,"victory":false,"max_hp_per_floor":[71,71,71,71,71,71,71,71,71,71,71,71,71],"relic_stats":{"Shovel":0,"counters":[8,25],"Bird Faced Urn":[6],"Kunai":[1],"obtain_stats":[{"Shovel":0,"Bird Faced Urn":7,"Kunai":9,"Cracked Core":0},{"Shovel":0,"Bird Faced Urn":5,"Kunai":5,"Cracked Core":0},{"Shovel":0,"Bird Faced Urn":16,"Kunai":16,"Cracked Core":0}]},"card_choices":[{"not_picked":["Glacier","Cold Snap"],"picked":"Defragment","floor":1.0},{"not_picked":["Go for the Eyes","Gash"],"picked":"Ball Lightning","floor":2.0},{"not_picked":["Reinforced Body","Stack"],"picked":"Sweeping Beam","floor":3.0},{"not_picked":["Hologram","Turbo"],"picked":"Ball Lightning","floor":5.0},{"not_picked":["Ball Lightning","Go for the Eyes"],"picked":"Hyperbeam","floor":7.0},{"not_picked":["Barrage","Steam"],"picked":"Doom and Gloom","floor":10.0}],"player_experience":2350256,"relics_obtained":[{"floor":7.0,"key":"Bird Faced Urn"},{"floor":9.0,"key":"Kunai"}],"event_choices":[],"is_beta":false,"boss_relics":[],"items_purged_floors":[4],"is_endless":false,"potions_floor_spawned":[2,5,10],"killed_by":"Gremlin Nob","ascension_level":20}}