{"host":"uv5ws9rdk87e8i5k","time":1612842960,"event":{"mods":["AchievementEnabler","BaseMod","Colored Map","Minty Spire (QoL Compilation)","Permanent Neow","Quick Restart","StSLib","SuperFastMode","The Necromancer"],"gold_per_floor":[360,17,17,30,49,49,74,74,74,74,74,108,122,122,122],"floor_reached":14,"language":"ENG","playtime":260,"items_purged":["Strike_G"],"score":152,"play_id":"5e50cc3c-dc1d-42d6-87c6-5a257d129c3a","local_time":"20210208215600","is_ascension_mode":true,"campfire_choices":[{"data":"Noxious Fumes","floor":6.0,"key":"SMITH"},{"data":"Wraith Form v2","floor":8.0,"key":"SMITH"},{"data":"Leg Sweep","floor":10.0,"key":"SMITH"}],"circlet_count":0,"master_deck":["AscendersBane","Strike_G","Strike_G","Strike_G","Strike_G","Defend_G","Defend_G","Defend_G","Defend_G","Defend_G","Survivor","Neutralize","Endless Agony","Leg Sweep+1","Heel Hook","Noxious Fumes+1","Prepared","Quick Slash","Wraith Form v2+1","Quick Slash+1","Crippling Poison"],"relics":["Ring of the Snake","White Beast Statue","Molten Egg 2","Golden Idol","Lantern"],"acts_visited":["Exordium"],"potions_floor_usage":[12],"damage_taken":[{"damage":7.0,"enemies":"Jaw Worm","floor":1.0,"turns":5.0},{"damage":0.0,"enemies":"2 Louse","floor":4.0,"turns":3.0},{"damage":2.0,"enemies":"Cultist","floor":5.0,"turns":4.0},{"damage":28.0,"enemies":"Gremlin Nob","floor":7.0,"turns":5.0},{"damage":2,"enemies":"Lagavulin","floor":12,"turns":8},{"damage":2,"enemies":"Exordium Wildlife","floor":13,"turns":4},{"damage":0,"enemies":"Gremlin Nob","floor":14,"turns":1}],"seed_played":"-8448025119914011577","potions_obtained":[{"floor":1.0,"key":"Swift Potion"},{"floor":7.0,"key":"PowerPotion"},{"floor":12,"key":"SkillPotion"},{"floor":13,"key":"SteroidPotion"}],"is_trial":false,"path_per_floor":["M","$","?","M","M","R","E","R","T","R","?","E","M","E"],"character_chosen":"THE_SILENT","items_purchased":["Leg Sweep","Heel Hook","Noxious Fumes","Fire Potion"],"campfire_rested":0,"item_purchase_floors":[2,2,2,2],"current_hp_per_floor":[56,56,61,61,59,59,31,31,31,31,31,29,27,27,27],"gold":122,"neow_bonus":"TWO_FIFTY_GOLD","is_daily":false,"chose_seed":false,"campfire_upgraded":3,"win_rate":0.0,"timestamp":1612842960,"path_taken":["M","$","?","M","M","R","E","R","T","R","?","E","M","E"],"items_purchased_type":["Card","Card","Card","Potion"],"build_version":"2020-12-22","purchased_purges":1,"victory":false,"max_hp_per_floor":[63,63,68,68,68,68,68,68,68,68,63,63,63,63,63],"card_choices":[{"not_picked":["Calculated Gamble","Dodge and Roll"],"picked":"Endless Agony","floor":1.0},{"not_picked":["Blade Dance","Deflect"],"picked":"Prepared","floor":4.0},{"not_picked":["Deflect","Slice"],"picked":"Quick Slash","floor":5.0},{"not_picked":["Leg Sweep","Endless Agony"],"picked":"Wraith Form v2","floor":7.0},{"not_picked":["Bane+1","Envenom"],"picked":"Quick Slash+1","floor":12},{"not_picked":["Backflip","Poisoned Stab+1"],"picked":"Crippling Poison","floor":13}],"player_experience":275143,"relics_obtained":[{"floor":7.0,"key":"White Beast Statue"},{"floor":9.0,"key":"Molten Egg 2"},{"floor":12,"key":"Lantern"}],"event_choices":[{"damage_healed":0.0,"max_hp_gain":5.0,"max_hp_loss":0.0,"gold_gain":0.0,"event_name":"Big Fish","player_choice":"Donut","floor":3.0,"gold_loss":0.0,"damage_taken":0.0},{"damage_healed":0.0,"max_hp_gain":0.0,"max_hp_loss":5.0,"gold_gain":0.0,"event_name":"Golden Idol","player_choice":"Lose Max HP","floor":11.0,"gold_loss":0.0,"damage_taken":0.0,"relics_obtained":["Golden Idol"]}],"is_beta":false,"boss_relics":[],"items_purged_floors":[2],"is_endless":false,"potions_floor_spawned":[1,5,7,12,13],"killed_by":"Gremlin Nob","ascension_level":11}}