{"host":"3uci9gpt6cwo3y1o","time":1612872253,"event":{"mods":["Aspiration","BaseMod","Bossed Relics","Energized Spire","Minty Spire (QoL Compilation)","MostiFishMod","Reliquary","StSLib","TestMod"],"gold_per_floor":[360,376,155,155,105,105,140,151,151,182,199,219,219,232,232,306,306,322,338,357,357,357,382,382,412,412,429,344,344,360,390,390,467,467,485,510,510,510,5,5,638,653,728,760,348,361,361,396,396,396,396,396,145,173,173],"floor_reached":56,"language":"ZHS","playtime":1630,"items_purged":["Strike_P","Defend_P","Strike_P"],"score":2534,"play_id":"2786efb7-8be7-4b1b-8cf3-771d5e2705e9","local_time":"20210209200413","is_ascension_mode":true,"campfire_choices":[{"data":"Eruption","floor":6.0,"key":"SMITH"},{"floor":13.0,"key":"RECALL"},{"data":"FearNoEvil","floor":15.0,"key":"SMITH"},{"data":"Tantrum","floor":24.0,"key":"SMITH"},{"data":"TalkToTheHand","floor":29.0,"key":"SMITH"},{"data":"WheelKick","floor":32.0,"key":"SMITH"},{"data":"Ragnarok","floor":40.0,"key":"SMITH"},{"data":"Adaptation","floor":49.0,"key":"SMITH"},{"data":"MostiFishMod:Adaptation","floor":52.0,"key":"SMITH"}],"circlet_count":0,"master_deck":["AscendersBane","Strike_P","Defend_P","Defend_P","Eruption+1","Vigilance","WheelKick+1","FearNoEvil+1","MostiFishMod:Adaptation+1","MostiFishMod:Nomercy+1","CutThroughFate+1","Tantrum+1","TalkToTheHand+1","ForeignInfluence+1","Ragnarok+1","MentalFortress+1","MostiFishMod:ButterFly+1","Adaptation+1","TalkToTheHand"],"relics":["PureWater","DaveBox","testmod-TestBox","RhineSuit","testmod-Register","SynthV:TestCard","Civilization","reliquary:FeatherDuster","Yang","aspiration:RitualDagger","aspiration:RitualStick","Enchiridion","testmod-Justice","testmod-Nyarlathotep","Bottled Flame","reliquary:Boomerang","reliquary:NewFriend","Transparent","OriginationStaff","MostiFishMod:AdaptiveDefenses","Sundial","reliquary:MudwinsCradle","aspiration:HummingbirdHeart","Blue Candle","CombinedTypeHook","Question Card","aspiration:StickyExplosives","reliquary:Stiletto"],"acts_visited":["Exordium","TheCity","TheBeyond","TheEnding"],"potions_floor_usage":[55,55],"damage_taken":[{"damage":0.0,"enemies":"Small Slimes","floor":1.0,"turns":2.0},{"damage":0.0,"enemies":"2 Louse","floor":2.0,"turns":2.0},{"damage":0.0,"enemies":"Lagavulin","floor":7.0,"turns":5.0},{"damage":0.0,"enemies":"Jaw Worm","floor":8.0,"turns":2.0},{"damage":0.0,"enemies":"3 Sentries","floor":10.0,"turns":3.0},{"damage":0.0,"enemies":"Looter","floor":11.0,"turns":1.0},{"damage":0.0,"enemies":"Large Slime","floor":12.0,"turns":2.0},{"damage":0.0,"enemies":"Red Slaver","floor":14.0,"turns":2.0},{"damage":0.0,"enemies":"Slime Boss","floor":16.0,"turns":2.0},{"damage":9.0,"enemies":"Shell Parasite","floor":18.0,"turns":3.0},{"damage":12.0,"enemies":"3 Byrds","floor":19.0,"turns":4.0},{"damage":27.0,"enemies":"Snecko","floor":20.0,"turns":3.0},{"damage":22.0,"enemies":"Gremlin Leader","floor":23.0,"turns":3.0},{"damage":6.0,"enemies":"Book of Stabbing","floor":25.0,"turns":2.0},{"damage":7.0,"enemies":"Centurion and Healer","floor":27.0,"turns":2.0},{"damage":3.0,"enemies":"Snake Plant","floor":30.0,"turns":1.0},{"damage":6.0,"enemies":"Slavers","floor":31.0,"turns":2.0},{"damage":41.0,"enemies":"Collector","floor":33.0,"turns":4.0},{"damage":32.0,"enemies":"Orb Walker","floor":35.0,"turns":1.0},{"damage":33.0,"enemies":"Mind Bloom Boss Battle","floor":36.0,"turns":1.0},{"damage":68.0,"enemies":"Reptomancer","floor":41.0,"turns":2.0},{"damage":43.0,"enemies":"3 Shapes","floor":42.0,"turns":1.0},{"damage":36.0,"enemies":"Nemesis","floor":44.0,"turns":1.0},{"damage":37.0,"enemies":"Maw","floor":46.0,"turns":1.0},{"damage":38.0,"enemies":"Reptomancer","floor":48.0,"turns":2.0},{"damage":134.0,"enemies":"Awakened One","floor":50.0,"turns":3.0},{"damage":40,"enemies":"Shield and Spear","floor":54,"turns":1},{"damage":123,"enemies":"The Heart","floor":55,"turns":3}],"seed_played":"-6936338662665879389","potions_obtained":[{"floor":7.0,"key":"Dexterity Potion"},{"floor":8.0,"key":"AttackPotion"},{"floor":14.0,"key":"Explosive Potion"},{"floor":23.0,"key":"testmod-TestPotion"},{"floor":27.0,"key":"BottledMiracle"},{"floor":35.0,"key":"Regen Potion"},{"floor":42.0,"key":"Weak Potion"},{"floor":46.0,"key":"DuplicationPotion"}],"is_trial":false,"path_per_floor":["M","M","$","?","?","R","E","M","T","E","M","M","R","M","R","B",null,"M","M","M","?","?","E","R","E","T","M","?","R","M","E","R","B",null,"M","?","?","?","$","R","E","M","T","E","$","M","?","E","R","B",null,"R","$","E","B",null],"character_chosen":"WATCHER","items_purchased":["Civilization","MostiFishMod:AdaptiveDefenses","Sundial","CombinedTypeHook","aspiration:StickyExplosives"],"campfire_rested":0,"item_purchase_floors":[3,39,39,45,53],"current_hp_per_floor":[47,47,47,47,47,47,48,50,50,55,60,65,65,70,70,75,94,90,83,61,38,22,120,120,125,125,130,130,130,135,140,140,126,140,150,155,145,145,145,145,160,165,165,170,170,175,175,180,180,185,185,185,185,190,195],"gold":173,"neow_bonus":"TWO_FIFTY_GOLD","is_daily":false,"chose_seed":false,"campfire_upgraded":8,"win_rate":0.0,"timestamp":1612872253,"path_taken":["M","M","$","?","?","R","E","M","T","E","M","M","R","M","R","BOSS","M","M","M","?","?","E","R","E","T","M","?","R","M","E","R","BOSS","M","?","?","?","$","R","E","M","T","E","$","M","?","E","R","BOSS","R","$","E","BOSS"],"items_purchased_type":["Relic","Relic","Relic","Relic","Relic"],"build_version":"2020-12-22","purchased_purges":3,"victory":true,"max_hp_per_floor":[72,72,72,72,72,72,73,75,75,80,85,90,90,95,95,100,100,105,110,115,115,115,120,120,125,125,130,130,130,135,140,140,145,145,150,155,155,155,155,155,160,165,165,170,170,175,175,180,180,185,185,185,185,190,195],"card_choices":[{"not_picked":["JustLucky","ClearTheMind","Consecrate"],"picked":"SKIP","floor":1.0},{"not_picked":["JustLucky","ClearTheMind","Consecrate"],"picked":"SKIP","floor":1.0},{"not_picked":["JustLucky","ClearTheMind","Consecrate"],"picked":"SKIP","floor":1.0},{"not_picked":["PathToVictory","Evaluate","CarveReality","Protect","CrushJoints"],"picked":"SKIP","floor":2.0},{"not_picked":["FlyingSleeves","Halt","ThirdEye","Prostrate","BowlingBash"],"picked":"SKIP","floor":7.0},{"not_picked":["FlyingSleeves","Halt","ThirdEye","Prostrate","BowlingBash"],"picked":"SKIP","floor":7.0},{"not_picked":["FlyingSleeves","Halt","ThirdEye","Prostrate","BowlingBash"],"picked":"SKIP","floor":7.0},{"not_picked":["Crescendo","WaveOfTheHand","Prostrate","FlurryOfBlows","MostiFishMod:Clarity"],"picked":"SKIP","floor":8.0},{"not_picked":["MentalFortress","Pray","Prostrate","Alpha","EmptyBody"],"picked":"SKIP","floor":10.0},{"not_picked":["Vengeance","ClearTheMind","Evaluate","ThirdEye","FlurryOfBlows"],"picked":"SKIP","floor":11.0},{"not_picked":["Nirvana","BowlingBash","EmptyBody","WaveOfTheHand","ReachHeaven"],"picked":"SKIP","floor":12.0},{"not_picked":["JustLucky","LessonLearned","Prostrate","MostiFishMod:Clarity"],"picked":"FearNoEvil","floor":14.0},{"not_picked":["MostiFishMod:Pointsdynamics","Scrawl","Devotion","Brilliance"],"picked":"MostiFishMod:Adaptation","floor":16.0},{"not_picked":["BowlingBash","Evaluate","EmptyBody","DeceiveReality","EmptyFist"],"picked":"SKIP","floor":18.0},{"not_picked":["Perseverance","Collect+1","Evaluate","BattleHymn"],"picked":"MostiFishMod:Nomercy+1","floor":19.0},{"not_picked":["BowlingBash","EmptyBody","Halt+1","Protect"],"picked":"CutThroughFate+1","floor":20.0},{"not_picked":["Meditate","Nirvana","BowlingBash","MostiFishMod:FlowState"],"picked":"Tantrum","floor":23.0},{"not_picked":["Sanctity+1","FearNoEvil","Brilliance","JustLucky","WaveOfTheHand"],"picked":"SKIP","floor":25.0},{"not_picked":["FlyingSleeves","CrushJoints","Collect","WindmillStrike"],"picked":"TalkToTheHand","floor":27.0},{"not_picked":["PathToVictory","Meditate","SashWhip","EmptyBody"],"picked":"ForeignInfluence+1","floor":30.0},{"not_picked":["Crescendo+1","Study","Protect","JustLucky","EmptyMind+1"],"picked":"SKIP","floor":31.0},{"not_picked":["Judgement","MostiFishMod:StarWish","MostiFishMod:DisColor","DeusExMachina"],"picked":"Ragnarok","floor":33.0},{"not_picked":["Evaluate","WindmillStrike","ThirdEye","FlurryOfBlows"],"picked":"MentalFortress+1","floor":35.0},{"not_picked":["Mind Blast","Metamorphosis","testmod-HandmadeProducts","testmod-PerfectCombo"],"picked":"MostiFishMod:ButterFly","floor":37.0},{"not_picked":["Wireheading","Halt","Indignation","ClearTheMind","Prostrate"],"picked":"SKIP","floor":41.0},{"not_picked":["EmptyBody+1","WreathOfFlame","EmptyFist+1","Crescendo","Devotion"],"picked":"SKIP","floor":42.0},{"not_picked":["Indignation","MostiFishMod:LegendTransform","Consecrate+1","CutThroughFate","Prostrate"],"picked":"SKIP","floor":44.0},{"not_picked":["Study","ClearTheMind","BowlingBash","Evaluate","ReachHeaven"],"picked":"SKIP","floor":46.0},{"not_picked":["PathToVictory","CutThroughFate+1","WaveOfTheHand","LessonLearned"],"picked":"Adaptation","floor":48.0},{"not_picked":["LikeWater","EmptyFist","JustLucky","Sanctity","Protect"],"picked":"TalkToTheHand","floor":54}],"player_experience":911831,"relics_obtained":[{"floor":1.0,"key":"SynthV:TestCard"},{"floor":7.0,"key":"reliquary:FeatherDuster"},{"floor":10.0,"key":"Yang"},{"floor":22.0,"key":"Enchiridion"},{"floor":23.0,"key":"testmod-Justice"},{"floor":25.0,"key":"testmod-Nyarlathotep"},{"floor":26.0,"key":"Bottled Flame"},{"floor":31.0,"key":"reliquary:NewFriend"},{"floor":36.0,"key":"OriginationStaff"},{"floor":41.0,"key":"reliquary:MudwinsCradle"},{"floor":43.0,"key":"aspiration:HummingbirdHeart"},{"floor":44.0,"key":"Blue Candle"},{"floor":48.0,"key":"Question Card"},{"floor":54,"key":"reliquary:Stiletto"}],"event_choices":[{"damage_healed":0.0,"max_hp_gain":0.0,"max_hp_loss":0.0,"gold_gain":0.0,"cards_transformed":["Defend_P"],"event_name":"Living Wall","player_choice":"Change","floor":4.0,"gold_loss":0.0,"damage_taken":0.0,"cards_obtained":["WheelKick"]},{"cards_removed":["Strike_P"],"damage_healed":0.0,"max_hp_gain":0.0,"max_hp_loss":0.0,"gold_gain":0.0,"event_name":"The Cleric","player_choice":"Card Removal","floor":5.0,"gold_loss":50.0,"damage_taken":0.0},{"damage_healed":0.0,"max_hp_gain":0.0,"max_hp_loss":0.0,"gold_gain":0.0,"event_name":"Cursed Tome","player_choice":"Obtained Book","floor":22.0,"gold_loss":0.0,"damage_taken":16.0},{"damage_healed":0.0,"max_hp_gain":0.0,"max_hp_loss":0.0,"gold_gain":0.0,"event_name":"Addict","player_choice":"Obtained Relic","floor":28.0,"gold_loss":85.0,"damage_taken":0.0,"relics_obtained":["reliquary:Boomerang"]},{"damage_healed":0.0,"max_hp_gain":0.0,"max_hp_loss":0.0,"gold_gain":0.0,"event_name":"MindBloom","player_choice":"Fight","floor":36.0,"gold_loss":0.0,"damage_taken":0.0},{"damage_healed":0.0,"max_hp_gain":0.0,"max_hp_loss":0.0,"gold_gain":0.0,"event_name":"SensoryStone","player_choice":"Memory 3","floor":37.0,"gold_loss":0.0,"damage_taken":10.0},{"damage_healed":0.0,"max_hp_gain":0.0,"max_hp_loss":0.0,"gold_gain":0.0,"event_name":"Tomb of Lord Red Mask","player_choice":"Ignored","floor":38.0,"gold_loss":0.0,"damage_taken":0.0},{"damage_healed":0.0,"max_hp_gain":0.0,"max_hp_loss":0.0,"gold_gain":0.0,"event_name":"Upgrade Shrine","player_choice":"Upgraded","floor":47.0,"gold_loss":0.0,"damage_taken":0.0,"cards_upgraded":["MostiFishMod:ButterFly"]}],"is_beta":false,"boss_relics":[{"not_picked":["Tiny House","Fusion Hammer"],"picked":"aspiration:RitualDagger"},{"not_picked":["testmod-EnergyCheck","TimeKeys"],"picked":"Transparent"}],"items_purged_floors":[3,39,45],"is_endless":false,"potions_floor_spawned":[7,8,12,14,23,27,35,42,44,46],"ascension_level":13}}