{"host":"lly094a91h6n5nv5","time":1612863617,"event":{"mods":["AchievementEnabler","BaseMod","Block Reminder","Colored Map","Minty Spire (QoL Compilation)"],"gold_per_floor":[119,136,152,152,152,152,178,178,178,209,209,220,236,269,269,364,364,381,401,419,439,439,439,439],"floor_reached":23,"language":"ENG","playtime":2582,"items_purged":[],"score":298,"play_id":"76f8b702-55ba-459a-a090-9ec2b5347796","local_time":"20210209034017","is_ascension_mode":true,"campfire_choices":[{"data":"Rampage","floor":6.0,"key":"SMITH"},{"data":"Immolate","floor":8.0,"key":"SMITH"},{"data":"Metallicize","floor":11.0,"key":"SMITH"},{"data":"Metallicize","floor":15.0,"key":"SMITH"}],"circlet_count":0,"master_deck":["Strike_R","Strike_R","Defend_R","Defend_R","Defend_R","Bash","Warcry","Rampage+1","Feel No Pain","Immolate+1","Metallicize+1","True Grit","Metallicize+1","Double Tap","Dark Embrace","Havoc","Feel No Pain"],"relics":["Burning Blood","White Beast Statue","Self Forming Clay","Bottled Tornado","Juzu Bracelet","Fusion Hammer"],"acts_visited":["Exordium","TheCity"],"potions_floor_usage":[],"damage_taken":[{"damage":6.0,"enemies":"Cultist","floor":1.0,"turns":3.0},{"damage":7.0,"enemies":"2 Louse","floor":2.0,"turns":3.0},{"damage":3.0,"enemies":"Jaw Worm","floor":3.0,"turns":4.0},{"damage":33.0,"enemies":"Lagavulin","floor":7.0,"turns":8.0},{"damage":12.0,"enemies":"3 Sentries","floor":10.0,"turns":4.0},{"damage":19.0,"enemies":"Exordium Thugs","floor":12.0,"turns":4.0},{"damage":6.0,"enemies":"Gremlin Gang","floor":13.0,"turns":2.0},{"damage":21.0,"enemies":"Gremlin Nob","floor":14.0,"turns":4.0},{"damage":30.0,"enemies":"Slime Boss","floor":16.0,"turns":10.0},{"damage":12.0,"enemies":"Shell Parasite","floor":18.0,"turns":4.0},{"damage":22,"enemies":"3 Byrds","floor":19,"turns":6},{"damage":13,"enemies":"3 Cultists","floor":20,"turns":5},{"damage":23,"enemies":"Snake Plant","floor":21,"turns":4},{"damage":0,"enemies":"Gremlin Leader","floor":23,"turns":1}],"seed_played":"6640580455489981169","potions_obtained":[{"floor":2.0,"key":"Strength Potion"},{"floor":10.0,"key":"Strength Potion"},{"floor":12.0,"key":"FairyPotion"},{"floor":14.0,"key":"GamblersBrew"},{"floor":16.0,"key":"BlessingOfTheForge"},{"floor":19,"key":"Swift Potion"},{"floor":20,"key":"Block Potion"}],"is_trial":false,"path_per_floor":["M","M","M","?","?","R","E","R","T","E","R","M","M","E","R","B",null,"M","M","M","M","?","E"],"character_chosen":"IRONCLAD","items_purchased":[],"campfire_rested":0,"item_purchase_floors":[],"current_hp_per_floor":[72,71,74,74,74,74,47,47,47,41,41,28,28,13,13,30,68,62,46,39,22,22,22,22],"gold":439,"neow_bonus":"REMOVE_CARD","is_daily":false,"chose_seed":false,"campfire_upgraded":4,"win_rate":0.0,"timestamp":1612863617,"path_taken":["M","M","?","?","?","R","E","R","T","E","R","?","M","E","R","BOSS","M","M","M","M","?","E"],"items_purchased_type":[],"build_version":"2020-12-22","purchased_purges":0,"victory":false,"max_hp_per_floor":[80,80,80,80,80,80,80,80,80,80,80,80,80,80,80,80,80,80,80,80,80,80,80,80],"card_choices":[{"not_picked":["Anger","Entrench"],"picked":"Warcry","floor":1.0},{"not_picked":["Heavy Blade","Clothesline"],"picked":"Rampage","floor":2.0},{"not_picked":["Thunderclap","Armaments","Carnage"],"picked":"SKIP","floor":3.0},{"not_picked":["Hemokinesis","Twin Strike"],"picked":"Immolate","floor":7.0},{"not_picked":["Havoc","Carnage"],"picked":"Metallicize","floor":10.0},{"not_picked":["Carnage","Anger","Cleave"],"picked":"SKIP","floor":12.0},{"not_picked":["Anger","Sword Boomerang"],"picked":"True Grit","floor":13.0},{"not_picked":["Iron Wave","Burning Pact"],"picked":"Metallicize","floor":14.0},{"not_picked":["Offering","Juggernaut"],"picked":"Double Tap","floor":16.0},{"not_picked":["Power Through+1","Cleave","Heavy Blade"],"picked":"SKIP","floor":18.0},{"not_picked":["Body Slam","Heavy Blade","Havoc"],"picked":"SKIP","floor":19},{"not_picked":["Wild Strike","Anger","Havoc"],"picked":"SKIP","floor":20},{"not_picked":["Hemokinesis+1","Havoc"],"picked":"Dark Embrace","floor":21}],"player_experience":190704,"relics_obtained":[{"floor":7.0,"key":"White Beast Statue"},{"floor":9.0,"key":"Self Forming Clay"},{"floor":10.0,"key":"Bottled Tornado"},{"floor":14.0,"key":"Juzu Bracelet"}],"event_choices":[{"damage_healed":0.0,"max_hp_gain":0.0,"max_hp_loss":0.0,"gold_gain":0.0,"event_name":"Liars Game","player_choice":"Ignored","floor":4.0,"gold_loss":0.0,"damage_taken":0.0},{"damage_healed":0.0,"max_hp_gain":0.0,"max_hp_loss":0.0,"gold_gain":0.0,"cards_transformed":["Strike_R"],"event_name":"Transmorgrifier","player_choice":"Transformed","floor":5.0,"gold_loss":0.0,"damage_taken":0.0,"cards_obtained":["Feel No Pain"]},{"damage_healed":0,"gold_gain":0,"cards_transformed":["Strike_R","Strike_R"],"player_choice":"Became Test Subject","damage_taken":0,"max_hp_gain":0,"max_hp_loss":0,"event_name":"Drug Dealer","floor":22,"gold_loss":0,"cards_obtained":["Havoc","Feel No Pain"]}],"is_beta":false,"boss_relics":[{"not_picked":["Pandora\u0027s Box","SacredBark"],"picked":"Fusion Hammer"}],"items_purged_floors":[],"is_endless":false,"potions_floor_spawned":[2,10,12,13,14,16,18,19,20,21],"killed_by":"Gremlin Leader","ascension_level":8}}