{"host":"FirstDane","time":1612848414,"event":{"mods":["BaseMod","Bestiary","Highlight Path","Minty Spire (QoL Compilation)","Relic Stats","Slay the Relics Exporter","StSLib"],"gold_per_floor":[112,112,126,143,155,155,175,207,207,237,237,272,272,272,272,351,351,366,115,127,127,143,175,175,201,201,40,40,40,53,78,78,157,157,170,170,170,186,211,246,246,246,246,246,34,53,86,104,104,104,104,104,104,28,53,53,53],"floor_reached":56,"language":"ENG","playtime":5377,"items_purged":["Strike_G","Strike_G","Strike_G"],"score":1962,"play_id":"776de0fe-7ba1-400f-a8a8-d78c9075ac4d","local_time":"20210208232654","is_ascension_mode":true,"campfire_choices":[{"data":"Wraith Form v2","floor":6,"key":"SMITH"},{"floor":11,"key":"REST"},{"data":"Poisoned Stab","floor":13,"key":"SMITH"},{"data":"Neutralize","floor":15,"key":"SMITH"},{"floor":24,"key":"REST"},{"floor":28,"key":"REST"},{"data":"Noxious Fumes","floor":32,"key":"SMITH"},{"data":"Strike_G","floor":41,"key":"PURGE"},{"floor":44,"key":"RECALL"},{"floor":49,"key":"REST"},{"data":"Acrobatics","floor":53,"key":"SMITH"}],"circlet_count":0,"master_deck":["AscendersBane","Strike_G","Defend_G","Defend_G","Defend_G","Defend_G","Defend_G","Survivor","Neutralize+1","Slice","Poisoned Stab+1","Wraith Form v2+1","Corpse Explosion","Malaise","CurseOfTheBell","Dash","Noxious Fumes+1","Bane","PiercingWail","Crippling Poison","Tools of the Trade","Adrenaline","Terror+1","Dodge and Roll+1","Backflip+1","Acrobatics+1","Catalyst","Acrobatics"],"relics":["Velvet Choker","Smiling Mask","Snake Skull","Shuriken","Peace Pipe","Calipers","Tingsha","Calling Bell","Orichalcum","Ornamental Fan","WingedGreaves","Bag of Preparation","Anchor","Regal Pillow","Paper Crane","Toy Ornithopter","SacredBark","CaptainsWheel","Ancient Tea Set","HornCleat","Centennial Puzzle","Singing Bowl","Bottled Lightning"],"acts_visited":["Exordium","TheCity","TheBeyond","TheEnding"],"potions_floor_usage":[8,8,8,12,16,22,23,25,39,40,50,56,56],"damage_taken":[{"damage":0,"enemies":"Cultist","floor":1,"turns":4},{"damage":4,"enemies":"Jaw Worm","floor":3,"turns":6},{"damage":0,"enemies":"Small Slimes","floor":4,"turns":4},{"damage":0,"enemies":"Blue Slaver","floor":5,"turns":5},{"damage":6,"enemies":"Exordium Wildlife","floor":7,"turns":6},{"damage":10,"enemies":"Lagavulin","floor":8,"turns":6},{"damage":17,"enemies":"3 Sentries","floor":10,"turns":10},{"damage":16,"enemies":"Lagavulin","floor":12,"turns":8},{"damage":13,"enemies":"Hexaghost","floor":16,"turns":9},{"damage":11,"enemies":"3 Byrds","floor":18,"turns":4},{"damage":14,"enemies":"2 Thieves","floor":20,"turns":3},{"damage":3,"enemies":"Snake Plant","floor":22,"turns":6},{"damage":32,"enemies":"Slavers","floor":23,"turns":3},{"damage":18,"enemies":"Gremlin Leader","floor":25,"turns":6},{"damage":8,"enemies":"3 Cultists","floor":30,"turns":3},{"damage":11,"enemies":"Book of Stabbing","floor":31,"turns":6},{"damage":11,"enemies":"Champ","floor":33,"turns":13},{"damage":5,"enemies":"3 Darklings","floor":35,"turns":3},{"damage":2,"enemies":"3 Shapes","floor":38,"turns":3},{"damage":0,"enemies":"Mind Bloom Boss Battle","floor":39,"turns":7},{"damage":12,"enemies":"Reptomancer","floor":40,"turns":7},{"damage":0,"enemies":"Jaw Worm Horde","floor":46,"turns":4},{"damage":7,"enemies":"Giant Head","floor":47,"turns":10},{"damage":3,"enemies":"3 Darklings","floor":48,"turns":4},{"damage":16,"enemies":"Donu and Deca","floor":50,"turns":8},{"damage":41,"enemies":"Awakened One","floor":51,"turns":34},{"damage":13,"enemies":"Shield and Spear","floor":55,"turns":6},{"damage":52,"enemies":"The Heart","floor":56,"turns":6}],"seed_played":"-1804932115698039492","potions_obtained":[{"floor":3,"key":"EntropicBrew"},{"floor":10,"key":"AttackPotion"},{"floor":12,"key":"Regen Potion"},{"floor":16,"key":"Regen Potion"},{"floor":20,"key":"ColorlessPotion"},{"floor":23,"key":"SkillPotion"},{"floor":39,"key":"SteroidPotion"},{"floor":46,"key":"Strength Potion"},{"floor":55,"key":"LiquidBronze"}],"is_trial":false,"path_per_floor":["M","?","M","M","M","R","M","E","T","E","R","E","R","?","R","B",null,"M","$","M","?","M","E","R","E","T","$","R","?","M","E","R","B",null,"M","?","?","M","?","E","R","T","T","R","$","M","E","M","R","B","B",null,"R","$","E","B"],"character_chosen":"THE_SILENT","items_purchased":["Bag of Preparation","Noxious Fumes","SteroidPotion","Swift Potion","Centennial Puzzle","Catalyst"],"campfire_rested":4,"item_purchase_floors":[19,19,27,27,45,54],"current_hp_per_floor":[59,48,44,44,44,44,38,28,28,11,30,14,14,14,14,16,54,43,43,29,29,41,9,28,10,10,10,44,44,36,25,25,14,53,48,48,48,46,51,44,44,44,44,44,44,44,39,36,68,52,11,54,54,54,41,0,0],"gold":53,"neow_bonus":"BOSS_RELIC","is_daily":false,"chose_seed":false,"campfire_upgraded":5,"win_rate":0.0,"timestamp":1612848414,"path_taken":["M","?","M","M","M","R","M","E","T","E","R","E","R","?","R","BOSS","M","$","?","?","M","E","R","E","T","$","R","?","M","E","R","BOSS","M","?","?","M","?","E","R","?","T","R","$","M","E","M","R","BOSS","BOSS","R","$","E","BOSS"],"items_purchased_type":["Relic","Card","Potion","Potion","Relic","Card"],"build_version":"2020-12-18","purchased_purges":3,"victory":false,"max_hp_per_floor":[66,66,66,66,66,66,66,66,66,66,66,66,66,66,66,66,66,66,66,66,66,66,66,66,66,66,66,66,66,66,66,66,66,66,66,66,66,66,66,66,66,66,66,66,66,66,68,68,68,68,68,68,68,68,68,68,68],"relic_stats":{"Regal Pillow":27,"Singing Bowl":2,"counters":[28,194],"Tingsha":[222],"Snake Skull":[217],"Bag of Preparation":[36],"Orichalcum":[120],"Smiling Mask":150,"Peace Pipe":1,"Centennial Puzzle":[18],"Shuriken":[42],"Ornamental Fan":[128],"obtain_stats":[{"Regal Pillow":25,"Calipers":12,"Singing Bowl":47,"SacredBark":34,"Velvet Choker":0,"Tingsha":14,"Snake Skull":8,"Bag of Preparation":19,"Orichalcum":17,"Paper Crane":26,"Smiling Mask":2,"Ancient Tea Set":40,"Peace Pipe":10,"Calling Bell":17,"Anchor":23,"CaptainsWheel":39,"Centennial Puzzle":45,"HornCleat":43,"Shuriken":9,"Ornamental Fan":17,"WingedGreaves":17,"Bottled Lightning":55,"Toy Ornithopter":31,"Ring of the Snake":0},{"Regal Pillow":14,"Calipers":8,"Singing Bowl":23,"SacredBark":17,"Velvet Choker":0,"Tingsha":8,"Snake Skull":6,"Bag of Preparation":10,"Orichalcum":9,"Paper Crane":14,"Smiling Mask":1,"Ancient Tea Set":21,"Peace Pipe":7,"Calling Bell":9,"Anchor":13,"CaptainsWheel":20,"Centennial Puzzle":21,"HornCleat":21,"Shuriken":6,"Ornamental Fan":9,"WingedGreaves":9,"Bottled Lightning":27,"Toy Ornithopter":16,"Ring of the Snake":0},{"Regal Pillow":80,"Calipers":49,"Singing Bowl":136,"SacredBark":102,"Velvet Choker":0,"Tingsha":49,"Snake Skull":31,"Bag of Preparation":62,"Orichalcum":58,"Paper Crane":80,"Smiling Mask":4,"Ancient Tea Set":122,"Peace Pipe":41,"Calling Bell":58,"Anchor":74,"CaptainsWheel":115,"Centennial Puzzle":122,"HornCleat":122,"Shuriken":31,"Ornamental Fan":58,"WingedGreaves":58,"Bottled Lightning":188,"Toy Ornithopter":89,"Ring of the Snake":0}],"Toy Ornithopter":20},"card_choices":[{"not_picked":["PiercingWail","Prepared"],"picked":"Backflip","floor":1},{"not_picked":["Heel Hook","Backstab"],"picked":"Slice","floor":3},{"not_picked":["Prepared","Blade Dance"],"picked":"Poisoned Stab","floor":4},{"not_picked":["Infinite Blades","Leg Sweep"],"picked":"Wraith Form v2","floor":5},{"not_picked":["Backflip","Dodge and Roll","Prepared"],"picked":"SKIP","floor":7},{"not_picked":["Blur","Deadly Poison"],"picked":"Dagger Throw","floor":8},{"not_picked":["Dodge and Roll","Backflip","Slice"],"picked":"SKIP","floor":10},{"not_picked":["Poisoned Stab","Slice"],"picked":"Corpse Explosion","floor":12},{"not_picked":["Unload","Die Die Die"],"picked":"Malaise","floor":16},{"not_picked":["Slice","Calculated Gamble"],"picked":"Dash","floor":18},{"not_picked":["Slice","Dagger Spray"],"picked":"Bane","floor":20},{"not_picked":["Deflect","Tactician","Infinite Blades"],"picked":"SKIP","floor":22},{"not_picked":["Backflip","Bullet Time"],"picked":"PiercingWail","floor":23},{"not_picked":["Dodge and Roll","Well Laid Plans"],"picked":"Crippling Poison","floor":25},{"not_picked":["Predator","Bane","Prepared"],"picked":"SKIP","floor":30},{"not_picked":["Quick Slash","Heel Hook"],"picked":"Tools of the Trade","floor":31},{"not_picked":["Unload","Die Die Die"],"picked":"Adrenaline","floor":33},{"not_picked":["Backstab","Blade Dance","Cloak And Dagger"],"picked":"SKIP","floor":35},{"not_picked":["Prepared","Deadly Poison","Dodge and Roll"],"picked":"SKIP","floor":38},{"not_picked":["Flying Knee+1","Bane"],"picked":"Terror+1","floor":39},{"not_picked":["Bullet Time","Deflect+1"],"picked":"Dodge and Roll+1","floor":40},{"not_picked":["Underhanded Strike","Escape Plan"],"picked":"Backflip+1","floor":46},{"not_picked":["Noxious Fumes","Flying Knee","Crippling Poison"],"picked":"Singing Bowl","floor":47},{"not_picked":["Dagger Spray","Quick Slash"],"picked":"Acrobatics","floor":48},{"not_picked":["Finisher+1","Sucker Punch"],"picked":"Acrobatics","floor":55}],"player_experience":4080480,"relics_obtained":[{"floor":8,"key":"Snake Skull"},{"floor":9,"key":"Shuriken"},{"floor":10,"key":"Peace Pipe"},{"floor":12,"key":"Calipers"},{"floor":17,"key":"Orichalcum"},{"floor":17,"key":"Ornamental Fan"},{"floor":17,"key":"WingedGreaves"},{"floor":23,"key":"Anchor"},{"floor":25,"key":"Regal Pillow"},{"floor":26,"key":"Paper Crane"},{"floor":31,"key":"Toy Ornithopter"},{"floor":39,"key":"CaptainsWheel"},{"floor":40,"key":"Ancient Tea Set"},{"floor":43,"key":"HornCleat"},{"floor":47,"key":"Singing Bowl"},{"floor":55,"key":"Bottled Lightning"}],"event_choices":[{"damage_healed":0,"gold_gain":0,"player_choice":"Success","damage_taken":11,"relics_obtained":["Smiling Mask"],"max_hp_gain":0,"max_hp_loss":0,"event_name":"Scrap Ooze","floor":2,"gold_loss":0},{"cards_removed":["Dagger Throw"],"damage_healed":0,"gold_gain":0,"player_choice":"Gave Card","damage_taken":0,"relics_obtained":["Tingsha"],"max_hp_gain":0,"max_hp_loss":0,"event_name":"WeMeetAgain","floor":14,"gold_loss":0},{"damage_healed":0,"gold_gain":0,"player_choice":"Ignored","damage_taken":0,"max_hp_gain":0,"max_hp_loss":0,"event_name":"The Mausoleum","floor":21,"gold_loss":0},{"damage_healed":0,"gold_gain":0,"player_choice":"Ignored","damage_taken":0,"max_hp_gain":0,"max_hp_loss":0,"event_name":"Tomb of Lord Red Mask","floor":36,"gold_loss":0},{"cards_removed":["Backflip"],"damage_healed":0,"gold_gain":0,"player_choice":"Removed Skill","damage_taken":0,"max_hp_gain":0,"max_hp_loss":0,"event_name":"Falling","floor":37,"gold_loss":0},{"damage_healed":0,"gold_gain":0,"player_choice":"Fight","damage_taken":0,"max_hp_gain":0,"max_hp_loss":0,"event_name":"MindBloom","floor":39,"gold_loss":0}],"is_beta":true,"boss_relics":[{"not_picked":["Tiny House","Philosopher\u0027s Stone"],"picked":"Calling Bell"},{"not_picked":["Cursed Key","Busted Crown"],"picked":"SacredBark"}],"items_purged_floors":[19,27,45],"is_endless":false,"potions_floor_spawned":[3,10,12,16,20,23,33,35,39,46,55],"killed_by":"The Heart","ascension_level":20}}