{"host":"o6nndy8fvkon49s1","time":1612834506,"event":{"mods":["BaseMod","CapriCore","Hermit","Marisa????????","Minty Spire (QoL Compilation)","Prisma Mod","StSLib","Td1madao Mod","The Administrix","The Fake Hero","The Forsaken","The Immortal","The Marked","The Necromancer","The Servant 0.9.4"],"gold_per_floor":[520,533,533,533,84,84,100,111,136,147,160,160,180,195,195,195,195],"floor_reached":16,"language":"ENG","playtime":429,"items_purged":["luka_mod:Surrender"],"score":96,"play_id":"cb68e329-befd-4578-a26b-37490e086d97","local_time":"20210208193506","is_ascension_mode":false,"campfire_choices":[{"data":"luka_mod:Sylph","floor":6,"key":"SMITH"},{"data":"luka_mod:WindSlash","floor":12,"key":"SMITH"},{"floor":15,"key":"REST"}],"circlet_count":0,"master_deck":["luka_mod:StrikeLukaOne","luka_mod:StrikeLukaTwo","luka_mod:StrikeLukaThree+1","luka_mod:StrikeLukaFour","luka_mod:StrikeLukaFive+1","luka_mod:StrikeLukaSix","luka_mod:Salt","luka_mod:Guard","luka_mod:Wait","luka_mod:Edging","luka_mod:FlailWildly","luka_mod:Meditation","luka_mod:Sylph+1","luka_mod:Undine","luka_mod:DeathSwordChaosStar","luka_mod:WindSlash+1","luka_mod:OiAlice","luka_mod:BladeOfHowlingWind"],"relics":["luka_mod:KeepsakeRing","Whetstone","Blood Vial","Singing Bowl","PreservedInsect"],"acts_visited":["Exordium"],"potions_floor_usage":[7,16,16],"damage_taken":[{"damage":9,"enemies":"2 Louse","floor":1,"turns":3},{"damage":4,"enemies":"Cultist","floor":2,"turns":3},{"damage":8,"enemies":"Jaw Worm","floor":7,"turns":3},{"damage":2,"enemies":"2 Fungi Beasts","floor":8,"turns":4},{"damage":7,"enemies":"Looter","floor":10,"turns":2},{"damage":6,"enemies":"Exordium Wildlife","floor":11,"turns":5},{"damage":7,"enemies":"Large Slime","floor":13,"turns":4},{"damage":13,"enemies":"3 Louse","floor":14,"turns":3},{"damage":42,"enemies":"The Guardian","floor":16,"turns":6}],"seed_played":"-1679574259127423555","potions_obtained":[{"floor":1,"key":"Weak Potion"},{"floor":8,"key":"CultistPotion"},{"floor":10,"key":"AttackPotion"},{"floor":11,"key":"Block Potion"}],"is_trial":false,"path_per_floor":["M","M","?","?","$","R","M","M","T","M","M","R","M","M","R","B"],"character_chosen":"LUKA_CLASS","items_purchased":["Singing Bowl","luka_mod:Undine","luka_mod:DeathSwordChaosStar"],"campfire_rested":1,"item_purchase_floors":[5,5,5],"current_hp_per_floor":[40,36,33,33,33,33,42,42,42,35,33,33,30,19,32,0,0],"gold":195,"neow_bonus":"RANDOM_COMMON_RELIC","is_daily":false,"chose_seed":false,"campfire_upgraded":2,"win_rate":0.0,"timestamp":1612834506,"path_taken":["M","M","?","?","$","R","M","M","T","M","M","R","M","M","R","BOSS"],"items_purchased_type":["Relic","Card","Card"],"build_version":"2020-12-22","purchased_purges":1,"victory":false,"max_hp_per_floor":[40,40,40,40,40,40,42,42,42,42,44,44,46,46,46,46,46],"card_choices":[{"not_picked":["luka_mod:NeverSurrender","luka_mod:PeacePreach"],"picked":"luka_mod:Sylph","floor":1},{"not_picked":["luka_mod:GuardedStrike","luka_mod:DemonSkullBeheading","luka_mod:Calm"],"picked":"SKIP","floor":2},{"not_picked":["luka_mod:DemonSkullBeheading","luka_mod:Struggle","luka_mod:BladeOfSolidEarth"],"picked":"Singing Bowl","floor":7},{"not_picked":["luka_mod:Sara","luka_mod:CriticalHit"],"picked":"luka_mod:WindSlash","floor":8},{"not_picked":["luka_mod:TouchFluffyTail","luka_mod:Overexert"],"picked":"luka_mod:OiAlice","floor":10},{"not_picked":["luka_mod:RestrictedStrike","luka_mod:BladeOfStillWater","luka_mod:LightningSwordFlash"],"picked":"Singing Bowl","floor":11},{"not_picked":["luka_mod:EarthRumblingDecapitation","luka_mod:Overexert","luka_mod:PerfectTiming"],"picked":"Singing Bowl","floor":13},{"not_picked":["luka_mod:Undine","luka_mod:NotVerySharp"],"picked":"luka_mod:BladeOfHowlingWind","floor":14}],"player_experience":218881,"relics_obtained":[{"floor":9,"key":"PreservedInsect"}],"event_choices":[{"damage_healed":0,"gold_gain":0,"player_choice":"Success","damage_taken":3,"relics_obtained":["Blood Vial"],"max_hp_gain":0,"max_hp_loss":0,"event_name":"Scrap Ooze","floor":3,"gold_loss":0},{"damage_healed":0,"gold_gain":0,"player_choice":"Ignored","damage_taken":0,"max_hp_gain":0,"max_hp_loss":0,"event_name":"NoteForYourself","floor":4,"gold_loss":0}],"is_beta":false,"boss_relics":[],"items_purged_floors":[5],"is_endless":false,"potions_floor_spawned":[1,8,10,11],"killed_by":"The Guardian","ascension_level":0}}