{"host":"h3ogdo6no3ehk88q","time":1612829987,"event":{"mods":["AchievementEnabler","BaseMod","Minty Spire (QoL Compilation)","StSLib","SuperFastMode"],"gold_per_floor":[119,119,84,98,109,109,143,157,184,210,210,210,244,145,178,178,273,273,273,372,372,390,390,405,423,423,442,456,456,456,486,486,486,133,145,145,244,244,263,263,116,135,150,150,184,184,210,233,233,233,233,262,262,262,262,262,262,262,13,40,40],"floor_reached":62,"language":"ENG","playtime":2075,"items_purged":["Writhe","Defend_R"],"score":2289,"play_id":"b0d456e4-7cd6-4be3-b6d5-5c0329a06b2c","local_time":"20210208191947","is_ascension_mode":true,"campfire_choices":[{"data":"Whirlwind","floor":6,"key":"SMITH"},{"data":"Inflame","floor":11,"key":"SMITH"},{"floor":16,"key":"REST"},{"data":"True Grit","floor":19,"key":"SMITH"},{"floor":33,"key":"REST"},{"data":"Dark Embrace","floor":36,"key":"SMITH"},{"floor":51,"key":"RECALL"},{"floor":55,"key":"REST"},{"data":"Demon Form","floor":58,"key":"SMITH"}],"circlet_count":0,"master_deck":["AscendersBane","Defend_R","Defend_R+1","Defend_R","Bash","Whirlwind+1","Disarm+1","Metallicize","Inflame+1","Headbutt","True Grit+1","Dark Embrace+1","Demon Form+1","Power Through","True Grit","Sentinel+1","Twin Strike","Heavy Blade","Necronomicurse","Entrench+1","Bite","Bite","Bite","Bite","Pummel","Shrug It Off","Battle Trance","Barricade","Reaper","Madness","Madness","Shockwave+1","True Grit+1","Feel No Pain"],"relics":["Black Blood","NeowsBlessing","Juzu Bracelet","MealTicket","Strawberry","War Paint","Vajra","Sozu","PreservedInsect","Necronomicon","Meat on the Bone","Medical Kit","Runic Pyramid","Ancient Tea Set","Omamori","Regal Pillow","Bottled Flame","Pantograph","Ornamental Fan","Chemical X","Mango"],"acts_visited":["Exordium","TheCity","TheBeyond","TheEnding"],"potions_floor_usage":[61,61],"damage_taken":[{"damage":0,"enemies":"Cultist","floor":1,"turns":1},{"damage":0,"enemies":"2 Louse","floor":4,"turns":1},{"damage":0,"enemies":"Jaw Worm","floor":5,"turns":1},{"damage":25,"enemies":"3 Sentries","floor":7,"turns":4},{"damage":16,"enemies":"Looter","floor":8,"turns":4},{"damage":26,"enemies":"Gremlin Nob","floor":13,"turns":4},{"damage":46,"enemies":"Lagavulin","floor":15,"turns":6},{"damage":19,"enemies":"Hexaghost","floor":17,"turns":10},{"damage":15,"enemies":"Hexaghost","floor":20,"turns":10},{"damage":15,"enemies":"Shell Parasite","floor":22,"turns":5},{"damage":18,"enemies":"Chosen","floor":24,"turns":6},{"damage":21,"enemies":"Centurion and Healer","floor":25,"turns":8},{"damage":15,"enemies":"Snake Plant","floor":27,"turns":6},{"damage":39,"enemies":"Cultist and Chosen","floor":28,"turns":6},{"damage":11,"enemies":"Slavers","floor":31,"turns":2},{"damage":18,"enemies":"Snecko","floor":35,"turns":3},{"damage":55,"enemies":"Automaton","floor":37,"turns":11},{"damage":7,"enemies":"3 Shapes","floor":39,"turns":6},{"damage":30,"enemies":"Orb Walker","floor":42,"turns":5},{"damage":9,"enemies":"Maw","floor":43,"turns":8},{"damage":53,"enemies":"Reptomancer","floor":45,"turns":10},{"damage":43,"enemies":"Giant Head","floor":47,"turns":8},{"damage":47,"enemies":"Reptomancer","floor":52,"turns":4},{"damage":106,"enemies":"Time Eater","floor":56,"turns":13},{"damage":0,"enemies":"Shield and Spear","floor":60,"turns":1},{"damage":110,"enemies":"The Heart","floor":61,"turns":9}],"seed_played":"6249623938150642904","potions_obtained":[{"floor":1,"key":"LiquidMemories"},{"floor":4,"key":"BlessingOfTheForge"},{"floor":5,"key":"Ancient Potion"}],"is_trial":false,"path_per_floor":["M","?","?","M","M","R","E","M","T","T","R","?","E","$","E","R","B",null,"R","B",null,"M","?","M","M","?","M","M","?","T","E","?","R","$","M","R","B",null,"M","?","$","M","M","?","E","?","E","T","T","T","R","E","?","?","R","B",null,"R","$","E","B",null],"character_chosen":"IRONCLAD","items_purchased":["True Grit","Dark Embrace","Medical Kit","Pummel","Shrug It Off","Reaper","Chemical X"],"campfire_rested":3,"item_purchase_floors":[14,14,34,34,34,41,59],"current_hp_per_floor":[78,71,80,80,80,80,61,51,51,51,51,51,33,48,10,36,25,25,25,24,71,70,70,66,59,59,58,33,17,17,20,20,46,61,59,59,38,75,84,84,87,80,87,87,84,73,56,56,56,56,56,35,35,35,76,49,78,78,87,101,72],"gold":40,"neow_bonus":"THREE_ENEMY_KILL","is_daily":false,"chose_seed":false,"campfire_upgraded":5,"win_rate":0.0,"timestamp":1612829987,"path_taken":["M","?","?","?","M","R","E","M","T","T","R","?","E","$","E","R","BOSS","R","BOSS","M","?","M","M","?","M","M","?","T","E","?","R","$","M","R","BOSS","M","?","$","M","M","?","E","?","E","T","T","?","R","E","?","?","R","BOSS","R","$","E","BOSS"],"items_purchased_type":["Card","Card","Relic","Card","Card","Card","Relic"],"build_version":"2020-12-22","purchased_purges":2,"victory":true,"max_hp_per_floor":[80,80,80,80,80,80,80,80,80,80,80,87,87,87,87,87,87,87,87,87,87,87,87,87,87,87,87,87,87,87,87,87,87,87,87,87,87,87,87,87,87,87,87,87,87,87,87,87,87,87,87,87,87,87,87,87,87,87,87,101,101],"card_choices":[{"not_picked":["Feel No Pain","Thunderclap"],"picked":"Whirlwind","floor":1},{"not_picked":["Blood for Blood","Havoc"],"picked":"Disarm","floor":4},{"not_picked":["Fire Breathing","Armaments","Havoc"],"picked":"SKIP","floor":5},{"not_picked":["Anger","Sword Boomerang"],"picked":"Metallicize","floor":7},{"not_picked":["Spot Weakness","Feel No Pain"],"picked":"Inflame","floor":8},{"not_picked":["Body Slam","Heavy Blade"],"picked":"Headbutt","floor":13},{"not_picked":["Clothesline","Twin Strike"],"picked":"Demon Form","floor":15},{"not_picked":["Anger+1","Rage"],"picked":"Power Through","floor":22},{"not_picked":["Cleave","Body Slam"],"picked":"Sentinel+1","floor":24},{"not_picked":["Anger","Searing Blow"],"picked":"Twin Strike","floor":25},{"not_picked":["Clash","Warcry+1","Pommel Strike+1"],"picked":"SKIP","floor":27},{"not_picked":["Power Through","Thunderclap"],"picked":"Heavy Blade","floor":28},{"not_picked":["Heavy Blade","Warcry"],"picked":"Entrench+1","floor":31},{"not_picked":["Iron Wave","Perfected Strike"],"picked":"Battle Trance","floor":35},{"not_picked":["Exhume","Double Tap"],"picked":"Barricade","floor":37},{"not_picked":["Sword Boomerang+1","Infernal Blade","Clash"],"picked":"SKIP","floor":39},{"not_picked":["Flex","Metallicize","Warcry"],"picked":"SKIP","floor":42},{"not_picked":["Warcry+1","Anger+1","Entrench+1"],"picked":"SKIP","floor":43},{"not_picked":["Blood for Blood","Ghostly Armor+1","Bludgeon"],"picked":"SKIP","floor":45},{"not_picked":["Anger+1","Searing Blow+1","Pommel Strike+1"],"picked":"SKIP","floor":47},{"not_picked":["Cleave+1","Clothesline"],"picked":"Shockwave+1","floor":52},{"not_picked":["Inflame","Twin Strike"],"picked":"Feel No Pain","floor":60}],"player_experience":857804,"relics_obtained":[{"floor":7,"key":"Juzu Bracelet"},{"floor":9,"key":"Blood Vial"},{"floor":10,"key":"MealTicket"},{"floor":13,"key":"War Paint"},{"floor":15,"key":"Vajra"},{"floor":29,"key":"Necronomicon"},{"floor":31,"key":"Meat on the Bone"},{"floor":45,"key":"Ancient Tea Set"},{"floor":47,"key":"Omamori"},{"floor":48,"key":"Regal Pillow"},{"floor":49,"key":"Bottled Flame"},{"floor":50,"key":"Pantograph"},{"floor":52,"key":"Ornamental Fan"},{"floor":60,"key":"Mango"}],"event_choices":[{"cards_removed":["Strike_R"],"damage_healed":0,"gold_gain":0,"player_choice":"Card Removal","damage_taken":7,"max_hp_gain":0,"max_hp_loss":0,"event_name":"Golden Wing","floor":2,"gold_loss":0},{"damage_healed":20,"gold_gain":0,"player_choice":"Healed","damage_taken":0,"max_hp_gain":0,"max_hp_loss":0,"event_name":"The Cleric","floor":3,"gold_loss":35},{"damage_healed":0,"gold_gain":0,"player_choice":"Success","damage_taken":7,"relics_obtained":["Strawberry"],"max_hp_gain":0,"max_hp_loss":0,"event_name":"Scrap Ooze","floor":12,"gold_loss":0},{"damage_healed":0,"gold_gain":0,"player_choice":"Read","damage_taken":0,"max_hp_gain":0,"max_hp_loss":0,"event_name":"The Library","floor":23,"gold_loss":0,"cards_obtained":["True Grit"]},{"damage_healed":0,"gold_gain":0,"player_choice":"Opened","damage_taken":0,"relics_obtained":["PreservedInsect"],"max_hp_gain":0,"max_hp_loss":0,"event_name":"The Mausoleum","floor":26,"gold_loss":0,"cards_obtained":["Writhe"]},{"damage_healed":0,"gold_gain":0,"player_choice":"Obtained Book","damage_taken":16,"max_hp_gain":0,"max_hp_loss":0,"event_name":"Cursed Tome","floor":29,"gold_loss":0},{"damage_healed":0,"gold_gain":0,"player_choice":"Became a vampire (Vial)","damage_taken":0,"max_hp_gain":0,"max_hp_loss":0,"event_name":"Vampires","floor":32,"relics_lost":["Blood Vial"],"gold_loss":0,"cards_obtained":["Bite","Bite","Bite","Bite","Bite"]},{"cards_removed":["Bite"],"damage_healed":0,"gold_gain":0,"player_choice":"Purged","damage_taken":0,"max_hp_gain":0,"max_hp_loss":0,"event_name":"Purifier","floor":40,"gold_loss":0},{"damage_healed":0,"gold_gain":0,"player_choice":"Ignored","damage_taken":0,"max_hp_gain":0,"max_hp_loss":0,"event_name":"Tomb of Lord Red Mask","floor":44,"gold_loss":0},{"damage_healed":0,"gold_gain":0,"player_choice":"Embrace Madness","damage_taken":11,"max_hp_gain":0,"max_hp_loss":0,"event_name":"Winding Halls","floor":46,"gold_loss":0,"cards_obtained":["Madness","Madness"]},{"damage_healed":0,"gold_gain":0,"player_choice":"Memory 1","damage_taken":0,"max_hp_gain":0,"max_hp_loss":0,"event_name":"SensoryStone","floor":53,"gold_loss":0},{"damage_healed":0,"gold_gain":0,"player_choice":"Copied","damage_taken":0,"max_hp_gain":0,"max_hp_loss":0,"event_name":"Duplicator","floor":54,"gold_loss":0,"cards_obtained":["True Grit"]}],"is_beta":false,"boss_relics":[{"not_picked":["Pandora\u0027s Box","Coffee Dripper"],"picked":"Black Blood"},{"not_picked":["Runic Dome","Runic Cube"],"picked":"Sozu"},{"not_picked":["Velvet Choker","Mark of Pain"],"picked":"Runic Pyramid"}],"items_purged_floors":[34,59],"is_endless":false,"potions_floor_spawned":[1,4,5,8,22,27,37,43,45],"ascension_level":11}}