{"host":"nuc2w1a7ik2yhkv2","time":1612859434,"event":{"mods":["Act Like it!","BaseMod","Minty Spire (QoL Compilation)","Quick Restart","Rare Cards Sparkle","StSLib"],"gold_per_floor":[161,161,161,177,177,213,213,246,246,246,269,249,249,272,272,272,272],"floor_reached":16,"language":"ZHS","playtime":459,"items_purged":[],"score":216,"play_id":"aea21a0b-025f-4e19-9fbc-9158f6f97c0a","local_time":"20210209163034","is_ascension_mode":true,"campfire_choices":[{"floor":7.0,"key":"REST"},{"floor":10.0,"key":"REST"},{"floor":13.0,"key":"REST"},{"data":"Bullet Time","floor":15.0,"key":"SMITH"}],"circlet_count":0,"master_deck":["AscendersBane","Strike_G","Strike_G","Strike_G","Strike_G+1","Defend_G","Defend_G","Defend_G","Defend_G","Defend_G","Survivor","Neutralize","Backstab","Dagger Throw","Backflip","Bouncing Flask","Bullet Time+1","Bouncing Flask"],"relics":["Tiny House","Golden Idol","Ninja Scroll","PreservedInsect","Bag of Marbles"],"acts_visited":[],"potions_floor_usage":[16,16],"damage_taken":[{"damage":1.0,"enemies":"2 Louse","floor":1.0,"turns":2.0},{"damage":3.0,"enemies":"Small Slimes","floor":4.0,"turns":4.0},{"damage":22.0,"enemies":"Lagavulin","floor":6.0,"turns":6.0},{"damage":50.0,"enemies":"Gremlin Nob","floor":8.0,"turns":5.0},{"damage":0.0,"enemies":"Cultist","floor":11.0,"turns":2.0},{"damage":2.0,"enemies":"Exordium Wildlife","floor":14.0,"turns":4.0},{"damage":46,"enemies":"Slime Boss","floor":16,"turns":7}],"seed_played":"4969657963360459385","potions_obtained":[{"floor":0.0,"key":"LiquidMemories"},{"floor":4.0,"key":"SkillPotion"},{"floor":8.0,"key":"Fire Potion"},{"floor":12.0,"key":"BlessingOfTheForge"},{"floor":14.0,"key":"DistilledChaos"}],"is_trial":false,"path_per_floor":["M","?","?","M","?","E","R","E","T","R","M","?","R","M","R","B"],"character_chosen":"THE_SILENT","items_purchased":[],"campfire_rested":3,"item_purchase_floors":[],"current_hp_per_floor":[63,63,63,60,53,31,52,2,2,23,23,23,44,42,42,0,0],"gold":272,"neow_bonus":"BOSS_RELIC","is_daily":false,"chose_seed":false,"campfire_upgraded":1,"win_rate":0.0,"timestamp":1612859434,"path_taken":["M","?","?","M","?","E","R","E","T","R","M","?","R","?","R","BOSS"],"items_purchased_type":[],"build_version":"2020-12-22","purchased_purges":0,"victory":false,"max_hp_per_floor":[71,71,71,71,71,71,71,71,71,71,71,71,71,71,71,71,71],"card_choices":[{"not_picked":["Quick Slash","Acrobatics"],"picked":"Backstab","floor":0.0},{"not_picked":["Slice","Endless Agony"],"picked":"Dagger Throw","floor":1.0},{"not_picked":["Heel Hook","Terror"],"picked":"Backflip","floor":4.0},{"not_picked":["Bane","Masterful Stab"],"picked":"Bouncing Flask","floor":6.0},{"not_picked":["Bouncing Flask","Backflip"],"picked":"Bullet Time","floor":8.0},{"not_picked":["Concentrate","Slice","Outmaneuver"],"picked":"SKIP","floor":11.0},{"not_picked":["Outmaneuver","Expertise"],"picked":"Bouncing Flask","floor":14.0}],"player_experience":887452,"relics_obtained":[{"floor":6.0,"key":"Ninja Scroll"},{"floor":8.0,"key":"PreservedInsect"},{"floor":9.0,"key":"Bag of Marbles"}],"event_choices":[{"damage_healed":0.0,"max_hp_gain":0.0,"max_hp_loss":0.0,"gold_gain":0.0,"event_name":"Golden Idol","player_choice":"Take Wound","floor":2.0,"gold_loss":0.0,"damage_taken":0.0,"relics_obtained":["Golden Idol"],"cards_obtained":["Injury"]},{"cards_removed":["Injury"],"damage_healed":0.0,"max_hp_gain":0.0,"max_hp_loss":0.0,"gold_gain":0.0,"event_name":"Living Wall","player_choice":"Forget","floor":3.0,"gold_loss":0.0,"damage_taken":0.0},{"cards_removed":["Strike_G"],"damage_healed":0.0,"max_hp_gain":0.0,"max_hp_loss":0.0,"gold_gain":0.0,"event_name":"Golden Wing","player_choice":"Card Removal","floor":5.0,"gold_loss":0.0,"damage_taken":7.0},{"damage_healed":0.0,"max_hp_gain":0.0,"max_hp_loss":0.0,"gold_gain":0.0,"event_name":"The Woman in Blue","player_choice":"Bought 1 Potion","floor":12.0,"gold_loss":0.0,"damage_taken":0.0}],"is_beta":false,"boss_relics":[],"items_purged_floors":[],"is_endless":false,"potions_floor_spawned":[4,8,14],"killed_by":"Slime Boss","ascension_level":20}}