{"host":"7f01flv6y0vhl3vt","time":1612895529,"event":{"mods":["Act Like it!","BaseMod","Downfall","Minty Spire (QoL Compilation)","StSLib"],"gold_per_floor":[99,115,115,115,25,25,70,84,84,84,1,17,17,29,43,43,43,43],"floor_reached":16,"language":"ENG","playtime":4049,"items_purged":["downfall:Malfunctioning"],"score":90,"play_id":"459b5166-b098-408f-856f-48b868ecd577","local_time":"20210209133209","is_ascension_mode":false,"campfire_choices":[{"floor":1,"key":"RECALL"},{"data":"sneckomod:UnknownVulnerable","floor":6,"key":"SMITH"},{"floor":10,"key":"REST"},{"data":"sneckomod:UnknownRareSkill","floor":13,"key":"SMITH"}],"circlet_count":0,"master_deck":["sneckomod:Strike","sneckomod:Strike","sneckomod:Defend","sneckomod:Defend+1","sneckomod:Defend","sneckomod:TailWhip+1","sneckomod:SnekBite+1","sneckomod:Unknown","sneckomod:UnknownVulnerable+1","sneckomod:UnknownUncommonPower","sneckomod:IronFang","sneckomod:UnknownVulnerable+1","sneckomod:UnknownRareSkill+1","sneckomod:MasterEye","champ:Backstep","sneckomod:UnknownBlock","sneckomod:Rotation"],"relics":["sneckomod:SneckoSoul"],"acts_visited":["Exordium"],"potions_floor_usage":[15,15,16],"damage_taken":[{"damage":8,"enemies":"Small Slimes","floor":2,"turns":3},{"damage":5,"enemies":"downfall:FleeingMerchant","floor":5,"turns":4},{"damage":17,"enemies":"2 Louse","floor":8,"turns":2},{"damage":10,"enemies":"downfall:FleeingMerchant","floor":11,"turns":4},{"damage":3,"enemies":"Cultist","floor":12,"turns":5},{"damage":0,"enemies":"3 Louse","floor":14,"turns":5},{"damage":16,"enemies":"Exordium Wildlife","floor":15,"turns":6},{"damage":71,"enemies":"IC_STATUS_ARCHETYPE","floor":16,"turns":10}],"seed_played":"-8463125929316945929","potions_obtained":[{"floor":8,"key":"Weak Potion"},{"floor":12,"key":"sneckomod:OffclassReductionPotion"},{"floor":14,"key":"DistilledChaos"}],"is_trial":false,"path_per_floor":["R","M","?","?","$","R","T","M","?","R","$","M","R","M","M","B"],"character_chosen":"THE_SNECKO","items_purchased":["sneckomod:MasterEye"],"campfire_rested":1,"item_purchase_floors":[11],"current_hp_per_floor":[99,91,91,91,86,86,86,69,69,98,88,85,85,85,69,0,0,0],"gold":43,"neow_bonus":"TEN_PERCENT_HP_BONUS","is_daily":false,"chose_seed":false,"campfire_upgraded":2,"win_rate":0.0,"timestamp":1612895529,"path_taken":["R","M","?","?","$","R","T","M","?","R","$","M","R","?","M","BOSS"],"items_purchased_type":["Card"],"build_version":"2020-12-22","purchased_purges":1,"victory":false,"max_hp_per_floor":[99,99,99,99,99,99,99,99,99,99,99,99,99,99,99,99,99,99],"card_choices":[{"not_picked":["sneckomod:UnknownDexterity","sneckomod:UnknownExhaust"],"picked":"sneckomod:UnknownVulnerable","floor":2},{"not_picked":["sneckomod:SnekBeam","sneckomod:UnknownDexterity"],"picked":"sneckomod:UnknownUncommonPower","floor":5},{"not_picked":["sneckomod:SoulDraw","sneckomod:UnknownCommonSkill"],"picked":"sneckomod:IronFang","floor":8},{"not_picked":["sneckomod:SnekBeam","sneckomod:IronFang"],"picked":"sneckomod:UnknownRareSkill","floor":11},{"not_picked":["sneckomod:UnknownCommonAttack","sneckomod:SoulRoll"],"picked":"sneckomod:Memorize","floor":12},{"not_picked":["sneckomod:Nope","sneckomod:UnknownCommonAttack"],"picked":"sneckomod:UnknownBlock","floor":14},{"not_picked":["sneckomod:UnknownCommonSkill","sneckomod:SoulRoll"],"picked":"sneckomod:Rotation","floor":15}],"player_experience":1670094,"relics_obtained":[],"event_choices":[],"is_beta":false,"boss_relics":[],"items_purged_floors":[5],"is_endless":false,"potions_floor_spawned":[8,12,14],"killed_by":"IC_STATUS_ARCHETYPE","ascension_level":0}}