{"host":"nwjx7hbomubpmo86","time":1612874835,"event":{"mods":["AchievementEnabler","BaseMod","Better Note","Better Third Choice","Downfall","Hubris","Minty Spire (QoL Compilation)","Replay The Spire","StSLib","The Necromancer","slay the spire mod where everything is the same but ironclad has a cowboy hat"],"gold_per_floor":[117,117,11,29,42,42,61,92,138,170,191,191,267,300,300,401,401,431,454,462,462],"floor_reached":20,"language":"ENG","playtime":1016,"items_purged":[],"score":272,"play_id":"237b6853-6fbd-4291-9cd9-31694f7a89f0","local_time":"20210209134715","is_ascension_mode":true,"campfire_choices":[{"data":"Slimebound:CorrosiveSpit","floor":6,"key":"SMITH"},{"floor":12,"key":"REST"},{"data":"Summon_Undead","floor":15,"key":"SMITH"}],"circlet_count":0,"master_deck":["Strike_W","Strike_W","Strike_W","Defend_W","Defend_W","Defend_W","Defend_W","Negative_Energy_Arrows","Bone_Wall","Guardian:Defend_Guardian","Slimebound:CorrosiveSpit+1","Skeleton_Dragon","Bone_Armor","Summon_Undead_Army+1","Blood_Whip","Bone_Armor","Bone_Armor","Negative_Energy_Burst","Summon_Undead+1","Necrotic_Claws","Death_March_Dance","Summon_Undead","Requiem","Uncharnel","Consume_Illness"],"relics":["Vampire_Amulet","hubris:DeckOfHolding","Replay:Bandana","StrikeDummy","Gremlin Horn","hubris:Backtick","Burning Blood"],"acts_visited":["Exordium","TheCity"],"potions_floor_usage":[7,8,14,18],"damage_taken":[{"damage":0,"enemies":"Jaw Worm","floor":1,"turns":3},{"damage":2,"enemies":"Cultist","floor":4,"turns":3},{"damage":6,"enemies":"2 Louse","floor":5,"turns":3},{"damage":11,"enemies":"Exordium Thugs","floor":7,"turns":5},{"damage":21,"enemies":"3 Sentries","floor":8,"turns":8},{"damage":20,"enemies":"Replay:BlueRogue","floor":10,"turns":7},{"damage":17,"enemies":"Large Slime","floor":11,"turns":6},{"damage":15,"enemies":"Gremlin Nob","floor":14,"turns":3},{"damage":20,"enemies":"Fading Forest","floor":16,"turns":11},{"damage":26,"enemies":"Spheric Guardian","floor":18,"turns":4},{"damage":32,"enemies":"Shell Parasite","floor":19,"turns":9},{"damage":27,"enemies":"Masked Bandits","floor":20,"turns":2}],"seed_played":"6758070149667119524","potions_obtained":[{"floor":5,"key":"sneckomod:MuddlingPotion"},{"floor":7,"key":"champ:CounterPotion"},{"floor":10,"key":"hexamod:SoulburnPotion"},{"floor":16,"key":"Slimebound:ThreeZeroPotion"}],"is_trial":false,"path_per_floor":["M","?","$","M","M","R","M","E","T","E","M","R","?","E","R","B",null,"M","M","?"],"character_chosen":"NECROMANCER","items_purchased":["Summon_Undead_Army+1","Blood_Whip"],"campfire_rested":1,"item_purchase_floors":[3,3],"current_hp_per_floor":[70,70,70,70,68,68,61,46,46,28,21,43,43,30,30,34,65,47,26,0,0],"gold":462,"neow_bonus":"THREE_RARE_CARDS","is_daily":false,"chose_seed":false,"campfire_upgraded":2,"win_rate":0.0,"timestamp":1612874835,"path_taken":["M","?","$","M","M","R","?","E","T","E","M","R","?","E","R","BOSS","M","M","?"],"items_purchased_type":["Card","Card"],"build_version":"2020-12-22","purchased_purges":0,"victory":false,"max_hp_per_floor":[75,75,75,75,75,75,75,75,75,75,75,75,75,75,75,75,75,75,75,75,75],"card_choices":[{"not_picked":["Detonate_Bones","Requiem"],"picked":"Skeleton_Dragon","floor":0},{"not_picked":["Bones_to_Steel","Necrotic_Claws"],"picked":"Bone_Armor","floor":1},{"not_picked":["Negative_Energy_Javelin","Chill_Blood"],"picked":"Bone_Armor","floor":4},{"not_picked":["Blood_Curse","Vampiric_Strike"],"picked":"Bone_Armor","floor":5},{"not_picked":["Death_Knell","Thousand_Bone_Knives"],"picked":"Negative_Energy_Burst","floor":7},{"not_picked":["Grasp_Heart","Bone_Shift"],"picked":"Summon_Undead","floor":8},{"not_picked":["Chill_Blood","Blood_Shield"],"picked":"Necrotic_Claws","floor":10},{"not_picked":["Negative_Energy_Shield","Negative_Energy_Bomb"],"picked":"Death_March_Dance","floor":11},{"not_picked":["Negative_Energy_Mist","Acid_Javelin"],"picked":"Summon_Undead","floor":14},{"not_picked":["Negative_Energy_Bomb","Hellfire"],"picked":"Requiem","floor":16},{"not_picked":["Finger_Of_Death+1","Bone_Bullets"],"picked":"Uncharnel","floor":18},{"not_picked":["Death_March_Dance+1","Blood_Whip+1"],"picked":"Consume_Illness","floor":19}],"player_experience":589651,"relics_obtained":[{"floor":8,"key":"hubris:DeckOfHolding"},{"floor":9,"key":"Replay:Bandana"},{"floor":10,"key":"StrikeDummy"},{"floor":14,"key":"Gremlin Horn"}],"event_choices":[{"cards_removed":["Strike_W"],"damage_healed":0,"gold_gain":0,"player_choice":"Purged","damage_taken":0,"max_hp_gain":0,"max_hp_loss":0,"event_name":"Purifier","floor":2,"gold_loss":0},{"damage_healed":0,"gold_gain":76,"player_choice":"Gained Gold","damage_taken":0,"max_hp_gain":0,"max_hp_loss":0,"event_name":"Golden Wing","floor":13,"gold_loss":0},{"damage_healed":0,"gold_gain":0,"player_choice":"Fought Bandits","damage_taken":0,"max_hp_gain":0,"max_hp_loss":0,"event_name":"Masked Bandits","floor":20,"gold_loss":0}],"is_beta":false,"boss_relics":[{"not_picked":["Tiny House","Ectoplasm"],"picked":"hubris:Backtick"}],"items_purged_floors":[],"is_endless":false,"potions_floor_spawned":[5,7,10,16],"killed_by":"Masked Bandits","ascension_level":8}}