{"host":"0rxdudjy6rylha1k","time":1612840750,"event":{"mods":["Aspiration","BaseMod","Colored Map","Colored Powertips","Downfall","Highlight Path","Hubris","Minty Spire (QoL Compilation)","StSLib"],"gold_per_floor":[99,99,549,549,549,449,449,449,449,449,98,127,27,12,32,132,132,132,132,132,132,150,150,150,163,163,263,292,292,303,318,416,416,416,434,484,484,584,618,618,618,632,632,632,650,670,670,670,670],"floor_reached":50,"language":"ENG","playtime":12905,"items_purged":["downfall:Icky"],"score":604,"play_id":"9e1434a4-8473-4f4c-9517-d98bb2c1adf4","local_time":"20210208201910","is_ascension_mode":true,"campfire_choices":[{"floor":1.0,"key":"RECALL"},{"data":"hexamod:Float","floor":6.0,"key":"SMITH"},{"data":"hexamod:ExtraCrispy","floor":13.0,"key":"SMITH"},{"data":"hexamod:TimeWarp","floor":18.0,"key":"SMITH"},{"data":"hexamod:GhostOfSpirePast","floor":23.0,"key":"SMITH"},{"floor":30.0,"key":"REST"},{"data":"hexamod:HexaLevel","floor":35.0,"key":"SMITH"},{"floor":43.0,"key":"REST"},{"floor":47.0,"key":"REST"}],"circlet_count":0,"master_deck":["hexamod:Strike+1","hexamod:Strike+1","hexamod:Strike+1","hexamod:Strike+1","hexamod:Defend+1","hexamod:Defend+1","hexamod:Defend+1","hexamod:Defend+1","hexamod:Sear","hexamod:Float+1","hexamod:GhostflameBarrier","hexamod:PhantomFireball","hexamod:StepThrough","hexamod:ExtraCrispy+1","hexamod:GhostOfSpirePast+1","hexamod:ThermalTransfer","hexamod:TimeWarp+1","hexamod:SwordOfDarkness+1","hexamod:GhostOfSpirePresent","hexamod:ThermalTransfer+1","hexamod:Firestarter+1","hexamod:HexaLevel+1","hexamod:HeatMetal+1","hexamod:NightmareGuise+1"],"relics":["hexamod:SpiritBrand","downfall:HeartsMalice","downfall:HeartBlessingRed","aspiration:FrozenJewel","downfall:HeartBlessingBlue","hubris:ScarierMask","downfall:RedIOU","aspiration:ChemicalBlood","hubris:Teleporter","Slimebound:PreparedRelic","Molten Egg 2","Busted Crown","Torii","White Beast Statue","Bronze Scales","Shuriken"],"acts_visited":["Exordium","TheCity","TheBeyond"],"potions_floor_usage":[50,50,50,50,50],"damage_taken":[{"damage":0.0,"enemies":"Small Slimes","floor":2.0,"turns":1.0},{"damage":0.0,"enemies":"2 Louse","floor":5.0,"turns":1.0},{"damage":0.0,"enemies":"Jaw Worm","floor":8.0,"turns":1.0},{"damage":0.0,"enemies":"downfall:FleeingMerchant","floor":11.0,"turns":4.0},{"damage":9.0,"enemies":"Gremlin Nob","floor":12.0,"turns":4.0},{"damage":0.0,"enemies":"downfall:FleeingMerchant","floor":14.0,"turns":4.0},{"damage":0.0,"enemies":"3 Louse","floor":15.0,"turns":2.0},{"damage":0.0,"enemies":"SI_SHIV_ARCHETYPE","floor":16.0,"turns":7.0},{"damage":0.0,"enemies":"Chosen","floor":19.0,"turns":1.0},{"damage":0.0,"enemies":"Snecko","floor":22.0,"turns":5.0},{"damage":0.0,"enemies":"3 Cultists","floor":25.0,"turns":4.0},{"damage":7.0,"enemies":"Colosseum Nobs","floor":27.0,"turns":4.0},{"damage":47.0,"enemies":"Gremlin Leader","floor":28.0,"turns":8.0},{"damage":5.0,"enemies":"Snake Plant","floor":31.0,"turns":4.0},{"damage":0.0,"enemies":"Shelled Parasite and Fungi","floor":32.0,"turns":5.0},{"damage":17.0,"enemies":"WA_ARCHETYPE_CALM","floor":33.0,"turns":10.0},{"damage":0.0,"enemies":"3 Shapes","floor":36.0,"turns":2.0},{"damage":19.0,"enemies":"3 Shapes","floor":37.0,"turns":6.0},{"damage":2.0,"enemies":"downfall:LadyInBlue","floor":39.0,"turns":9.0},{"damage":46.0,"enemies":"Nemesis","floor":40.0,"turns":7.0},{"damage":0.0,"enemies":"3 Darklings","floor":45.0,"turns":3.0},{"damage":19.0,"enemies":"Writhing Mass","floor":48.0,"turns":5.0},{"damage":0.0,"enemies":"Sphere and 2 Shapes","floor":49.0,"turns":5.0},{"damage":69,"enemies":"DF_ARCHETYPE_ORBS","floor":50,"turns":8}],"seed_played":"-4353051531480372016","potions_obtained":[{"floor":12.0,"key":"LiquidBronze"},{"floor":15.0,"key":"Ancient Potion"},{"floor":16.0,"key":"hexamod:EctoCoolerPotion"},{"floor":25.0,"key":"GamblersBrew"},{"floor":28.0,"key":"LiquidMemories"},{"floor":31.0,"key":"champ:CounterPotion"},{"floor":32.0,"key":"EssenceOfSteel"},{"floor":40.0,"key":"Fruit Juice"},{"floor":45.0,"key":"LiquidMemories"},{"floor":48.0,"key":"Energy Potion"},{"floor":49.0,"key":"FearPotion"}],"is_trial":false,"path_per_floor":["R","M","?","?","M","R","T","M","?","?","$","E","R","$","M","B",null,"R","M","?","?","M","R","T","M","?","?","E","R","M","M","B",null,"R","M","?","?","?","E","T","R","M","?","R","M","M","B"],"character_chosen":"THE_SPIRIT","items_purchased":["aspiration:FrozenJewel"],"campfire_rested":3,"item_purchase_floors":[11],"current_hp_per_floor":[70,70,70,70,70,70,70,70,70,70,70,61,71,71,71,71,80,80,80,80,80,80,80,80,80,80,73,26,50,45,45,28,80,80,80,61,64,62,21,21,47,47,56,82,63,63,0,0,0],"gold":670,"neow_bonus":"THREE_ENEMY_KILL","is_daily":false,"chose_seed":false,"campfire_upgraded":5,"win_rate":0.0,"timestamp":1612840750,"path_taken":["R","M","?","?","M","R","T","M","?","?","$","E","R","$","M","BOSS","R","M","?","?","?","R","T","M","?","?","E","R","M","M","BOSS","R","M","?","?","?","E","T","R","?","?","R","M","M","BOSS"],"items_purchased_type":["Relic"],"build_version":"2020-12-22","purchased_purges":1,"victory":false,"max_hp_per_floor":[70,70,70,70,70,70,70,70,70,70,70,70,80,80,80,80,80,80,80,80,80,80,80,80,80,80,80,80,80,80,80,80,80,80,80,80,83,83,88,88,88,88,88,88,88,88,88,88,88],"card_choices":[{"not_picked":["hexamod:BurningTouch","hexamod:ChargedBarrage"],"picked":"hexamod:GhostflameBarrier","floor":2.0},{"not_picked":["hexamod:BacktrackSmack","hexamod:SuperheatedStrike"],"picked":"hexamod:PhantomFireball","floor":5.0},{"not_picked":["hexamod:NightmareGuise","hexamod:GhostLash"],"picked":"hexamod:StepThrough","floor":8.0},{"not_picked":["hexamod:HeatShield","hexamod:GhostLash"],"picked":"hexamod:ExtraCrispy","floor":11.0},{"not_picked":["hexamod:NecessarySacrifice","hexamod:HeatShield","hexamod:Hexaguard"],"picked":"SKIP","floor":12.0},{"not_picked":["hexamod:RadiantFlame","hexamod:FlamesFromBeyond"],"picked":"hexamod:GhostOfSpirePast","floor":14.0},{"not_picked":["hexamod:SkipABeat","hexamod:Incineration"],"picked":"hexamod:ThermalTransfer","floor":15.0},{"not_picked":["hexamod:HexaLevel","hexamod:GhostflameInferno"],"picked":"hexamod:TimeWarp","floor":16.0},{"not_picked":["hexamod:NightmareStrike","hexamod:RadiantFlame"],"picked":"hexamod:SwordOfDarkness+1","floor":19.0},{"not_picked":["hexamod:CatchUp+1","hexamod:SpectersWail+1","hexamod:SwordOfDarkness"],"picked":"SKIP","floor":22.0},{"not_picked":["hexamod:Incineration+1","hexamod:RecurringNightmare+1","hexamod:SuperheatedStrike"],"picked":"SKIP","floor":25.0},{"not_picked":["hexamod:EmpoweredFlame+1","hexamod:GhostflameBarrier"],"picked":"hexamod:GhostOfSpirePresent","floor":28.0},{"not_picked":["hexamod:NightmareGuise","hexamod:StepThrough+1"],"picked":"hexamod:ThermalTransfer+1","floor":31.0},{"not_picked":["hexamod:PhantomFireball+1","hexamod:FlamesFromBeyond+1"],"picked":"hexamod:Firestarter+1","floor":32.0},{"not_picked":["hexamod:GhostOfSpirePresent","hexamod:UnlimitedPower"],"picked":"hexamod:HexaLevel","floor":33.0},{"not_picked":["hexamod:SwordOfDarkness+1"],"picked":"SKIP","floor":36.0},{"not_picked":[],"picked":"hexamod:HeatMetal+1","floor":39.0},{"not_picked":["hexamod:StepThrough+1"],"picked":"SKIP","floor":40.0},{"not_picked":["hexamod:GhostOfSpirePast"],"picked":"SKIP","floor":45.0},{"not_picked":[],"picked":"hexamod:NightmareGuise+1","floor":48.0},{"not_picked":["hexamod:RetreatToShadows+1"],"picked":"SKIP","floor":49.0}],"player_experience":2854873,"relics_obtained":[{"floor":12.0,"key":"Lantern"},{"floor":24.0,"key":"aspiration:ChemicalBlood"},{"floor":27.0,"key":"hubris:Teleporter"},{"floor":27.0,"key":"Slimebound:PreparedRelic"},{"floor":28.0,"key":"Molten Egg 2"},{"floor":37.0,"key":"Torii"},{"floor":39.0,"key":"White Beast Statue"},{"floor":40.0,"key":"Bronze Scales"},{"floor":41.0,"key":"Shuriken"}],"event_choices":[{"cards_removed":["downfall:Icky"],"damage_healed":0.0,"max_hp_gain":0.0,"max_hp_loss":0.0,"gold_gain":0.0,"event_name":"The Cleric","player_choice":"Card Removal","floor":9.0,"gold_loss":0.0,"damage_taken":0.0},{"cards_removed":["downfall:Icky"],"damage_healed":0.0,"max_hp_gain":0.0,"max_hp_loss":0.0,"gold_gain":0.0,"event_name":"Living Wall","player_choice":"Forget","floor":10.0,"gold_loss":0.0,"damage_taken":0.0}],"is_beta":false,"boss_relics":[{"not_picked":["Runic Dome","SlaversCollar"],"picked":"hubris:ScarierMask"},{"not_picked":["hubris:GrandSneckoEye","Cursed Key"],"picked":"Busted Crown"}],"items_purged_floors":[11],"is_endless":false,"potions_floor_spawned":[12,15,16,25,28,31,32,40,45,48,49],"killed_by":"DF_ARCHETYPE_ORBS","ascension_level":1}}