{"host":"swn8ychr123rw3gf","time":1612875906,"event":{"mods":["BaseMod","Minty Spire (QoL Compilation)","StSLib"],"gold_per_floor":[114,114,114,39,39,39,73,73,73,113,128,128,148,162,162,261,261,282,18,34,34,34,34,34],"floor_reached":23,"language":"ZHS","playtime":619,"items_purged":["Strike_G","Strike_G"],"score":469,"play_id":"7f0050e5-706a-48a1-9f26-6121fbbff8d3","local_time":"20210209210506","is_ascension_mode":true,"campfire_choices":[{"floor":6.0,"key":"REST"},{"data":"Bouncing Flask","floor":8.0,"key":"SMITH"},{"data":"Neutralize","floor":12.0,"key":"SMITH"},{"data":"Footwork","floor":15.0,"key":"SMITH"}],"circlet_count":0,"master_deck":["AscendersBane","Strike_G","Strike_G","Strike_G","Defend_G","Defend_G","Defend_G","Defend_G","Defend_G","Survivor","Neutralize+1","Bouncing Flask+1","Acrobatics","Dash+1","Footwork+1","Storm of Steel","Leg Sweep+1"],"relics":["Ring of the Snake","NeowsBlessing","PreservedInsect","Golden Idol","Bottled Lightning","Molten Egg 2","Paper Crane","Black Star","Centennial Puzzle","Enchiridion"],"acts_visited":["Exordium","TheCity"],"potions_floor_usage":[23,23],"damage_taken":[{"damage":0.0,"enemies":"Cultist","floor":1.0,"turns":1.0},{"damage":0.0,"enemies":"Gremlin Nob","floor":7.0,"turns":1.0},{"damage":0.0,"enemies":"3 Sentries","floor":10.0,"turns":1.0},{"damage":4.0,"enemies":"Small Slimes","floor":11.0,"turns":4.0},{"damage":0.0,"enemies":"2 Louse","floor":13.0,"turns":2.0},{"damage":11.0,"enemies":"Large Slime","floor":14.0,"turns":9.0},{"damage":1.0,"enemies":"Hexaghost","floor":16.0,"turns":9.0},{"damage":12.0,"enemies":"Spheric Guardian","floor":18.0,"turns":6.0},{"damage":16.0,"enemies":"Shell Parasite","floor":20.0,"turns":5.0},{"damage":6,"enemies":"Slavers","floor":23,"turns":3}],"seed_played":"-876390454338954719","potions_obtained":[{"floor":10.0,"key":"SpeedPotion"},{"floor":11.0,"key":"FearPotion"},{"floor":14.0,"key":"Explosive Potion"},{"floor":16.0,"key":"Dexterity Potion"},{"floor":20.0,"key":"AttackPotion"}],"is_trial":false,"path_per_floor":["M","?","?","$","?","R","E","R","T","E","M","R","M","M","R","B",null,"M","$","M","?","?","E"],"character_chosen":"THE_SILENT","items_purchased":["Centennial Puzzle"],"campfire_rested":1,"item_purchase_floors":[19],"current_hp_per_floor":[59,41,46,46,22,43,43,43,43,43,39,39,39,28,28,27,60,48,48,32,11,11,5,5],"gold":34,"neow_bonus":"THREE_ENEMY_KILL","is_daily":false,"chose_seed":false,"campfire_upgraded":3,"win_rate":0.0,"timestamp":1612875906,"path_taken":["M","?","?","$","?","R","E","R","T","E","M","R","M","M","R","BOSS","M","$","M","?","?","E"],"items_purchased_type":["Relic"],"build_version":"2020-12-22","purchased_purges":2,"victory":false,"max_hp_per_floor":[66,66,71,71,71,71,71,71,71,71,71,71,71,71,71,71,71,71,71,71,71,71,71,71],"card_choices":[{"not_picked":["Bane","Dodge and Roll"],"picked":"Bouncing Flask","floor":1.0},{"not_picked":["Terror","Leg Sweep"],"picked":"Acrobatics","floor":7.0},{"not_picked":["Dodge and Roll","Blade Dance","Choke+1"],"picked":"SKIP","floor":10.0},{"not_picked":["Glass Knife+1","Bane+1"],"picked":"Dash+1","floor":11.0},{"not_picked":["Underhanded Strike+1","Endless Agony+1","Slice+1"],"picked":"SKIP","floor":13.0},{"not_picked":["Prepared","Underhanded Strike+1"],"picked":"Footwork","floor":14.0},{"not_picked":["Unload+1","Wraith Form v2"],"picked":"Storm of Steel","floor":16.0},{"not_picked":["Dagger Spray+1","Infinite Blades","Outmaneuver"],"picked":"SKIP","floor":18.0},{"not_picked":["Quick Slash+1","Poisoned Stab+1"],"picked":"Leg Sweep+1","floor":20.0}],"player_experience":453032,"relics_obtained":[{"floor":7.0,"key":"Bottled Lightning"},{"floor":9.0,"key":"Molten Egg 2"},{"floor":10.0,"key":"Paper Crane"},{"floor":21.0,"key":"Enchiridion"}],"event_choices":[{"damage_healed":0.0,"max_hp_gain":0.0,"max_hp_loss":0.0,"gold_gain":0.0,"event_name":"Scrap Ooze","player_choice":"Success","floor":2.0,"gold_loss":0.0,"damage_taken":18.0,"relics_obtained":["PreservedInsect"]},{"damage_healed":0.0,"max_hp_gain":5.0,"max_hp_loss":0.0,"gold_gain":0.0,"event_name":"Big Fish","player_choice":"Donut","floor":3.0,"gold_loss":0.0,"damage_taken":0.0},{"damage_healed":0.0,"max_hp_gain":0.0,"max_hp_loss":0.0,"gold_gain":0.0,"event_name":"Golden Idol","player_choice":"Take Damage","floor":5.0,"gold_loss":0.0,"damage_taken":24.0,"relics_obtained":["Golden Idol"]},{"damage_healed":0.0,"max_hp_gain":0.0,"max_hp_loss":0.0,"gold_gain":0.0,"event_name":"Cursed Tome","player_choice":"Obtained Book","floor":21.0,"gold_loss":0.0,"damage_taken":21.0},{"damage_healed":0.0,"max_hp_gain":0.0,"max_hp_loss":0.0,"gold_gain":0.0,"event_name":"Vampires","player_choice":"Ignored","floor":22.0,"gold_loss":0.0,"damage_taken":0.0}],"is_beta":false,"boss_relics":[{"not_picked":["Coffee Dripper","Cursed Key"],"picked":"Black Star"}],"items_purged_floors":[4,19],"is_endless":false,"potions_floor_spawned":[10,11,14,16,20],"killed_by":"Slavers","ascension_level":18}}