{"host":"8z0h4areh8sio1k0","time":1612846769,"event":{"mods":["10 clothes from DAL","Act Like it!","Aspiration","BaseMod","Colored Map","Conspire","Crowbot","Hubris","Library of Ruina Extra","Mimic Mod","Minty Spire (QoL Compilation)","Replay The Spire","StSLib","TestMod","The Blue Laboratory","The Fake Hero","The Hierophant","TheWitcherMod","[Fun]BeWhatYouAte","【功能Mod】精心准备","【遗物Mod】死灵法师NEW","老伊莉雅"],"gold_per_floor":[111,57,73,88,7,42,42,69,94,94,111,111,122,122,122,226,226,236,250,250,250,250,250,263,282,282,298,310,330,330,348,348,450,450,464,487,505,551,476,476,494,511,583,583,601,616,616,649,649,671],"floor_reached":51,"language":"ZHS","playtime":4940,"items_purged":["PrismaMod:ChloeCommonAttack"],"score":767,"play_id":"ea004536-3386-4f1e-923c-f26394170f62","local_time":"20210209125929","is_ascension_mode":false,"campfire_choices":[{"floor":7,"key":"RECALL"},{"floor":10,"key":"REST"},{"data":"PrismaMod:ChloeGaeBolg","floor":12,"key":"SMITH"},{"data":"PrismaMod:ChloeUncommonDefend","floor":15,"key":"SMITH"},{"data":"PrismaMod:ChloeCheapDefend","floor":23,"key":"SMITH"},{"data":"Ghostly","floor":30,"key":"SMITH"},{"data":"Ghostly","floor":32,"key":"SMITH"},{"data":"Ghostly","floor":40,"key":"SMITH"},{"data":"Ghostly","floor":44,"key":"SMITH"},{"data":"PrismaMod:ChloeRhongomyniad","floor":47,"key":"SMITH"},{"data":"PrismaMod:ChloeMaid","floor":49,"key":"SMITH"}],"circlet_count":0,"master_deck":["PrismaMod:ChloeCommonAttack","PrismaMod:ChloeCommonAttack","PrismaMod:ChloeCommonAttack","PrismaMod:ChloeCommonDefend","PrismaMod:ChloeCommonDefend","PrismaMod:ChloeCommonDefend","PrismaMod:ChloeCommonDefend","PrismaMod:ChloeCommonDefend","PrismaMod:ChloeCheapAttack","PrismaMod:ChloeCheapDefend+1","PrismaMod:ChloeUncommonDefend+1","PrismaMod:ChloeExhaustOne","PrismaMod:ChloeCheapAttackTwo","PrismaMod:ChloeGaeBolg+1","PrismaMod:ChloeCarnivalAttack","Ghostly+1","Ghostly+1","Ghostly+1","Ghostly+1","Ghostly","PrismaMod:ChloeMaid+1","PrismaMod:ChloeCheapDefendTwo+1","PrismaMod:ChloeRitsuka","PrismaMod:ChloeEyeOfTheEuryale","PrismaMod:ChloeRhongomyniad+1","PrismaMod:ChloeExcalibur+1"],"relics":["testmod-TestBox","testmod-Brilliant","NeowsBlessing","testmod-RealStoneCalender","testmod-ConstraintPeriapt","conspire:DeflatedDodgeball","Bag of Marbles","Replay:Bottled Flurry","conspire:SpecialSausage","hubris:BottledHeart","Sundial","testmod-DeterminationOfClimber","Letter Opener"],"acts_visited":["Exordium","TheCity","TheBeyond"],"potions_floor_usage":[27,33,33,33,50,51],"damage_taken":[{"damage":0,"enemies":"Cultist","floor":1,"turns":1},{"damage":0,"enemies":"Jaw Worm","floor":3,"turns":1},{"damage":0,"enemies":"Small Slimes","floor":4,"turns":1},{"damage":9,"enemies":"3 Sentries","floor":6,"turns":5},{"damage":18,"enemies":"Gremlin Nob","floor":8,"turns":4},{"damage":0,"enemies":"Exordium Thugs","floor":11,"turns":2},{"damage":0,"enemies":"Lots of Slimes","floor":13,"turns":1},{"damage":2,"enemies":"Fading Forest","floor":16,"turns":11},{"damage":0,"enemies":"3 Byrds","floor":18,"turns":1},{"damage":0,"enemies":"Shell Parasite","floor":19,"turns":3},{"damage":0,"enemies":"Centurion and Healer","floor":24,"turns":3},{"damage":0,"enemies":"Cultist and Chosen","floor":25,"turns":4},{"damage":0,"enemies":"Chosen and Byrds","floor":27,"turns":3},{"damage":0,"enemies":"Snecko","floor":28,"turns":5},{"damage":0,"enemies":"Cultist and Chosen","floor":29,"turns":4},{"damage":0,"enemies":"Snake Plant","floor":31,"turns":3},{"damage":0,"enemies":"KingOfGreed","floor":33,"turns":12},{"damage":0,"enemies":"3 Shapes","floor":35,"turns":1},{"damage":0,"enemies":"Orb Walker","floor":36,"turns":3},{"damage":0,"enemies":"3 Darklings","floor":37,"turns":2},{"damage":0,"enemies":"Transient","floor":41,"turns":5},{"damage":0,"enemies":"Spire Growth","floor":42,"turns":4},{"damage":0,"enemies":"4 Shapes","floor":45,"turns":1},{"damage":0,"enemies":"Writhing Mass","floor":46,"turns":6},{"damage":0,"enemies":"Maw","floor":48,"turns":5},{"damage":0,"enemies":"Awakened One","floor":50,"turns":7}],"seed_played":"8277537672413157645","potions_obtained":[{"floor":6,"key":"Energy Potion"},{"floor":8,"key":"Reflective Coating"},{"floor":13,"key":"blueLaboratory:LouseDecoction"},{"floor":24,"key":"Adrenaline Potion"},{"floor":31,"key":"PowerPotion"},{"floor":36,"key":"Adrenaline Potion"},{"floor":42,"key":"Toxic Potion"}],"is_trial":false,"path_per_floor":["M","$","M","M","$","E","R","E","T","R","M","R","M","T","R","B",null,"M","M","?","?","?","R","M","M","T","M","M","M","R","M","R","B",null,"M","M","M","?","$","R","M","M","T","R","M","M","R","M","R","B",null],"character_chosen":"CHLOE","items_purchased":["PrismaMod:ChloeExhaustOne","PrismaMod:ChloeGaeBolg"],"campfire_rested":1,"item_purchase_floors":[2,5],"current_hp_per_floor":[75,75,75,75,75,66,66,49,49,71,72,72,72,72,72,75,75,75,75,1,1,1,1,1,1,1,1,1,1,1,1,1,1,1,1,1,1,1,1,1,1,1,1,1,1,1,1,1,1,1],"gold":708,"neow_bonus":"THREE_ENEMY_KILL","is_daily":false,"chose_seed":false,"campfire_upgraded":9,"win_rate":0.0,"timestamp":1612846769,"path_taken":["M","$","M","M","$","E","R","E","T","R","M","R","M","?","R","BOSS","M","M","?","?","?","R","?","M","T","M","M","M","R","M","R","BOSS","M","M","?","?","?","R","M","?","T","R","M","M","R","M","R","BOSS"],"items_purchased_type":["Card","Card"],"build_version":"2020-12-22","purchased_purges":1,"victory":true,"max_hp_per_floor":[75,75,75,75,75,75,75,75,75,75,75,75,75,75,75,75,75,75,75,1,1,1,1,1,1,1,1,1,1,1,1,1,1,1,1,1,1,1,1,1,1,1,1,1,1,1,1,1,1,1],"card_choices":[{"not_picked":["PrismaMod:ChloeCommonAOEAttack","PrismaMod:ChloeUncommonAOEAttack"],"picked":"PrismaMod:ChloeUncommonDefend","floor":1},{"not_picked":["PrismaMod:ChloeExhaustTwo","PrismaMod:ChloeExhaustOne"],"picked":"PrismaMod:ChloeCheapAttackTwo","floor":3},{"not_picked":["PrismaMod:ChloeMordred","PrismaMod:ChloeCommonAOEAttack","PrismaMod:ChloeDiscardRecovery"],"picked":"SKIP","floor":4},{"not_picked":["PrismaMod:ChloeCommonAOEAttack","PrismaMod:ChloeAnyAttackTrace","PrismaMod:ChloeCheapDefend"],"picked":"SKIP","floor":6},{"not_picked":["PrismaMod:ChloeCommonAOEAttack","PrismaMod:ChloeExhaustOne","PrismaMod:ChloeDiscardRecovery"],"picked":"SKIP","floor":8},{"not_picked":["PrismaMod:ChloeCaladbolg","PrismaMod:ChloeCommonAOEAttack","PrismaMod:ChloeCheapAttackTwo"],"picked":"SKIP","floor":11},{"not_picked":["PrismaMod:ChloeCheapDefendTwo","PrismaMod:ChloeExhaustTwo","PrismaMod:ChloeCheapAttackTwo"],"picked":"SKIP","floor":13},{"not_picked":["PrismaMod:ChloeAnyUncommonTrace","PrismaMod:ChloeDevil"],"picked":"PrismaMod:ChloeCarnivalAttack","floor":16},{"not_picked":["PrismaMod:ChloeRuleBreaker","PrismaMod:ChloeChristmas+1","PrismaMod:ChloeCommonAOEAttack"],"picked":"SKIP","floor":18},{"not_picked":["PrismaMod:ChloeCheapAttack","PrismaMod:ChloeCommonAOEAttack","PrismaMod:ChloeCheapDefendTwo+1"],"picked":"SKIP","floor":19},{"not_picked":["PrismaMod:ChloeExhaustTwo","PrismaMod:ChloeCheapAttack"],"picked":"PrismaMod:ChloeMaid","floor":24},{"not_picked":["PrismaMod:ChloeCheapDefendTwo","PrismaMod:ChloeGaeBolg","PrismaMod:ChloeRuleBreaker"],"picked":"SKIP","floor":25},{"not_picked":["PrismaMod:ChloeDiscardRecovery","PrismaMod:ChloeCheapDefend+1"],"picked":"PrismaMod:ChloeCheapDefendTwo+1","floor":27},{"not_picked":["PrismaMod:ChloeCheapAttack","PrismaMod:ChloeMordred","PrismaMod:ChloeCheapDefend+1"],"picked":"SKIP","floor":28},{"not_picked":["PrismaMod:ChloeCommonAOEAttack+1","PrismaMod:ChloeDiscardRecovery","PrismaMod:ChloeCheapAttack"],"picked":"SKIP","floor":29},{"not_picked":["PrismaMod:ChloeCommonAOEAttack","PrismaMod:ChloeMaid+1"],"picked":"PrismaMod:ChloeRitsuka","floor":31},{"not_picked":["PrismaMod:ChloeExcalibur","PrismaMod:ChloeDiscardRecovery+1"],"picked":"PrismaMod:ChloeEyeOfTheEuryale","floor":35},{"not_picked":["PrismaMod:ChloeCommonAOEAttack+1","PrismaMod:ChloeExhaustOne","PrismaMod:ChloeCheapDefend+1"],"picked":"SKIP","floor":36},{"not_picked":["PrismaMod:ChloeCommonAOEAttack+1","PrismaMod:ChloeExhaustThree","PrismaMod:ChloeUncommonAOEAttack+1"],"picked":"SKIP","floor":37},{"not_picked":["PrismaMod:ChloeCheapAttackTwo","PrismaMod:ChloeCheapDefend","PrismaMod:ChloeUncommonDefend+1"],"picked":"SKIP","floor":41},{"not_picked":["PrismaMod:ChloeCaladbolg","PrismaMod:ChloeUncommonAOEAttack+1","PrismaMod:ChloeCheapAttackTwo+1"],"picked":"SKIP","floor":42},{"not_picked":["PrismaMod:ChloeCheapDefend+1","PrismaMod:ChloeCheapDefendTwo"],"picked":"PrismaMod:ChloeRhongomyniad","floor":45},{"not_picked":["PrismaMod:ChloeCheapDefendTwo","PrismaMod:ChloeExhaustOne+1","PrismaMod:ChloeRuleBreaker"],"picked":"SKIP","floor":46},{"not_picked":["PrismaMod:ChloeCheapAttackTwo+1","PrismaMod:ChloeAnyRareTrace"],"picked":"PrismaMod:ChloeExcalibur+1","floor":48}],"player_experience":549606,"relics_obtained":[{"floor":6,"key":"testmod-ConstraintPeriapt"},{"floor":8,"key":"conspire:DeflatedDodgeball"},{"floor":9,"key":"Bag of Marbles"},{"floor":14,"key":"Replay:Bottled Flurry"},{"floor":26,"key":"Sundial"},{"floor":38,"key":"Letter Opener"}],"event_choices":[{"damage_healed":0,"gold_gain":0,"player_choice":"Became a Ghost","damage_taken":0,"max_hp_gain":0,"max_hp_loss":0,"event_name":"Ghosts","floor":21,"gold_loss":0,"cards_obtained":["Ghostly","Ghostly","Ghostly","Ghostly","Ghostly"]},{"cards_removed":["PrismaMod:ChloeCommonAttack"],"damage_healed":0,"gold_gain":0,"player_choice":"Purged","damage_taken":0,"max_hp_gain":0,"max_hp_loss":0,"event_name":"Purifier","floor":22,"gold_loss":0}],"is_beta":false,"boss_relics":[{"not_picked":["testmod-Prudence","Replay:Wanted Poster"],"picked":"conspire:SpecialSausage"},{"not_picked":["Cursed Key","Philosopher\u0027s Stone"],"picked":"testmod-DeterminationOfClimber"}],"items_purged_floors":[39],"is_endless":false,"potions_floor_spawned":[6,8,13,24,27,31,36,42],"ascension_level":0}}