{"host":"06gxn1c1bsk424jw","time":1612851634,"event":{"mods":["BaseMod","DeckTracker","Minty Spire (QoL Compilation)","SuperFastMode"],"gold_per_floor":[111,123,123,133,150,150,176,176,201,212,224,251,263,335,335,335,335],"floor_reached":16,"language":"KOR","playtime":778,"items_purged":[],"score":222,"play_id":"d80975aa-8304-4759-bf7b-6513c6490822","local_time":"20210209152034","is_ascension_mode":true,"campfire_choices":[{"data":"Metamorphosis","floor":6.0,"key":"SMITH"},{"data":"Rage","floor":8.0,"key":"SMITH"},{"floor":15.0,"key":"REST"}],"circlet_count":0,"master_deck":["AscendersBane","Strike_R","Strike_R","Strike_R","Strike_R","Strike_R","Defend_R","Defend_R","Defend_R","Bash","Metamorphosis+1","Perfected Strike","Rage+1","Evolve","Wild Strike","Battle Trance","Exhume","Shrug It Off"],"relics":["Burning Blood","Strawberry","Vajra","Akabeko","CeramicFish"],"acts_visited":["Exordium"],"potions_floor_usage":[],"damage_taken":[{"damage":11.0,"enemies":"Jaw Worm","floor":1.0,"turns":4.0},{"damage":9.0,"enemies":"2 Louse","floor":2.0,"turns":3.0},{"damage":1.0,"enemies":"Cultist","floor":4.0,"turns":3.0},{"damage":22.0,"enemies":"2 Fungi Beasts","floor":5.0,"turns":4.0},{"damage":10.0,"enemies":"Lagavulin","floor":7.0,"turns":5.0},{"damage":15.0,"enemies":"Red Slaver","floor":10.0,"turns":5.0},{"damage":6.0,"enemies":"Looter","floor":11.0,"turns":3.0},{"damage":6.0,"enemies":"Gremlin Nob","floor":12.0,"turns":3.0},{"damage":10.0,"enemies":"Lots of Slimes","floor":13.0,"turns":6.0},{"damage":10.0,"enemies":"3 Sentries","floor":14.0,"turns":4.0},{"damage":52,"enemies":"The Guardian","floor":16,"turns":4}],"seed_played":"626580759025182350","potions_obtained":[{"floor":4.0,"key":"SteroidPotion"},{"floor":5.0,"key":"SkillPotion"},{"floor":11.0,"key":"Energy Potion"},{"floor":13.0,"key":"SpeedPotion"},{"floor":14.0,"key":"BloodPotion"}],"is_trial":false,"path_per_floor":["M","M","?","M","M","R","E","R","T","M","M","E","M","?","R","B"],"character_chosen":"IRONCLAD","items_purchased":[],"campfire_rested":1,"item_purchase_floors":[],"current_hp_per_floor":[63,60,53,58,42,42,45,45,45,36,36,36,32,28,50,0,0],"gold":335,"neow_bonus":"RANDOM_COLORLESS_2","is_daily":false,"chose_seed":false,"campfire_upgraded":2,"win_rate":0.0,"timestamp":1612851634,"path_taken":["M","M","?","M","M","R","E","R","T","M","M","E","M","?","R","BOSS"],"items_purchased_type":[],"build_version":"2020-12-22","purchased_purges":0,"victory":false,"max_hp_per_floor":[68,68,68,68,68,68,75,75,75,75,75,75,75,75,75,75,75],"card_choices":[{"not_picked":["Chrysalis","Panache"],"picked":"Metamorphosis","floor":0.0},{"not_picked":["Heavy Blade","Warcry","Pommel Strike"],"picked":"SKIP","floor":1.0},{"not_picked":["Rupture","Clash"],"picked":"Perfected Strike","floor":2.0},{"not_picked":["Body Slam","Warcry","Thunderclap"],"picked":"SKIP","floor":4.0},{"not_picked":["Rupture","Whirlwind"],"picked":"Rage","floor":5.0},{"not_picked":["Whirlwind","Dual Wield"],"picked":"Evolve","floor":7.0},{"not_picked":["Clash","Dual Wield"],"picked":"Wild Strike","floor":10.0},{"not_picked":["Reckless Charge","Thunderclap"],"picked":"Battle Trance","floor":11.0},{"not_picked":["Headbutt","Armaments"],"picked":"Exhume","floor":12.0},{"not_picked":["Warcry","Battle Trance","Havoc"],"picked":"SKIP","floor":13.0},{"not_picked":["Hemokinesis","Carnage"],"picked":"Shrug It Off","floor":14.0}],"player_experience":815680,"relics_obtained":[{"floor":7.0,"key":"Strawberry"},{"floor":9.0,"key":"Vajra"},{"floor":12.0,"key":"Akabeko"},{"floor":14.0,"key":"CeramicFish"}],"event_choices":[{"cards_removed":["Defend_R"],"damage_healed":0.0,"max_hp_gain":0.0,"max_hp_loss":0.0,"gold_gain":0.0,"event_name":"Golden Wing","player_choice":"Card Removal","floor":3.0,"gold_loss":0.0,"damage_taken":7.0},{"damage_healed":0.0,"max_hp_gain":0.0,"max_hp_loss":0.0,"gold_gain":0.0,"event_name":"Dead Adventurer","player_choice":"Searched \u00271\u0027 times","floor":14.0,"gold_loss":0.0,"damage_taken":0.0}],"is_beta":false,"boss_relics":[],"items_purged_floors":[],"is_endless":false,"potions_floor_spawned":[4,5,11,13,14],"killed_by":"The Guardian","ascension_level":19}}