{"host":"kh6fvhxn285ncg0o","time":1612888412,"event":{"mods":["Act Like it!","BaseMod","Colored Map","Friendly Minions","Keyboard Shortcuts","Minty Spire (QoL Compilation)","Quick Restart","Relic Stats","StSLib","SuperFastMode","UnlockEverythingMod"],"gold_per_floor":[117,267,342,106,118,118,68,80,107,107,107],"floor_reached":10,"language":"KOR","playtime":747,"items_purged":["Doubt","Strike_R"],"score":112,"play_id":"0345f18a-d210-4a37-8483-703a88e77796","local_time":"20210210013332","is_ascension_mode":true,"campfire_choices":[{"data":"Armaments","floor":6,"key":"SMITH"}],"circlet_count":0,"master_deck":["AscendersBane","Strike_R","Strike_R","Defend_R","Defend_R","Defend_R","Defend_R","Bash","Armaments+1","Body Slam","True Grit"],"relics":["Burning Blood","Membership Card","Happy Flower"],"acts_visited":["Exordium"],"potions_floor_usage":[10],"damage_taken":[{"damage":7,"enemies":"Jaw Worm","floor":1,"turns":5},{"damage":7,"enemies":"2 Louse","floor":5,"turns":5},{"damage":5,"enemies":"Small Slimes","floor":8,"turns":3},{"damage":30,"enemies":"3 Sentries","floor":10,"turns":5}],"seed_played":"-2526666614812062385","potions_obtained":[{"floor":5,"key":"Strength Potion"},{"floor":8,"key":"DuplicationPotion"}],"is_trial":false,"path_per_floor":["M","?","?","$","M","R","$","M","T","E"],"character_chosen":"IRONCLAD","items_purchased":["Membership Card","Body Slam"],"campfire_rested":0,"item_purchase_floors":[4,4],"current_hp_per_floor":[49,49,38,38,37,37,37,38,38,8,8],"gold":107,"neow_bonus":"REMOVE_TWO","is_daily":false,"chose_seed":false,"campfire_upgraded":1,"win_rate":0.0,"timestamp":1612888412,"path_taken":["M","?","?","$","M","R","$","M","T","E"],"items_purchased_type":["Relic","Card"],"build_version":"2020-12-22","purchased_purges":2,"victory":false,"max_hp_per_floor":[75,75,75,75,75,75,75,75,75,75,75],"relic_stats":{"Happy Flower":[1],"counters":[4,18],"obtain_stats":[{"Happy Flower":9,"Membership Card":4,"Burning Blood":0},{"Happy Flower":3,"Membership Card":1,"Burning Blood":0},{"Happy Flower":13,"Membership Card":5,"Burning Blood":0}],"Burning Blood":18},"card_choices":[{"not_picked":["Infernal Blade","Ghostly Armor"],"picked":"Armaments","floor":1},{"not_picked":["Body Slam","Whirlwind"],"picked":"True Grit","floor":5}],"player_experience":1352865,"relics_obtained":[{"floor":9,"key":"Happy Flower"}],"event_choices":[{"damage_healed":0,"gold_gain":150,"player_choice":"AGREE","damage_taken":0,"max_hp_gain":0,"max_hp_loss":0,"event_name":"Liars Game","floor":2,"gold_loss":0,"cards_obtained":["Doubt"]},{"damage_healed":0,"gold_gain":75,"player_choice":"Gather Gold","damage_taken":11,"max_hp_gain":0,"max_hp_loss":0,"event_name":"World of Goop","floor":3,"gold_loss":0}],"is_beta":false,"boss_relics":[],"items_purged_floors":[4,7],"is_endless":false,"potions_floor_spawned":[5,8],"killed_by":"3 Sentries","ascension_level":20}}