{"host":"bgyhjzqafgkxdxsh","time":1612862314,"event":{"mods":["BaseMod","Colored Map","Minty Spire (QoL Compilation)","Relic Stats","StSLib","everything is the same but u backflip on backflip"],"gold_per_floor":[111,136,155,3,3,31,31,47,101,126,91,123,123,158,158,158,158],"floor_reached":16,"language":"ENG","playtime":600,"items_purged":[],"score":208,"play_id":"64f7c671-3a85-4c74-a735-78495260388d","local_time":"20210209191834","is_ascension_mode":true,"campfire_choices":[{"floor":7,"key":"REST"},{"floor":13,"key":"REST"},{"floor":15,"key":"REST"}],"circlet_count":0,"master_deck":["AscendersBane","Strike_G","Strike_G","Strike_G","Strike_G+1","Strike_G+1","Defend_G","Defend_G","Defend_G","Defend_G","Defend_G","Survivor","Neutralize","Corpse Explosion","Catalyst","Cloak And Dagger","Bouncing Flask","Blade Dance","Dodge and Roll","Adrenaline"],"relics":["Ring of the Snake","Happy Flower","Whetstone","Nunchaku","Pocketwatch","Ornamental Fan","Bronze Scales"],"acts_visited":["Exordium"],"potions_floor_usage":[3,6,10],"damage_taken":[{"damage":19,"enemies":"Cultist","floor":1,"turns":5},{"damage":0,"enemies":"Jaw Worm","floor":3,"turns":5},{"damage":12,"enemies":"3 Sentries","floor":6,"turns":4},{"damage":0,"enemies":"2 Louse","floor":8,"turns":3},{"damage":22,"enemies":"Lagavulin","floor":10,"turns":4},{"damage":29,"enemies":"Gremlin Nob","floor":12,"turns":4},{"damage":6,"enemies":"3 Sentries","floor":14,"turns":5},{"damage":45,"enemies":"Slime Boss","floor":16,"turns":6}],"seed_played":"4710142233043650929","potions_obtained":[{"floor":1,"key":"Block Potion"},{"floor":3,"key":"Poison Potion"},{"floor":8,"key":"Poison Potion"}],"is_trial":false,"path_per_floor":["M","T","M","$","?","E","R","M","T","E","?","E","R","E","R","B"],"character_chosen":"THE_SILENT","items_purchased":["Happy Flower"],"campfire_rested":3,"item_purchase_floors":[4],"current_hp_per_floor":[26,26,26,26,26,14,35,35,35,13,30,1,22,16,37,0,0],"gold":158,"neow_bonus":"THREE_RARE_CARDS","is_daily":false,"chose_seed":false,"campfire_upgraded":0,"win_rate":0.0,"timestamp":1612862314,"path_taken":["M","?","?","$","?","E","R","M","T","E","?","E","R","E","R","BOSS"],"items_purchased_type":["Relic"],"build_version":"2020-12-22","purchased_purges":0,"victory":false,"max_hp_per_floor":[70,70,70,70,70,70,70,70,70,70,70,70,70,70,70,70,70],"relic_stats":{"Nunchaku":[3],"Happy Flower":[8],"counters":[8,36],"Ornamental Fan":[12],"Bronze Scales":[9],"Whetstone":["Strike_G","Strike_G"],"obtain_stats":[{"Nunchaku":9,"Happy Flower":4,"Ornamental Fan":12,"Bronze Scales":14,"Whetstone":6,"Ring of the Snake":0,"Pocketwatch":10},{"Nunchaku":4,"Happy Flower":2,"Ornamental Fan":6,"Bronze Scales":7,"Whetstone":3,"Ring of the Snake":0,"Pocketwatch":5},{"Nunchaku":17,"Happy Flower":10,"Ornamental Fan":25,"Bronze Scales":30,"Whetstone":14,"Ring of the Snake":0,"Pocketwatch":21}],"Ring of the Snake":[16],"Pocketwatch":[18]},"card_choices":[{"not_picked":["After Image","Die Die Die"],"picked":"Corpse Explosion","floor":0},{"not_picked":["Tactician","Concentrate"],"picked":"Catalyst","floor":1},{"not_picked":["Dodge and Roll","Outmaneuver"],"picked":"Cloak And Dagger","floor":3},{"not_picked":["Well Laid Plans","Glass Knife"],"picked":"Bouncing Flask","floor":6},{"not_picked":["Accuracy","Tactician"],"picked":"Blade Dance","floor":8},{"not_picked":["Bouncing Flask","Flying Knee"],"picked":"Dodge and Roll","floor":10},{"not_picked":["Prepared","Skewer"],"picked":"Adrenaline","floor":12},{"not_picked":["Deadly Poison","Reflex","Slice"],"picked":"SKIP","floor":14}],"player_experience":492247,"relics_obtained":[{"floor":6,"key":"Whetstone"},{"floor":9,"key":"Nunchaku"},{"floor":10,"key":"Pocketwatch"},{"floor":12,"key":"Ornamental Fan"},{"floor":14,"key":"Bronze Scales"}],"event_choices":[{"damage_healed":0,"gold_gain":0,"player_choice":"Ignored","damage_taken":0,"max_hp_gain":0,"max_hp_loss":0,"event_name":"Shining Light","floor":5,"gold_loss":0},{"damage_healed":17,"gold_gain":0,"player_choice":"Healed","damage_taken":0,"max_hp_gain":0,"max_hp_loss":0,"event_name":"The Cleric","floor":11,"gold_loss":35}],"is_beta":false,"boss_relics":[],"items_purged_floors":[],"is_endless":false,"potions_floor_spawned":[1,3,8],"killed_by":"Slime Boss","ascension_level":13}}