{"host":"d61fcf2p3sjwe6yo","time":1612859300,"event":{"mods":["BaseMod","Colored Map","Koishi","Marisa????????","Minty Spire (QoL Compilation)","StSLib","SuperFastMode","The Servant 0.9.4"],"gold_per_floor":[113,124,140,65,65,65,100,100,100,100,133,162,174,196,208,297,309,337,349,411,423,263,263,263,263],"floor_reached":24,"language":"ENG","playtime":891,"items_purged":["Strike_MRS"],"score":404,"play_id":"677106be-8550-4b13-b143-34e894f554e2","local_time":"20210209112820","is_ascension_mode":true,"campfire_choices":[{"data":"UpSweep","floor":6,"key":"SMITH"},{"data":"FairyDestructionRay","floor":8,"key":"SMITH"},{"data":"ShootingEcho","floor":10,"key":"SMITH"},{"data":"AsteroidBelt","floor":15,"key":"SMITH"},{"data":"SuperNova","floor":23,"key":"SMITH"}],"circlet_count":0,"master_deck":["AscendersBane","Strike_MRS","Strike_MRS","Strike_MRS","Defend_MRS","Defend_MRS","Defend_MRS","Defend_MRS","MasterSpark","UpSweep+1","ShootingEcho+1","SuperPerseids","FairyDestructionRay+1","IllusionStar","AsteroidBelt+1","SuperNova+1","Acceleration","GasGiant","Orbital","BlazeAway+1","GalacticHalo","AsteroidBelt","MysteriousBeam"],"relics":["BewitchedHakkero","NeowsBlessing","TungstenRod","White Beast Statue","MawBank","Orrery"],"acts_visited":["Exordium","TheCity"],"potions_floor_usage":[11,16,16],"damage_taken":[{"damage":0,"enemies":"Cultist","floor":1,"turns":1},{"damage":0,"enemies":"Small Slimes","floor":2,"turns":1},{"damage":0,"enemies":"2 Louse","floor":3,"turns":1},{"damage":8,"enemies":"Gremlin Nob","floor":7,"turns":3},{"damage":17,"enemies":"3 Sentries","floor":11,"turns":6},{"damage":0,"enemies":"Looter","floor":12,"turns":2},{"damage":8,"enemies":"Large Slime","floor":14,"turns":3},{"damage":27,"enemies":"The Guardian","floor":16,"turns":11},{"damage":0,"enemies":"3 Byrds","floor":18,"turns":4},{"damage":41,"enemies":"Gremlin Leader","floor":24,"turns":5}],"seed_played":"880718629366949364","potions_obtained":[{"floor":5,"key":"SneckoOil"},{"floor":5,"key":"SpeedPotion"},{"floor":7,"key":"SteroidPotion"},{"floor":11,"key":"SteroidPotion"},{"floor":12,"key":"Block Potion"},{"floor":16,"key":"BottledSpark"},{"floor":18,"key":"Block Potion"}],"is_trial":false,"path_per_floor":["M","M","M","$","?","R","E","R","T","R","E","M","$","M","R","B",null,"M","?","?","?","$","R","E"],"character_chosen":"MARISA","items_purchased":["Orrery"],"campfire_rested":0,"item_purchase_floors":[22],"current_hp_per_floor":[63,63,63,63,63,63,55,55,55,55,38,38,38,30,30,3,53,53,34,34,34,34,34,0,0],"gold":263,"neow_bonus":"THREE_ENEMY_KILL","is_daily":false,"chose_seed":false,"campfire_upgraded":5,"win_rate":0.0,"timestamp":1612859300,"path_taken":["M","?","M","?","?","R","E","R","T","R","E","M","$","?","R","BOSS","M","?","?","?","?","R","E"],"items_purchased_type":["Relic"],"build_version":"2020-12-22","purchased_purges":1,"victory":false,"max_hp_per_floor":[70,70,70,70,70,70,70,70,70,70,70,70,70,70,70,70,70,70,75,75,75,75,75,75,75],"card_choices":[{"not_picked":["GravityBeat","MilkyWay"],"picked":"ShootingEcho","floor":1},{"not_picked":["PowerUp","LuminesStrike"],"picked":"SuperPerseids","floor":2},{"not_picked":["MagicAbsorber","ChargeUpSpray"],"picked":"FairyDestructionRay","floor":3},{"not_picked":["UnstableBomb","Robbery","PulseMagic"],"picked":"SKIP","floor":7},{"not_picked":["ShootingEcho","StarlightTyphoon"],"picked":"IllusionStar","floor":11},{"not_picked":["WitchOfGreed","GravityBeat"],"picked":"AsteroidBelt","floor":12},{"not_picked":["LuminesStrike","SporeBomb","UnstableBomb"],"picked":"SKIP","floor":14},{"not_picked":["AbsoluteMagnitude","UltimateShortwave"],"picked":"SuperNova","floor":16},{"not_picked":["LuminesStrike","OneTimeOff"],"picked":"Acceleration","floor":18},{"not_picked":["DoubleSpark","UnstableBomb"],"picked":"Orbital","floor":22},{"not_picked":["MilkyWay","GrandCross"],"picked":"BlazeAway+1","floor":22},{"not_picked":["AsteroidBelt+1","WitchLeyline"],"picked":"GalacticHalo","floor":22},{"not_picked":["PowerUp","GravityBeat"],"picked":"AsteroidBelt","floor":22},{"not_picked":["MachineGunSpark","6A"],"picked":"MysteriousBeam","floor":22}],"player_experience":298863,"relics_obtained":[{"floor":7,"key":"TungstenRod"},{"floor":9,"key":"White Beast Statue"},{"floor":11,"key":"MawBank"}],"event_choices":[{"damage_healed":0,"gold_gain":0,"player_choice":"Got Potions","damage_taken":0,"max_hp_gain":0,"max_hp_loss":0,"event_name":"Lab","floor":5,"gold_loss":0},{"damage_healed":0,"gold_gain":0,"player_choice":"Shed Blood","damage_taken":25,"max_hp_gain":5,"max_hp_loss":0,"event_name":"Forgotten Altar","floor":19,"gold_loss":0},{"damage_healed":0,"gold_gain":50,"player_choice":"Stole From Cult","damage_taken":0,"max_hp_gain":0,"max_hp_loss":0,"event_name":"Nest","floor":20,"gold_loss":0},{"damage_healed":0,"gold_gain":0,"player_choice":"Read","damage_taken":0,"max_hp_gain":0,"max_hp_loss":0,"event_name":"The Library","floor":21,"gold_loss":0,"cards_obtained":["GasGiant"]}],"is_beta":false,"boss_relics":[{"not_picked":["SlaversCollar","Velvet Choker"],"picked":"BewitchedHakkero"}],"items_purged_floors":[4],"is_endless":false,"potions_floor_spawned":[7,11,12,14,16,18],"killed_by":"Gremlin Leader","ascension_level":20}}