{"host":"i1jfmzuw7df2nlxn","time":1612830666,"event":{"mods":["BaseMod","Card Forge","Colored Powertips","DeckTracker","Minty Spire (QoL Compilation)","Permanent Neow","Relic Filter","Remove Card Discount Mod","StSLib","The Wild Card"],"gold_per_floor":[116,116,132,149,149,190,209,249,275,299,474,515,539,554,554,675,675,690,715,274,287,287,310,310,323,323,12,12,53,53,86,86,215,215,238,257,257,320,343,381,381,417,417,755,771,785,800,816,816,816],"floor_reached":51,"language":"ENG","playtime":1576,"items_purged":[],"score":1386,"play_id":"465565cd-4ac3-4df0-bcd7-41bf4c4b2e05","local_time":"20210208193106","is_ascension_mode":true,"campfire_choices":[{"floor":15,"key":"REST"},{"floor":30,"key":"DIG"},{"floor":32,"key":"DIG"},{"floor":41,"key":"DIG"},{"floor":49,"key":"DIG"}],"circlet_count":0,"master_deck":["Gash+1","Skim+1","Gash+1","Gash+1","Gash+1","Gash+1","Gash+1","Skim+1","Gash+1","Beam Cell+1","Gash+1"],"relics":["Cracked Core","Hammer of Thor","Seething Fire","Anvil of the Gods","InkBottle","Golden Idol","Bottled Flame","Blood Vial","Enchiridion","PreservedInsect","SlaversCollar","Unceasing Top","Ice Cream","Centennial Puzzle","Shovel","Bird Faced Urn","Incense Burner","Red Mask","Bag of Preparation","Matryoshka","Bronze Scales","Runic Pyramid","Calipers","Gremlin Horn","Ginger","FossilizedHelix","Bottled Lightning","CaptainsWheel","Old Coin","Black Star"],"acts_visited":["Exordium","TheCity","TheBeyond"],"potions_floor_usage":[16],"damage_taken":[{"damage":0,"enemies":"Cultist","floor":1,"turns":2},{"damage":0,"enemies":"Small Slimes","floor":3,"turns":1},{"damage":0,"enemies":"Jaw Worm","floor":4,"turns":1},{"damage":9,"enemies":"3 Sentries","floor":6,"turns":2},{"damage":0,"enemies":"Looter","floor":7,"turns":1},{"damage":0,"enemies":"Gremlin Nob","floor":8,"turns":2},{"damage":0,"enemies":"Blue Slaver","floor":10,"turns":1},{"damage":0,"enemies":"Lagavulin","floor":12,"turns":1},{"damage":0,"enemies":"3 Louse","floor":13,"turns":1},{"damage":0,"enemies":"Exordium Wildlife","floor":14,"turns":1},{"damage":18,"enemies":"The Guardian","floor":16,"turns":2},{"damage":0,"enemies":"3 Byrds","floor":18,"turns":2},{"damage":0,"enemies":"Spheric Guardian","floor":19,"turns":1},{"damage":0,"enemies":"Shelled Parasite and Fungi","floor":21,"turns":1},{"damage":0,"enemies":"Centurion and Healer","floor":23,"turns":1},{"damage":0,"enemies":"Gremlin Leader","floor":24,"turns":1},{"damage":0,"enemies":"Snake Plant","floor":25,"turns":1},{"damage":0,"enemies":"Masked Bandits","floor":29,"turns":1},{"damage":0,"enemies":"Slavers","floor":31,"turns":1},{"damage":0,"enemies":"Automaton","floor":33,"turns":1},{"damage":0,"enemies":"3 Darklings","floor":35,"turns":1},{"damage":0,"enemies":"Orb Walker","floor":36,"turns":1},{"damage":0,"enemies":"Mind Bloom Boss Battle","floor":38,"turns":1},{"damage":0,"enemies":"3 Darklings","floor":39,"turns":1},{"damage":0,"enemies":"Giant Head","floor":40,"turns":1},{"damage":0,"enemies":"Nemesis","floor":42,"turns":1},{"damage":0,"enemies":"Giant Head","floor":44,"turns":1},{"damage":32,"enemies":"Sphere and 2 Shapes","floor":45,"turns":1},{"damage":0,"enemies":"Jaw Worm Horde","floor":46,"turns":1},{"damage":0,"enemies":"Maw","floor":47,"turns":1},{"damage":0,"enemies":"Spire Growth","floor":48,"turns":1},{"damage":0,"enemies":"Time Eater","floor":50,"turns":2}],"seed_played":"-5455794359256780640","potions_obtained":[{"floor":6,"key":"FearPotion"},{"floor":10,"key":"ColorlessPotion"},{"floor":18,"key":"FocusPotion"},{"floor":19,"key":"EssenceOfSteel"},{"floor":38,"key":"EssenceOfDarkness"}],"is_trial":false,"path_per_floor":["M","$","M","M","?","E","M","E","T","M","?","E","M","M","R","B",null,"M","M","$","M","?","M","E","M","T","$","?","?","R","E","R","B",null,"M","M","?","?","M","E","R","E","T","E","M","M","M","M","R","B",null],"character_chosen":"DEFECT","items_purchased":["Unceasing Top","Ice Cream","Bird Faced Urn","Incense Burner"],"campfire_rested":1,"item_purchase_floors":[20,20,27,27],"current_hp_per_floor":[75,75,75,75,57,48,48,48,48,50,50,52,54,56,75,57,75,75,75,75,75,75,75,75,75,75,75,75,75,75,75,75,75,75,75,75,75,75,75,75,75,75,75,75,43,47,51,55,55,59],"gold":816,"neow_bonus":"RANDOM_COMMON_RELIC","is_daily":false,"chose_seed":false,"campfire_upgraded":0,"win_rate":0.0,"timestamp":1612830666,"path_taken":["M","$","M","?","?","E","M","E","T","M","?","E","M","M","R","BOSS","M","M","$","M","?","M","E","M","T","$","?","?","R","E","R","BOSS","M","M","?","?","M","E","R","E","T","E","M","M","M","M","R","BOSS"],"items_purchased_type":["Relic","Relic","Relic","Relic"],"build_version":"2020-12-22","purchased_purges":0,"victory":true,"max_hp_per_floor":[75,75,75,75,75,75,75,75,75,75,75,75,75,75,75,75,75,75,75,75,75,75,75,75,75,75,75,75,75,75,75,75,75,75,75,75,75,75,75,75,75,75,75,75,75,75,75,75,75,75],"card_choices":[{"not_picked":["Steam","Conserve Battery"],"picked":"Gash","floor":1},{"not_picked":["Darkness","Leap","Go for the Eyes"],"picked":"SKIP","floor":3},{"not_picked":["Conserve Battery","Cold Snap"],"picked":"Beam Cell","floor":4},{"not_picked":["Steam","Force Field","Reinforced Body"],"picked":"SKIP","floor":6},{"not_picked":["Leap","Fusion","Coolheaded"],"picked":"SKIP","floor":7},{"not_picked":["Force Field","Sunder","Cold Snap"],"picked":"SKIP","floor":8},{"not_picked":["Conserve Battery","Barrage"],"picked":"Beam Cell","floor":10},{"not_picked":["Turbo","Amplify"],"picked":"FTL","floor":12},{"not_picked":["Rip and Tear","Go for the Eyes","Rebound"],"picked":"SKIP","floor":13},{"not_picked":["Heatsinks","Sunder","Leap"],"picked":"SKIP","floor":14},{"not_picked":["Coolheaded","Storm"],"picked":"Gash+1","floor":18},{"not_picked":["Lockon+1","Blizzard","Rip and Tear+1"],"picked":"SKIP","floor":19},{"not_picked":["Recycle","Compile Driver","Hello World"],"picked":"SKIP","floor":21},{"not_picked":["Coolheaded","Storm","Ball Lightning"],"picked":"SKIP","floor":23},{"not_picked":["Hologram+1","Self Repair+1","Rip and Tear"],"picked":"SKIP","floor":24},{"not_picked":["Coolheaded","Double Energy","Heatsinks"],"picked":"SKIP","floor":25},{"not_picked":["Compile Driver","Amplify","Defragment"],"picked":"SKIP","floor":31},{"not_picked":["Blizzard+1","Sweeping Beam+1","White Noise+1"],"picked":"SKIP","floor":35},{"not_picked":["Reprogram","Go for the Eyes+1","Hologram+1"],"picked":"SKIP","floor":36},{"not_picked":["Barrage+1","Redo+1","Leap"],"picked":"SKIP","floor":39},{"not_picked":["Redo+1","Rebound+1","Go for the Eyes+1"],"picked":"SKIP","floor":40},{"not_picked":["Rebound","Turbo+1","Consume+1"],"picked":"SKIP","floor":42},{"not_picked":["Creative AI","Turbo+1","Darkness"],"picked":"SKIP","floor":44},{"not_picked":["Aggregate","Leap+1","Skim"],"picked":"SKIP","floor":45},{"not_picked":["Static Discharge","Go for the Eyes","Lockon+1"],"picked":"SKIP","floor":46},{"not_picked":["Coolheaded","Streamline+1","Consume"],"picked":"SKIP","floor":47},{"not_picked":["Chill+1","Melter+1","Go for the Eyes+1"],"picked":"SKIP","floor":48}],"player_experience":64501,"relics_obtained":[{"floor":6,"key":"Bottled Flame"},{"floor":8,"key":"Blood Vial"},{"floor":9,"key":"Enchiridion"},{"floor":12,"key":"PreservedInsect"},{"floor":24,"key":"Centennial Puzzle"},{"floor":26,"key":"Shovel"},{"floor":29,"key":"Red Mask"},{"floor":30,"key":"Bag of Preparation"},{"floor":31,"key":"Matryoshka"},{"floor":32,"key":"Bronze Scales"},{"floor":38,"key":"Calipers"},{"floor":40,"key":"Gremlin Horn"},{"floor":41,"key":"Ginger"},{"floor":42,"key":"FossilizedHelix"},{"floor":43,"key":"Bottled Lightning"},{"floor":43,"key":"CaptainsWheel"},{"floor":44,"key":"Old Coin"},{"floor":49,"key":"Black Star"}],"event_choices":[{"damage_healed":0,"gold_gain":0,"player_choice":"Take Damage","damage_taken":18,"relics_obtained":["Golden Idol"],"max_hp_gain":0,"max_hp_loss":0,"event_name":"Golden Idol","floor":5,"gold_loss":0},{"damage_healed":0,"gold_gain":175,"player_choice":"AGREE","damage_taken":0,"max_hp_gain":0,"max_hp_loss":0,"event_name":"Liars Game","floor":11,"gold_loss":0,"cards_obtained":["Doubt"]},{"damage_healed":0,"gold_gain":0,"player_choice":"Simplicity","damage_taken":0,"max_hp_gain":0,"max_hp_loss":0,"event_name":"Back to Basics","floor":22,"gold_loss":0,"cards_upgraded":[]},{"damage_healed":25,"gold_gain":0,"player_choice":"Heal","damage_taken":0,"max_hp_gain":0,"max_hp_loss":0,"event_name":"The Library","floor":28,"gold_loss":0},{"damage_healed":0,"gold_gain":0,"player_choice":"Fought Bandits","damage_taken":0,"max_hp_gain":0,"max_hp_loss":0,"event_name":"Masked Bandits","floor":29,"gold_loss":0},{"damage_healed":19,"gold_gain":0,"player_choice":"Writhe","damage_taken":0,"max_hp_gain":0,"max_hp_loss":0,"event_name":"Winding Halls","floor":37,"gold_loss":0,"cards_obtained":["Writhe"]},{"damage_healed":0,"gold_gain":0,"player_choice":"Fight","damage_taken":0,"max_hp_gain":0,"max_hp_loss":0,"event_name":"MindBloom","floor":38,"gold_loss":0}],"is_beta":false,"boss_relics":[{"not_picked":["Coffee Dripper","Inserter"],"picked":"SlaversCollar"},{"not_picked":["Philosopher\u0027s Stone","Velvet Choker"],"picked":"Runic Pyramid"}],"items_purged_floors":[],"is_endless":false,"potions_floor_spawned":[3,6,8,10,18,19,21,25,38,45,46,47,48],"ascension_level":2}}