{"host":"8u7tvcybuv0u72fd","time":1612847969,"event":{"mods":["BaseMod","BetterRewards","Colored Map","Colored Powertips","Minty Spire (QoL Compilation)","Quick Restart","Shop Mod"],"gold_per_floor":[113,113,124,49,68,68,102,113,113,113,123,123,137,156,156,254,254,274,289,289,304,404,436,436,448,448,208,219,231,231,262,262,359,359,371,371,11,30,45,78,78,89,114,127,127,7,7,17,17,17,17,17,17,49,49],"floor_reached":56,"language":"ENG","playtime":2893,"items_purged":["Pain"],"score":1748,"play_id":"09272510-f455-4b27-8e6c-7dc24ba8da2b","local_time":"20210209001929","is_ascension_mode":false,"campfire_choices":[{"data":"Bash","floor":6.0,"key":"SMITH"},{"data":"Body Slam","floor":12.0,"key":"SMITH"},{"data":"Shrug It Off","floor":15.0,"key":"SMITH"},{"data":"Disarm","floor":24.0,"key":"SMITH"},{"data":"1","floor":30.0,"key":"LIFT"},{"data":"Heavy Blade","floor":32.0,"key":"SMITH"},{"data":"2","floor":41,"key":"LIFT"},{"data":"Limit Break","floor":45,"key":"SMITH"},{"data":"3","floor":47,"key":"LIFT"},{"floor":49,"key":"RECALL"},{"data":"Defend_R","floor":52,"key":"SMITH"}],"circlet_count":0,"master_deck":["Strike_R","Strike_R+1","Strike_R","Defend_R","Defend_R","Defend_R+1","Defend_R","Bash+1","Body Slam+1","Headbutt","Shrug It Off+1","Disarm+1","Dropkick+1","Offering","CurseOfTheBell","Berserk+1","Heavy Blade+1","Juggernaut+1","Uppercut+1","Limit Break+1","Iron Wave+1"],"relics":["Burning Blood","Bronze Scales","Sling","FossilizedHelix","Bag of Preparation","Mango","Paper Frog","Strawberry","WarpedTongs","Mummified Hand","The Courier","Calling Bell","Pen Nib","Singing Bowl","Girya","MutagenicStrength","Frozen Egg 2","PreservedInsect","Art of War","Whetstone","Prayer Wheel","Empty Cage","Bag of Marbles","Ginger","Anchor","ClockworkSouvenir","Sundial"],"acts_visited":["Exordium","TheCity","TheBeyond","TheEnding"],"potions_floor_usage":[55,55,55],"damage_taken":[{"damage":5.0,"enemies":"Small Slimes","floor":1.0,"turns":4.0},{"damage":2.0,"enemies":"Cultist","floor":3.0,"turns":3.0},{"damage":0.0,"enemies":"Jaw Worm","floor":5.0,"turns":2.0},{"damage":0.0,"enemies":"Gremlin Nob","floor":7.0,"turns":3.0},{"damage":6.0,"enemies":"Lots of Slimes","floor":8.0,"turns":4.0},{"damage":0.0,"enemies":"3 Louse","floor":11.0,"turns":3.0},{"damage":0.0,"enemies":"Blue Slaver","floor":13.0,"turns":2.0},{"damage":8.0,"enemies":"Lots of Slimes","floor":14.0,"turns":4.0},{"damage":38.0,"enemies":"Hexaghost","floor":16.0,"turns":9.0},{"damage":0.0,"enemies":"Shell Parasite","floor":18.0,"turns":3.0},{"damage":0.0,"enemies":"Spheric Guardian","floor":19.0,"turns":3.0},{"damage":2.0,"enemies":"Centurion and Healer","floor":21.0,"turns":3.0},{"damage":0.0,"enemies":"Book of Stabbing","floor":23.0,"turns":3.0},{"damage":2.0,"enemies":"Chosen and Byrds","floor":25.0,"turns":4.0},{"damage":3.0,"enemies":"Snake Plant","floor":28.0,"turns":2.0},{"damage":16.0,"enemies":"Centurion and Healer","floor":29.0,"turns":6.0},{"damage":0.0,"enemies":"Gremlin Leader","floor":31.0,"turns":2.0},{"damage":57.0,"enemies":"Champ","floor":33.0,"turns":9.0},{"damage":7.0,"enemies":"Orb Walker","floor":35.0,"turns":3.0},{"damage":0.0,"enemies":"3 Shapes","floor":38.0,"turns":1.0},{"damage":2,"enemies":"Maw","floor":39,"turns":6},{"damage":6,"enemies":"Giant Head","floor":40,"turns":4},{"damage":0,"enemies":"Transient","floor":42,"turns":5},{"damage":0,"enemies":"4 Shapes","floor":44,"turns":6},{"damage":0,"enemies":"Spire Growth","floor":48,"turns":1},{"damage":110,"enemies":"Donu and Deca","floor":50,"turns":7},{"damage":16,"enemies":"Shield and Spear","floor":54,"turns":2},{"damage":55,"enemies":"The Heart","floor":55,"turns":4}],"seed_played":"335936727972788598","potions_obtained":[{"floor":7.0,"key":"FearPotion"},{"floor":8.0,"key":"ElixirPotion"},{"floor":13.0,"key":"Block Potion"},{"floor":21.0,"key":"Fire Potion"},{"floor":28.0,"key":"PowerPotion"},{"floor":36.0,"key":"HeartOfIron"},{"floor":36.0,"key":"SteroidPotion"}],"is_trial":false,"path_per_floor":["M","?","M","$","M","R","E","M","T","?","M","R","M","M","R","B",null,"M","M","?","M","?","E","R","M","T","$","M","M","R","E","R","B",null,"M","?","$","M","M","E","R","M","T","M","R","$","R","M","R","B",null,"R","$","E","B",null],"character_chosen":"IRONCLAD","items_purchased":["Bronze Scales","Sling","Bag of Preparation","Paper Frog","Strawberry","BloodPotion","Art of War","Whetstone","Bag of Marbles","Ginger","ClockworkSouvenir"],"campfire_rested":0,"item_purchase_floors":[0,0,0,0,0,0,27,27,37,37,46],"current_hp_per_floor":[54,54,58,58,64,64,70,70,70,101,101,101,101,99,99,67,101,103,105,105,107,107,107,107,109,109,109,111,103,103,109,109,58,113,116,116,116,121,123,125,125,127,127,127,127,127,127,129,129,25,129,129,129,121,72],"gold":49,"neow_bonus":"","is_daily":false,"chose_seed":false,"campfire_upgraded":7,"win_rate":0.0,"timestamp":1612847969,"path_taken":["M","?","?","$","M","R","E","M","T","?","M","R","?","M","R","BOSS","M","M","?","M","?","E","R","?","T","?","M","M","R","E","R","BOSS","M","?","$","M","?","E","R","M","T","M","R","$","R","M","R","BOSS","R","$","E","BOSS"],"items_purchased_type":["Relic","Relic","Relic","Relic","Relic","Potion","Relic","Relic","Relic","Relic","Relic"],"build_version":"2020-12-22","purchased_purges":1,"victory":true,"max_hp_per_floor":[101,101,101,101,101,101,101,101,101,101,101,101,101,101,101,101,101,103,105,105,107,107,107,107,109,109,109,111,113,113,113,113,113,113,117,117,117,121,123,125,125,127,127,127,127,127,127,129,129,129,129,129,129,131,131],"card_choices":[{"not_picked":["Entrench","Clothesline","Thunderclap"],"picked":"SKIP","floor":1.0},{"not_picked":["Flex","True Grit","Armaments"],"picked":"SKIP","floor":3.0},{"not_picked":["Clothesline","Fire Breathing","Rupture"],"picked":"SKIP","floor":5.0},{"not_picked":["True Grit","Bloodletting"],"picked":"Body Slam","floor":7.0},{"not_picked":["Battle Trance","True Grit"],"picked":"Headbutt","floor":8.0},{"not_picked":["Cleave","Sword Boomerang"],"picked":"Shrug It Off","floor":11.0},{"not_picked":["Metallicize","Hemokinesis"],"picked":"Disarm","floor":13.0},{"not_picked":["Flex","Berserk"],"picked":"Dropkick","floor":14.0},{"not_picked":["Corruption","Limit Break"],"picked":"Offering","floor":16.0},{"not_picked":["Cleave","Havoc","Warcry"],"picked":"Singing Bowl","floor":18.0},{"not_picked":["Corruption","Clash+1","Seeing Red"],"picked":"Singing Bowl","floor":19.0},{"not_picked":["Body Slam","Warcry+1","Clash"],"picked":"Singing Bowl","floor":21.0},{"not_picked":["Spot Weakness+1","True Grit+1"],"picked":"Berserk+1","floor":23.0},{"not_picked":["Wild Strike","Battle Trance","Body Slam"],"picked":"Singing Bowl","floor":25.0},{"not_picked":["Warcry","Clash","Twin Strike"],"picked":"Singing Bowl","floor":28.0},{"not_picked":["Power Through","Clothesline","Combust+1"],"picked":"Singing Bowl","floor":29.0},{"not_picked":["Searing Blow","Whirlwind"],"picked":"Heavy Blade","floor":31.0},{"not_picked":["Exhume","Brutality+1"],"picked":"Juggernaut+1","floor":33.0},{"not_picked":["Feel No Pain+1","Armaments","Headbutt"],"picked":"Singing Bowl","floor":35.0},{"not_picked":["Intimidate+1","Second Wind+1","Warcry"],"picked":"Singing Bowl","floor":35.0},{"not_picked":["Whirlwind+1","Demon Form+1","Thunderclap"],"picked":"Singing Bowl","floor":38.0},{"not_picked":["Spot Weakness+1","Flex","Carnage"],"picked":"Singing Bowl","floor":38.0},{"not_picked":["Flex+1","Clash+1","Blood for Blood+1"],"picked":"Singing Bowl","floor":39},{"not_picked":["Shrug It Off+1","Whirlwind","Shockwave+1"],"picked":"SKIP","floor":39},{"not_picked":["Carnage","Body Slam+1","Wild Strike"],"picked":"Singing Bowl","floor":40},{"not_picked":["Shrug It Off","Havoc"],"picked":"Uppercut+1","floor":42},{"not_picked":["Disarm+1","Seeing Red+1","Body Slam+1"],"picked":"Singing Bowl","floor":42},{"not_picked":["Power Through","Searing Blow+1"],"picked":"Limit Break","floor":44},{"not_picked":["Clothesline","Seeing Red+1","Sword Boomerang+1"],"picked":"SKIP","floor":44},{"not_picked":["Pommel Strike","Combust+1","Dropkick"],"picked":"Singing Bowl","floor":48},{"not_picked":["Flex+1","Armaments+1"],"picked":"Iron Wave+1","floor":48},{"not_picked":["Pommel Strike","Reckless Charge+1","Evolve+1"],"picked":"Singing Bowl","floor":54}],"player_experience":1507898,"relics_obtained":[{"floor":7.0,"key":"Mummified Hand"},{"floor":9.0,"key":"The Courier"},{"floor":17.0,"key":"Pen Nib"},{"floor":17.0,"key":"Singing Bowl"},{"floor":17.0,"key":"Girya"},{"floor":23.0,"key":"Frozen Egg 2"},{"floor":26.0,"key":"PreservedInsect"},{"floor":31.0,"key":"Prayer Wheel"},{"floor":40,"key":"Anchor"},{"floor":54,"key":"Sundial"}],"event_choices":[{"damage_healed":0.0,"max_hp_gain":0.0,"max_hp_loss":0.0,"gold_gain":0.0,"event_name":"Accursed Blacksmith","player_choice":"Rummage","floor":2.0,"gold_loss":0.0,"damage_taken":0.0,"relics_obtained":["WarpedTongs"],"cards_obtained":["Pain"]},{"damage_healed":31.0,"max_hp_gain":0.0,"max_hp_loss":0.0,"gold_gain":0.0,"event_name":"Wheel of Change","player_choice":"Full Heal","floor":10.0,"gold_loss":0.0,"damage_taken":0.0},{"damage_healed":0.0,"max_hp_gain":0.0,"max_hp_loss":0.0,"gold_gain":0.0,"event_name":"Drug Dealer","player_choice":"Inject Mutagens","floor":20.0,"gold_loss":0.0,"damage_taken":0.0,"relics_obtained":["MutagenicStrength"]},{"damage_healed":0.0,"max_hp_gain":0.0,"max_hp_loss":0.0,"gold_gain":100.0,"event_name":"Golden Shrine","player_choice":"Pray","floor":22.0,"gold_loss":0.0,"damage_taken":0.0},{"damage_healed":0.0,"max_hp_gain":0.0,"max_hp_loss":0.0,"gold_gain":0.0,"event_name":"Lab","player_choice":"Got Potions","floor":36.0,"gold_loss":0.0,"damage_taken":0.0}],"is_beta":false,"boss_relics":[{"not_picked":["Ectoplasm","Black Star"],"picked":"Calling Bell"},{"not_picked":["SlaversCollar","Runic Pyramid"],"picked":"Empty Cage"}],"items_purged_floors":[4],"is_endless":false,"potions_floor_spawned":[7,8,13,18,21,28,38,40,44,54],"ascension_level":0}}