{"host":"kaame4qwxxqnygv7","time":1612854592,"event":{"mods":["AchievementEnabler","BaseMod","Better Match","Better Skull","Better Third Choice","Block Reminder","DeckTracker","Energized Spire","GungeonMod","Minty Spire (QoL Compilation)","Quick Restart","Red Circlet Mod","StSLib","SuperFastMode","The Blue Laboratory"],"gold_per_floor":[114,114,66,66,83,83,101,101,125,158,177,62,62,27,27,124,124,139,139,139,40,40,40,68,68,68,68,79,96,106,123,141,141,141,141,141],"floor_reached":35,"language":"KOR","playtime":1247,"items_purged":[],"score":410,"play_id":"9906c716-22ef-4b2e-b195-25dc3fffbab8","local_time":"20210209160952","is_ascension_mode":true,"campfire_choices":[{"data":"Neutralize","floor":6.0,"key":"SMITH"},{"data":"Blade Dance","floor":8.0,"key":"SMITH"},{"data":"Accuracy","floor":15.0,"key":"SMITH"},{"data":"Adrenaline","floor":23.0,"key":"SMITH"},{"floor":25.0,"key":"REST"},{"data":"Calculated Gamble","floor":27.0,"key":"SMITH"},{"floor":33.0,"key":"REST"}],"circlet_count":0,"master_deck":["Strike_G","Strike_G","Strike_G","Strike_G","Strike_G","Defend_G","Defend_G","Defend_G","Defend_G","Defend_G","Survivor","Neutralize+1","Cloak And Dagger","Blade Dance+1","Cloak And Dagger","Blur","Calculated Gamble+1","Accuracy+1","Adrenaline+1","Well Laid Plans","Blade Dance+1","Adrenaline"],"relics":["Ring of the Snake","NeowsBlessing","Mercury Hourglass","Juzu Bracelet","InkBottle","FaceOfCleric","energizedSpire:CursedPentagram","MutagenicStrength","Art of War"],"acts_visited":["Exordium","TheCity","DemoMod:Maze"],"potions_floor_usage":[35],"damage_taken":[{"damage":0.0,"enemies":"Jaw Worm","floor":1.0,"turns":1.0},{"damage":0.0,"enemies":"Cultist","floor":5.0,"turns":1.0},{"damage":0.0,"enemies":"Small Slimes","floor":7.0,"turns":1.0},{"damage":13.0,"enemies":"3 Sentries","floor":10.0,"turns":7.0},{"damage":0.0,"enemies":"Blue Slaver","floor":11.0,"turns":4.0},{"damage":26.0,"enemies":"Slime Boss","floor":16.0,"turns":10.0},{"damage":0.0,"enemies":"3 Byrds","floor":18.0,"turns":4.0},{"damage":6.0,"enemies":"Gremlin Leader","floor":24.0,"turns":7.0},{"damage":25.0,"enemies":"DemoMod:Veteran_shot_gun_kin_and_red_shotgun_kin","floor":28.0,"turns":3.0},{"damage":0.0,"enemies":"DemoMod:Veteran_shot_gun_kin_and_bullet_kin","floor":29.0,"turns":1.0},{"damage":22.0,"enemies":"DemoMod:Veteran_shot_gun_kin_and_red_shotgun_kin_with_gunsinger","floor":30.0,"turns":3.0},{"damage":0.0,"enemies":"DemoMod:Red_and_blue_shotgun_kin_with_gunsinger","floor":31.0,"turns":1.0},{"damage":7.0,"enemies":"DemoMod:Veteran_shot_gun_kin_and_blue_shotgun_kin_with_gunsinger","floor":32.0,"turns":4.0},{"damage":50,"enemies":"DemoMod:ResourcefulRat","floor":35,"turns":9}],"seed_played":"3982411554570071500","potions_obtained":[{"floor":5.0,"key":"Poison Potion"},{"floor":11.0,"key":"blueLaboratory:BottleOfVodka"},{"floor":16.0,"key":"blueLaboratory:SavagePotion"},{"floor":28.0,"key":"blueLaboratory:LouseDecoction"},{"floor":30.0,"key":"DemoMod:LeadSkinPotion"},{"floor":32.0,"key":"blueLaboratory:BubblePotion"}],"is_trial":false,"path_per_floor":["M","?","$","T","M","R","M","R","T","E","M","$","?","?","R","B",null,"M","?","?","$","?","R","E","R","T","R","M","M","M","M","M","R","B","B"],"character_chosen":"THE_SILENT","items_purchased":["Blade Dance","DemoMod:GnawedKey","Fruit Juice"],"campfire_rested":2,"item_purchase_floors":[3,12,21],"current_hp_per_floor":[63,56,56,56,56,56,56,56,56,43,43,43,43,60,60,35,62,63,50,50,50,50,50,45,68,76,76,57,58,37,38,32,58,45,0,0],"gold":141,"neow_bonus":"THREE_ENEMY_KILL","is_daily":false,"chose_seed":false,"campfire_upgraded":5,"win_rate":0.0,"timestamp":1612854592,"path_taken":["M","?","$","?","M","R","M","R","T","E","M","?","?","?","R","BOSS","M","?","?","$","?","R","E","R","T","R","M","M","M","M","M","R","BOSS","BOSS"],"items_purchased_type":["Card","Relic","Potion"],"build_version":"2020-12-22","purchased_purges":0,"victory":false,"max_hp_per_floor":[70,70,70,70,70,70,70,70,70,70,70,70,70,70,70,71,71,72,77,77,77,77,77,78,78,78,78,84,85,86,87,88,88,89,89,89],"card_choices":[{"not_picked":["Slice","Eviscerate"],"picked":"Cloak And Dagger","floor":1.0},{"not_picked":["Concentrate","Reflex"],"picked":"Cloak And Dagger","floor":5.0},{"not_picked":["Cloak And Dagger","Skewer"],"picked":"Blur","floor":7.0},{"not_picked":["Poisoned Stab","Deflect"],"picked":"Calculated Gamble","floor":10.0},{"not_picked":["Blade Dance","Outmaneuver"],"picked":"Accuracy","floor":11.0},{"not_picked":["Wraith Form v2","Die Die Die"],"picked":"Adrenaline","floor":16.0},{"not_picked":["Flying Knee+1","Poisoned Stab"],"picked":"Well Laid Plans","floor":18.0},{"not_picked":["Sucker Punch+1","Backflip","Prepared"],"picked":"SKIP","floor":24.0},{"not_picked":["Dagger Throw","Sucker Punch","Well Laid Plans+1"],"picked":"SKIP","floor":28.0},{"not_picked":["PiercingWail+1","Endless Agony+1"],"picked":"Blade Dance+1","floor":29.0},{"not_picked":["Footwork+1","Well Laid Plans+1"],"picked":"Adrenaline","floor":30.0},{"not_picked":["Deadly Poison+1","Slice+1","Dagger Throw"],"picked":"SKIP","floor":31.0},{"not_picked":["Endless Agony+1","Distraction+1","Leg Sweep"],"picked":"SKIP","floor":32.0}],"player_experience":261857,"relics_obtained":[{"floor":4.0,"key":"Mercury Hourglass"},{"floor":9.0,"key":"Juzu Bracelet"},{"floor":10.0,"key":"InkBottle"},{"floor":24.0,"key":"Art of War"}],"event_choices":[{"damage_healed":0.0,"max_hp_gain":0.0,"max_hp_loss":0.0,"gold_gain":0.0,"event_name":"Wheel of Change","player_choice":"Damaged","floor":2.0,"gold_loss":0.0,"damage_taken":7.0},{"damage_healed":0.0,"max_hp_gain":0.0,"max_hp_loss":0.0,"gold_gain":0.0,"event_name":"FaceTrader","player_choice":"Trade","floor":13.0,"gold_loss":0.0,"damage_taken":0.0,"relics_obtained":["FaceOfCleric"]},{"damage_healed":17.0,"max_hp_gain":0.0,"max_hp_loss":0.0,"gold_gain":0.0,"event_name":"The Cleric","player_choice":"Healed","floor":14.0,"gold_loss":35.0,"damage_taken":0.0},{"damage_healed":0.0,"max_hp_gain":5.0,"max_hp_loss":0.0,"gold_gain":0.0,"event_name":"Forgotten Altar","player_choice":"Shed Blood","floor":19.0,"gold_loss":0.0,"damage_taken":18.0},{"damage_healed":0.0,"max_hp_gain":0.0,"max_hp_loss":0.0,"gold_gain":0.0,"event_name":"Drug Dealer","player_choice":"Inject Mutagens","floor":20.0,"gold_loss":0.0,"damage_taken":0.0,"relics_obtained":["MutagenicStrength"]},{"damage_healed":0.0,"max_hp_gain":0.0,"max_hp_loss":0.0,"gold_gain":0.0,"event_name":"Ghosts","player_choice":"Ignored","floor":22.0,"gold_loss":0.0,"damage_taken":0.0}],"is_beta":false,"boss_relics":[{"not_picked":["Cursed Key","Ectoplasm"],"picked":"energizedSpire:CursedPentagram"}],"items_purged_floors":[],"is_endless":false,"potions_floor_spawned":[5,11,16,28,30,32],"killed_by":"DemoMod:ResourcefulRat","ascension_level":8}}