{"host":"at0t1xvvdwuey7rt","time":1612906679,"event":{"mods":["BaseMod","Downfall","Minty Spire (QoL Compilation)","StSLib"],"gold_per_floor":[413,413,430,457,467,501,525,557,593,605,469,469,497,447,447,551,551,567,482,482,197,197,197,231,231,231,231,231,248,248,258,258,356,356,376,376,394,29,41,73,73,85,85,85,96,58,108,27,27,139,139,167,167,197,226,282,282,294,294,312,350,291,328,352,370,370,482,482,502,243,281,52,52,52,52,52,88,88,123,123,123,143,143,255,282,304,55,55,74,44,44,78,78,107,107,128,156,68,68,68,68,68],"floor_reached":101,"language":"ENG","playtime":5700,"items_purged":["Normality"],"score":2418,"play_id":"c0456f03-8838-4b74-a12b-49c33f75e664","local_time":"20210209153759","daily_mods":["Draft","Heirloom"],"is_ascension_mode":false,"campfire_choices":[{"data":"Nirvana","floor":10.0,"key":"SMITH"},{"floor":15.0,"key":"REST"},{"data":"Weave","floor":23.0,"key":"SMITH"},{"data":"Nirvana","floor":25.0,"key":"SMITH"},{"floor":30.0,"key":"REST"},{"floor":32.0,"key":"REST"},{"floor":41.0,"key":"REST"},{"floor":44.0,"key":"REST"},{"floor":49.0,"key":"DIG"},{"data":"Alpha","floor":57.0,"key":"SMITH"},{"floor":66.0,"key":"REST"},{"floor":74.0,"key":"DIG"},{"floor":76.0,"key":"REST"},{"floor":78.0,"key":"DIG"},{"floor":80.0,"key":"REST"},{"floor":83.0,"key":"DIG"},{"data":"Devotion","floor":91,"key":"SMITH"},{"floor":93,"key":"REST"},{"data":"Panache","floor":95,"key":"SMITH"},{"floor":100,"key":"REST"}],"circlet_count":0,"master_deck":["CrushJoints+1","Halt","CutThroughFate","PathToVictory","ThirdEye","EmptyFist","CrushJoints","TalkToTheHand","CutThroughFate","Prostrate","Wireheading","Weave+1","SashWhip+1","Consecrate","BowlingBash","Swivel+1","Clumsy","Wireheading","PathToVictory","BowlingBash","Nirvana+1","downfall:Aged","Shame","EmptyBody","DeusExMachina","CutThroughFate","Wireheading","CutThroughFate","FlyingSleeves+1","Nirvana+1","Doubt","Necronomicurse","Parasite","SashWhip+1","FollowUp+1","BowlingBash+1","Wish","Perseverance","Nirvana+1","DeceiveReality+1","BowlingBash+1","ReachHeaven+1","SashWhip+1","PathToVictory+1","Writhe","Devotion+1","Protect+1","BattleHymn","Nirvana","BattleHymn","Alpha+1","PathToVictory","Indignation","DeusExMachina","DeceiveReality","Weave+1","BowlingBash+1","SashWhip+1","Decay","Conclude+1","Conclude+1","Conclude+1","DeceiveReality","BowlingBash+1","LessonLearned+1","Mind Blast+1","Sadistic Nature","TalkToTheHand+1","DeceiveReality","Wish","LessonLearned+1","Decay","Decay","Writhe","FollowUp+1","Panache+1","TalkToTheHand+1","CarveReality+1","PathToVictory+1","Brilliance+1","Mind Blast+1"],"relics":["HolyWater","Old Coin","downfall:ExtraCursedKey","Regal Pillow","MawBank","Anchor","Happy Flower","MealTicket","bronze:MakeshiftBattery","Prayer Wheel","Lee\u0027s Waffle","Guardian:PocketSentry","Question Card","Necronomicon","Molten Egg 2","SacredBark","Du-Vu Doll","Bronze Scales","hexamod:Sixitude","Shovel","CeramicFish","expansioncontent:StudyCardRelic","Bottled Tornado","ClockworkSouvenir","Slimebound:PreparedRelic","Gremlin Horn","Art of War","Astrolabe"],"acts_visited":["Exordium","TheCity","TheBeyond","Exordium","TheCity","TheBeyond"],"potions_floor_usage":[89,90,92,92,96],"damage_taken":[{"damage":0.0,"enemies":"2 Louse","floor":1.0,"turns":1.0},{"damage":8.0,"enemies":"Jaw Worm","floor":3.0,"turns":2.0},{"damage":0.0,"enemies":"Cultist","floor":5.0,"turns":3.0},{"damage":0.0,"enemies":"Lagavulin","floor":6.0,"turns":5.0},{"damage":1.0,"enemies":"Blue Slaver","floor":7.0,"turns":2.0},{"damage":2.0,"enemies":"3 Louse","floor":8.0,"turns":2.0},{"damage":6.0,"enemies":"Gremlin Nob","floor":13.0,"turns":4.0},{"damage":0.0,"enemies":"The Guardian","floor":16.0,"turns":6.0},{"damage":5.0,"enemies":"Shell Parasite","floor":18.0,"turns":4.0},{"damage":0.0,"enemies":"Chosen","floor":22.0,"turns":4.0},{"damage":12.0,"enemies":"Slavers","floor":24.0,"turns":4.0},{"damage":17.0,"enemies":"Centurion and Healer","floor":29.0,"turns":7.0},{"damage":10.0,"enemies":"3 Cultists","floor":31.0,"turns":5.0},{"damage":39.0,"enemies":"Champ","floor":33.0,"turns":13.0},{"damage":40.0,"enemies":"3 Darklings","floor":35.0,"turns":5.0},{"damage":3.0,"enemies":"3 Shapes","floor":37.0,"turns":4.0},{"damage":8.0,"enemies":"Writhing Mass","floor":39.0,"turns":5.0},{"damage":5.0,"enemies":"Nemesis","floor":40.0,"turns":5.0},{"damage":52.0,"enemies":"Sphere and 2 Shapes","floor":42.0,"turns":4.0},{"damage":0.0,"enemies":"Jaw Worm Horde","floor":45.0,"turns":3.0},{"damage":0.0,"enemies":"Mind Bloom Boss Battle","floor":47.0,"turns":4.0},{"damage":79.0,"enemies":"Awakened One","floor":50.0,"turns":8.0},{"damage":0.0,"enemies":"Cultist","floor":52.0,"turns":1.0},{"damage":0.0,"enemies":"Jaw Worm","floor":54.0,"turns":2.0},{"damage":0.0,"enemies":"Small Slimes","floor":55.0,"turns":1.0},{"damage":0.0,"enemies":"2 Fungi Beasts","floor":56.0,"turns":2.0},{"damage":10.0,"enemies":"Looter","floor":58.0,"turns":2.0},{"damage":0.0,"enemies":"3 Louse","floor":61.0,"turns":3.0},{"damage":19.0,"enemies":"Lagavulin","floor":63.0,"turns":3.0},{"damage":0.0,"enemies":"Exordium Wildlife","floor":64.0,"turns":3.0},{"damage":0.0,"enemies":"Large Slime","floor":65.0,"turns":2.0},{"damage":0.0,"enemies":"Slime Boss","floor":67.0,"turns":4.0},{"damage":0.0,"enemies":"3 Byrds","floor":69.0,"turns":2.0},{"damage":4.0,"enemies":"Chosen","floor":71.0,"turns":2.0},{"damage":13.0,"enemies":"Book of Stabbing","floor":77.0,"turns":3.0},{"damage":35.0,"enemies":"Slavers","floor":79.0,"turns":3.0},{"damage":0.0,"enemies":"3 Cultists","floor":82.0,"turns":3.0},{"damage":30.0,"enemies":"Champ","floor":84.0,"turns":5.0},{"damage":3,"enemies":"3 Shapes","floor":86,"turns":2},{"damage":0,"enemies":"3 Darklings","floor":89,"turns":2},{"damage":53,"enemies":"Reptomancer","floor":92,"turns":3},{"damage":9,"enemies":"Giant Head","floor":94,"turns":5},{"damage":4,"enemies":"Spire Growth","floor":96,"turns":2},{"damage":16,"enemies":"4 Shapes","floor":97,"turns":3},{"damage":108,"enemies":"Time Eater","floor":101,"turns":4}],"seed_played":"6568378583861812496","potions_obtained":[{"floor":5.0,"key":"Weak Potion"},{"floor":6.0,"key":"BlessingOfTheForge"},{"floor":8.0,"key":"Guardian:BlockOnCardUsePotion"},{"floor":13.0,"key":"BlessingOfTheForge"},{"floor":18.0,"key":"SkillPotion"},{"floor":20.0,"key":"Energy Potion"},{"floor":24.0,"key":"LiquidBronze"},{"floor":31.0,"key":"FearPotion"},{"floor":35.0,"key":"Ancient Potion"},{"floor":40.0,"key":"BottledMiracle"},{"floor":45.0,"key":"LiquidMemories"},{"floor":50.0,"key":"EssenceOfSteel"},{"floor":52.0,"key":"EssenceOfSteel"},{"floor":54.0,"key":"Weak Potion"},{"floor":61.0,"key":"FearPotion"},{"floor":63.0,"key":"Explosive Potion"},{"floor":64.0,"key":"Fruit Juice"},{"floor":65.0,"key":"Strength Potion"},{"floor":71.0,"key":"BlessingOfTheForge"},{"floor":84.0,"key":"LiquidMemories"},{"floor":89,"key":"Fire Potion"},{"floor":90,"key":"Fruit Juice"},{"floor":90,"key":"LiquidBronze"},{"floor":94,"key":"LiquidMemories"},{"floor":97,"key":"GamblersBrew"}],"is_trial":true,"path_per_floor":["M","?","M","T","M","E","M","M","T","R","$","?","E","?","R","B",null,"M","?","?","$","M","R","E","R","T","?","T","M","R","M","R","B",null,"M","?","M","$","M","E","R","M","T","R","M","$","?","$","R","B",null,"M","?","M","M","M","R","M","?","T","M","$","E","M","M","R","B",null,"M","$","M","$","?","R","?","R","E","R","E","R","?","M","R","B",null,"M","$","?","M","?","R","E","R","E","R","M","M","$","?","R","B"],"character_chosen":"WATCHER","items_purchased":["Happy Flower","Lee\u0027s Waffle","Wireheading","CutThroughFate","Du-Vu Doll","ReachHeaven+1","BattleHymn","BattleHymn","Conclude+1","Mind Blast+1","Sadistic Nature","ClockworkSouvenir","Panache","TalkToTheHand+1","Mind Blast+1"],"campfire_rested":10,"item_purchase_floors":[11,21,21,21,38,38,46,48,62,70,70,72,87,87,98],"current_hp_per_floor":[72,72,64,64,64,64,63,61,61,61,61,66,60,60,77,77,77,72,72,72,84,84,84,72,72,72,56,56,39,79,69,84,45,84,44,44,41,56,48,43,83,31,31,71,71,84,84,84,84,5,84,84,84,84,84,84,84,74,74,74,74,84,65,75,75,94,94,94,94,94,90,94,94,94,75,99,86,86,51,95,95,95,95,65,99,96,99,99,99,109,109,56,103,94,94,90,74,89,89,104,0,0],"gold":68,"neow_bonus":"","is_daily":false,"chose_seed":false,"campfire_upgraded":6,"win_rate":0.0,"timestamp":1612906679,"path_taken":["M","?","M","?","M","E","M","?","T","R","$","?","E","?","R","BOSS","M","?","?","$","?","R","E","R","T","?","?","?","R","M","R","BOSS","M","?","M","$","M","E","R","M","T","R","M","?","?","$","R","BOSS","M","?","M","M","M","R","M","?","T","M","$","E","M","M","R","BOSS","M","$","M","$","?","R","?","R","E","R","E","R","?","M","R","BOSS","M","$","?","M","?","R","E","R","E","R","?","M","$","?","R","BOSS"],"items_purchased_type":["Relic","Relic","Card","Card","Relic","Card","Card","Card","Card","Card","Card","Relic","Card","Card","Card"],"build_version":"2020-12-22","purchased_purges":1,"victory":false,"max_hp_per_floor":[72,72,72,72,72,72,72,72,72,72,72,77,77,77,77,77,77,77,77,77,84,84,84,84,84,84,84,84,84,84,84,84,84,84,84,84,84,84,84,84,84,84,84,84,84,84,84,84,84,84,84,84,84,84,84,84,84,84,84,84,84,84,84,94,94,94,94,94,94,94,94,94,94,94,99,99,99,99,99,99,99,99,99,99,99,99,99,99,99,109,109,109,109,109,109,109,109,109,104,104,104,104],"card_choices":[{"not_picked":["BowlingBash","FlurryOfBlows"],"picked":"CrushJoints","floor":0.0},{"not_picked":["Sanctity","Study"],"picked":"Halt","floor":0.0},{"not_picked":["Fasting2","JustLucky"],"picked":"CutThroughFate","floor":0.0},{"not_picked":["JustLucky","Sanctity"],"picked":"PathToVictory","floor":0.0},{"not_picked":["FlyingSleeves","Vengeance"],"picked":"ThirdEye","floor":0.0},{"not_picked":["Meditate","JustLucky"],"picked":"EmptyFist","floor":0.0},{"not_picked":["EmptyBody","Consecrate"],"picked":"CrushJoints","floor":0.0},{"not_picked":["EmptyBody","Evaluate"],"picked":"TalkToTheHand","floor":0.0},{"not_picked":["ClearTheMind","WreathOfFlame"],"picked":"CutThroughFate","floor":0.0},{"not_picked":["JustLucky","ClearTheMind"],"picked":"Prostrate","floor":0.0},{"not_picked":["Consecrate","WaveOfTheHand"],"picked":"Wireheading","floor":0.0},{"not_picked":["FlurryOfBlows","Protect"],"picked":"Weave","floor":0.0},{"not_picked":["WheelKick","FlurryOfBlows"],"picked":"SashWhip","floor":0.0},{"not_picked":["JustLucky","FlurryOfBlows"],"picked":"Consecrate","floor":0.0},{"not_picked":["Crescendo","JustLucky"],"picked":"BowlingBash","floor":0.0},{"not_picked":["Vengeance","ThirdEye"],"picked":"LikeWater","floor":1.0},{"not_picked":["Wallop","WaveOfTheHand"],"picked":"Swivel","floor":3.0},{"not_picked":["ClearTheMind","InnerPeace"],"picked":"Wireheading","floor":5.0},{"not_picked":["ThirdEye","WindmillStrike"],"picked":"PathToVictory","floor":6.0},{"not_picked":["FlurryOfBlows","EmptyFist"],"picked":"BowlingBash","floor":7.0},{"not_picked":["Study","ClearTheMind"],"picked":"Nirvana","floor":8.0},{"not_picked":["LikeWater","EmptyMind"],"picked":"EmptyBody","floor":13.0},{"not_picked":["Establishment","MasterReality"],"picked":"DeusExMachina","floor":16.0},{"not_picked":["WreathOfFlame+1","EmptyFist"],"picked":"CutThroughFate","floor":18.0},{"not_picked":["InnerPeace","JustLucky"],"picked":"FlyingSleeves+1","floor":22.0},{"not_picked":["Sanctity","Study","Crescendo"],"picked":"SKIP","floor":22.0},{"not_picked":["Conclude","EmptyFist"],"picked":"Nirvana","floor":24.0},{"not_picked":["ClearTheMind","Prostrate","Halt+1"],"picked":"SashWhip+1","floor":29.0},{"not_picked":["FearNoEvil+1","PathToVictory","JustLucky+1"],"picked":"FollowUp+1","floor":29.0},{"not_picked":["Swivel","Wireheading+1","Halt"],"picked":"BowlingBash+1","floor":31.0},{"not_picked":["Protect","ForeignInfluence","Collect","FlyingSleeves+1"],"picked":"SKIP","floor":31.0},{"not_picked":["Omniscience","Brilliance+1","DevaForm"],"picked":"Wish","floor":33.0},{"not_picked":["WindmillStrike+1","Protect","EmptyBody"],"picked":"Perseverance","floor":35.0},{"not_picked":["Protect","Adaptation+1","EmptyBody","SashWhip+1"],"picked":"SKIP","floor":35.0},{"not_picked":["Protect+1","MentalFortress","FlurryOfBlows+1"],"picked":"DeceiveReality+1","floor":37.0},{"not_picked":["SignatureMove+1","BattleHymn","FlyingSleeves+1"],"picked":"BowlingBash+1","floor":37.0},{"not_picked":["WreathOfFlame+1","Collect","ForeignInfluence"],"picked":"SashWhip+1","floor":39.0},{"not_picked":["ClearTheMind+1","Halt+1","EmptyMind","EmptyBody+1"],"picked":"SKIP","floor":39.0},{"not_picked":["Adaptation","FlurryOfBlows+1","Establishment","ClearTheMind"],"picked":"SKIP","floor":40.0},{"not_picked":["JustLucky+1","EmptyFist+1","Nirvana"],"picked":"PathToVictory+1","floor":42.0},{"not_picked":["Consecrate+1","Evaluate","Halt+1","Protect"],"picked":"SKIP","floor":42.0},{"not_picked":["WreathOfFlame+1","Vengeance","FlurryOfBlows+1"],"picked":"Devotion","floor":45.0},{"not_picked":["Consecrate+1","ClearTheMind","EmptyMind+1"],"picked":"Protect+1","floor":45.0},{"not_picked":["CutThroughFate+1","ReachHeaven+1","Protect"],"picked":"Nirvana","floor":47.0},{"not_picked":["Blasphemy","Ragnarok+1","Establishment"],"picked":"Alpha","floor":50.0},{"not_picked":["CrushJoints+1","Protect","Halt"],"picked":"PathToVictory","floor":52.0},{"not_picked":["Crescendo","EmptyFist+1","WheelKick+1","FlyingSleeves+1"],"picked":"SKIP","floor":52.0},{"not_picked":["Evaluate","EmptyBody","CarveReality+1"],"picked":"Indignation","floor":54.0},{"not_picked":["WindmillStrike+1","ThirdEye","Protect"],"picked":"DeusExMachina","floor":54.0},{"not_picked":["FollowUp+1","CutThroughFate+1","Indignation"],"picked":"DeceiveReality","floor":55.0},{"not_picked":["WreathOfFlame","InnerPeace","SashWhip+1"],"picked":"Weave+1","floor":55.0},{"not_picked":["JustLucky+1","FearNoEvil+1","EmptyFist+1"],"picked":"BowlingBash+1","floor":56.0},{"not_picked":["Sanctity","Prostrate","FlurryOfBlows+1"],"picked":"SashWhip+1","floor":56.0},{"not_picked":["EmptyBody","FollowUp+1","ClearTheMind","Fasting2"],"picked":"SKIP","floor":58.0},{"not_picked":["EmptyMind","FlyingSleeves+1","JustLucky+1","EmptyBody"],"picked":"SKIP","floor":58.0},{"not_picked":["Halt","Ragnarok+1","Pray"],"picked":"Conclude+1","floor":61.0},{"not_picked":["Prostrate","Crescendo","WaveOfTheHand"],"picked":"Conclude+1","floor":61.0},{"not_picked":["ForeignInfluence","SashWhip+1","PathToVictory"],"picked":"DeceiveReality","floor":63.0},{"not_picked":["Prostrate","Omniscience","Swivel"],"picked":"BowlingBash+1","floor":64.0},{"not_picked":["FollowUp+1","CrushJoints+1","MentalFortress","EmptyBody"],"picked":"SKIP","floor":64.0},{"not_picked":["LikeWater","BattleHymn","EmptyFist+1","Consecrate+1"],"picked":"SKIP","floor":65.0},{"not_picked":["FlyingSleeves+1","JustLucky+1","Wireheading","Consecrate+1"],"picked":"SKIP","floor":65.0},{"not_picked":["Establishment","Ragnarok+1","Omniscience"],"picked":"LessonLearned+1","floor":67.0},{"not_picked":["SandsOfTime+1","Wallop+1","FearNoEvil+1","FollowUp+1"],"picked":"SKIP","floor":69.0},{"not_picked":["Halt+1","JustLucky+1","FollowUp+1","ReachHeaven+1"],"picked":"SKIP","floor":69.0},{"not_picked":["FollowUp+1","Prostrate","FlurryOfBlows+1"],"picked":"TalkToTheHand+1","floor":71.0},{"not_picked":["Crescendo","ThirdEye","EmptyBody"],"picked":"DeceiveReality","floor":71.0},{"not_picked":["BowlingBash+1","Perseverance+1","ClearTheMind+1"],"picked":"Wish","floor":77.0},{"not_picked":["Crescendo","Omniscience","JustLucky+1","BowlingBash+1"],"picked":"SKIP","floor":79.0},{"not_picked":["CrushJoints+1","Blasphemy","Evaluate"],"picked":"FearNoEvil+1","floor":82.0},{"not_picked":["Halt","CrushJoints+1","BowlingBash+1","Prostrate"],"picked":"SKIP","floor":82.0},{"not_picked":["Brilliance+1","Establishment","Scrawl"],"picked":"LessonLearned+1","floor":84.0},{"not_picked":["Crescendo","Prostrate","EmptyBody+1"],"picked":"FollowUp+1","floor":86},{"not_picked":["BowlingBash+1","Halt+1","Wireheading","FlurryOfBlows+1"],"picked":"SKIP","floor":86},{"not_picked":["SashWhip+1","ThirdEye+1","Meditate"],"picked":"CarveReality+1","floor":89},{"not_picked":["Consecrate+1","Protect","BowlingBash+1","MentalFortress+1"],"picked":"SKIP","floor":89},{"not_picked":["FlurryOfBlows+1","WheelKick+1","BowlingBash+1","Swivel"],"picked":"SKIP","floor":92},{"not_picked":["Vault","SashWhip+1","DeusExMachina","Pray"],"picked":"SKIP","floor":94},{"not_picked":["CarveReality+1","FollowUp+1","Adaptation+1"],"picked":"PathToVictory+1","floor":96},{"not_picked":["FearNoEvil+1","Nirvana+1","BowlingBash+1","Protect"],"picked":"SKIP","floor":96},{"not_picked":["Prostrate","ThirdEye+1","EmptyFist+1"],"picked":"Brilliance+1","floor":97},{"not_picked":["InnerPeace+1","SashWhip+1","Crescendo","WaveOfTheHand"],"picked":"SKIP","floor":97}],"player_experience":143650,"relics_obtained":[{"floor":4.0,"key":"Regal Pillow"},{"floor":6.0,"key":"MawBank"},{"floor":9.0,"key":"Anchor"},{"floor":13.0,"key":"MealTicket"},{"floor":24.0,"key":"Guardian:PocketSentry"},{"floor":26.0,"key":"Question Card"},{"floor":27.0,"key":"Necronomicon"},{"floor":28.0,"key":"Molten Egg 2"},{"floor":40.0,"key":"Bronze Scales"},{"floor":43.0,"key":"hexamod:Sixitude"},{"floor":47.0,"key":"Shovel"},{"floor":49.0,"key":"CeramicFish"},{"floor":60.0,"key":"Bottled Tornado"},{"floor":74.0,"key":"Slimebound:PreparedRelic"},{"floor":78.0,"key":"Gremlin Horn"},{"floor":83.0,"key":"Art of War"}],"event_choices":[{"damage_healed":0.0,"max_hp_gain":5.0,"max_hp_loss":0.0,"gold_gain":0.0,"event_name":"Big Fish","player_choice":"Donut","floor":12.0,"gold_loss":0.0,"damage_taken":0.0},{"cards_removed":["Normality"],"damage_healed":0.0,"max_hp_gain":0.0,"max_hp_loss":0.0,"gold_gain":0.0,"event_name":"The Cleric","player_choice":"Card Removal","floor":14.0,"gold_loss":50.0,"damage_taken":0.0},{"damage_healed":0.0,"max_hp_gain":0.0,"max_hp_loss":0.0,"gold_gain":0.0,"event_name":"Addict","player_choice":"Obtained Relic","floor":19.0,"gold_loss":85.0,"damage_taken":0.0,"relics_obtained":["Prayer Wheel"]},{"damage_healed":0.0,"max_hp_gain":0.0,"max_hp_loss":0.0,"gold_gain":0.0,"event_name":"Lab","player_choice":"Got Potions","floor":20.0,"gold_loss":0.0,"damage_taken":0.0},{"damage_healed":0.0,"max_hp_gain":0.0,"max_hp_loss":0.0,"gold_gain":0.0,"event_name":"Cursed Tome","player_choice":"Obtained Book","floor":27.0,"gold_loss":0.0,"damage_taken":16.0},{"damage_healed":0.0,"max_hp_gain":0.0,"max_hp_loss":0.0,"gold_gain":0.0,"event_name":"Duplicator","player_choice":"Copied","floor":36.0,"gold_loss":0.0,"damage_taken":0.0,"cards_obtained":["Nirvana"]},{"damage_healed":0.0,"max_hp_gain":0.0,"max_hp_loss":0.0,"gold_gain":0.0,"event_name":"MindBloom","player_choice":"Fight","floor":47.0,"gold_loss":0.0,"damage_taken":0.0},{"damage_healed":0.0,"max_hp_gain":0.0,"max_hp_loss":0.0,"gold_gain":0.0,"event_name":"Golden Idol","player_choice":"Ignored","floor":53.0,"gold_loss":0.0,"damage_taken":0.0},{"cards_removed":["LikeWater"],"damage_healed":0.0,"max_hp_gain":0.0,"max_hp_loss":0.0,"gold_gain":0.0,"event_name":"Living Wall","player_choice":"Forget","floor":59.0,"gold_loss":0.0,"damage_taken":0.0},{"damage_healed":0.0,"max_hp_gain":0.0,"max_hp_loss":0.0,"gold_gain":0.0,"event_name":"Cursed Tome","player_choice":"Ignored","floor":73.0,"gold_loss":0.0,"damage_taken":0.0},{"damage_healed":0.0,"max_hp_gain":5.0,"max_hp_loss":0.0,"gold_gain":0.0,"event_name":"Forgotten Altar","player_choice":"Shed Blood","floor":75.0,"gold_loss":0.0,"damage_taken":24.0},{"cards_removed":["FearNoEvil"],"damage_healed":0,"gold_gain":0,"player_choice":"Removed Attack","damage_taken":0,"max_hp_gain":0,"max_hp_loss":0,"event_name":"Falling","floor":88,"gold_loss":0},{"damage_healed":0,"gold_gain":0,"player_choice":"Bought 2 Potions","damage_taken":0,"max_hp_gain":0,"max_hp_loss":0,"event_name":"The Woman in Blue","floor":90,"gold_loss":0},{"damage_healed":0,"gold_gain":0,"player_choice":"Max HP","damage_taken":0,"max_hp_gain":0,"max_hp_loss":5,"event_name":"Winding Halls","floor":99,"gold_loss":0}],"is_beta":false,"boss_relics":[{"not_picked":["Runic Dome","Ectoplasm"],"picked":"bronze:MakeshiftBattery"},{"not_picked":["VioletLotus","Coffee Dripper"],"picked":"SacredBark"},{"not_picked":["Calling Bell","Snecko Eye"],"picked":"expansioncontent:StudyCardRelic"},{"not_picked":["Black Star","Coffee Dripper"],"picked":"HolyWater"},{"not_picked":["Calling Bell","Snecko Eye"],"picked":"Astrolabe"}],"items_purged_floors":[72],"is_endless":true,"potions_floor_spawned":[5,6,8,13,18,24,31,35,40,45,50,52,54,61,63,64,65,71,84,89,94,97],"killed_by":"Time Eater","ascension_level":0}}