{"host":"syozzdlzcqop4jia","time":1612915144,"event":{"mods":["BaseMod","Colored Map","Colored Powertips","Minty Spire (QoL Compilation)","Quick Restart"],"gold_per_floor":[111,129,129,147,166,166,183,196,244,47,59,87,87,103,103,205,205,223,138,138,53,66,91,91,103,103,103,129,129,144,164,164,259,259,269,31,0,10,10,10,10,10,10,10,23,23,43,43,43,43,43,43,4,32,32,32],"floor_reached":55,"language":"ENG","playtime":3210,"items_purged":["Defend_R"],"score":734,"play_id":"8a32262a-6750-4861-9d12-1d0e6bc000a9","local_time":"20210210005904","is_ascension_mode":false,"campfire_choices":[{"floor":6,"key":"RECALL"},{"data":"Feed","floor":15,"key":"SMITH"},{"data":"Pummel","floor":24,"key":"SMITH"},{"floor":29,"key":"REST"},{"data":"Reaper","floor":32,"key":"SMITH"},{"data":"Demon Form","floor":40,"key":"SMITH"},{"data":"Spot Weakness","floor":42,"key":"SMITH"},{"data":"Flame Barrier","floor":44,"key":"SMITH"},{"floor":49,"key":"REST"},{"data":"Perfected Strike","floor":52,"key":"SMITH"}],"circlet_count":0,"master_deck":["Strike_R","Strike_R","Strike_R","Strike_R","Strike_R","Defend_R","Defend_R","Defend_R","Bash","Combust","Shrug It Off","Reckless Charge","Battle Trance","Carnage+1","Anger","Spot Weakness+1","Anger","Feed+1","Perfected Strike+1","Reaper+1","Twin Strike+1","Pummel+1","Sword Boomerang","Pommel Strike","Spot Weakness+1","Shrug It Off","Warcry+1","Flame Barrier+1","Wild Strike","Demon Form+1","Pommel Strike+1","Inflame+1","Shrug It Off","Thunderclap+1","Flame Barrier"],"relics":["Burning Blood","Oddly Smooth Stone","Philosopher\u0027s Stone","Darkstone Periapt","Strawberry","Bottled Lightning","Enchiridion","Charon\u0027s Ashes","Busted Crown","Dream Catcher","Red Mask","White Beast Statue","Paper Frog"],"acts_visited":["Exordium","TheCity","TheBeyond","TheEnding"],"potions_floor_usage":[12,12,16,22,23,31,33,50,54,55],"damage_taken":[{"damage":7,"enemies":"Jaw Worm","floor":1,"turns":5},{"damage":8,"enemies":"Cultist","floor":2,"turns":3},{"damage":1,"enemies":"2 Louse","floor":4,"turns":2},{"damage":10,"enemies":"Lots of Slimes","floor":5,"turns":4},{"damage":11,"enemies":"Exordium Wildlife","floor":7,"turns":5},{"damage":4,"enemies":"2 Fungi Beasts","floor":8,"turns":3},{"damage":10,"enemies":"Looter","floor":11,"turns":2},{"damage":9,"enemies":"Lagavulin","floor":12,"turns":5},{"damage":5,"enemies":"Exordium Thugs","floor":14,"turns":3},{"damage":62,"enemies":"Hexaghost","floor":16,"turns":9},{"damage":21,"enemies":"3 Byrds","floor":18,"turns":5},{"damage":5,"enemies":"Spheric Guardian","floor":22,"turns":3},{"damage":30,"enemies":"Gremlin Leader","floor":23,"turns":6},{"damage":18,"enemies":"3 Cultists","floor":25,"turns":4},{"damage":34,"enemies":"Slavers","floor":28,"turns":4},{"damage":0,"enemies":"Centurion and Healer","floor":30,"turns":3},{"damage":12,"enemies":"Sentry and Sphere","floor":31,"turns":4},{"damage":120,"enemies":"Champ","floor":33,"turns":9},{"damage":0,"enemies":"3 Darklings","floor":35,"turns":3},{"damage":0,"enemies":"Orb Walker","floor":38,"turns":2},{"damage":21,"enemies":"Jaw Worm Horde","floor":45,"turns":3},{"damage":12,"enemies":"4 Shapes","floor":47,"turns":2},{"damage":70,"enemies":"Donu and Deca","floor":50,"turns":6},{"damage":58,"enemies":"Shield and Spear","floor":54,"turns":4},{"damage":54,"enemies":"The Heart","floor":55,"turns":3}],"seed_played":"-5029972776968901161","potions_obtained":[{"floor":1,"key":"Swift Potion"},{"floor":3,"key":"Dexterity Potion"},{"floor":3,"key":"LiquidBronze"},{"floor":3,"key":"Block Potion"},{"floor":8,"key":"BloodPotion"},{"floor":14,"key":"Fire Potion"},{"floor":16,"key":"BloodPotion"},{"floor":18,"key":"Block Potion"},{"floor":22,"key":"ColorlessPotion"},{"floor":28,"key":"Swift Potion"},{"floor":45,"key":"Explosive Potion"},{"floor":47,"key":"ColorlessPotion"},{"floor":54,"key":"ColorlessPotion"}],"is_trial":false,"path_per_floor":["M","M","?","M","M","R","M","M","T","$","M","E","?","M","R","B",null,"M","?","?","$","M","E","R","M","T","?","E","R","M","M","R","B",null,"M","$","?","M","$","R","?","R","T","R","M","$","M","?","R","B",null,"R","$","E","B"],"character_chosen":"IRONCLAD","items_purchased":["Anger","Spot Weakness","Pummel","Sword Boomerang","Inflame","Dream Catcher","Shrug It Off","Flame Barrier"],"campfire_rested":2,"item_purchase_floors":[10,10,21,21,36,36,36,53],"current_hp_per_floor":[87,85,85,88,84,84,79,81,81,81,77,74,74,75,75,19,88,83,83,65,65,89,84,84,76,76,60,60,94,104,98,98,15,116,120,120,120,120,120,120,114,114,114,114,99,99,97,97,118,82,118,118,118,66,12,12],"gold":32,"neow_bonus":"TEN_PERCENT_HP_BONUS","is_daily":false,"chose_seed":false,"campfire_upgraded":7,"win_rate":0.0,"timestamp":1612915144,"path_taken":["M","M","?","M","M","R","M","M","T","$","?","E","?","?","R","BOSS","M","?","?","$","M","E","R","M","T","?","E","R","M","M","R","BOSS","M","$","?","M","?","R","?","R","T","R","?","$","M","?","R","BOSS","R","$","E","BOSS"],"items_purchased_type":["Card","Card","Card","Card","Card","Relic","Card","Card"],"build_version":"2020-12-22","purchased_purges":1,"victory":false,"max_hp_per_floor":[88,88,88,88,88,88,88,88,88,88,88,88,88,88,88,88,88,92,92,97,97,101,108,108,112,112,112,116,116,116,116,116,116,116,120,120,120,120,120,120,114,114,114,114,114,114,118,118,118,118,118,118,118,118,118,118],"card_choices":[{"not_picked":["Sever Soul","Havoc"],"picked":"Combust","floor":1},{"not_picked":["Dropkick","Pommel Strike"],"picked":"Shrug It Off","floor":2},{"not_picked":["Thunderclap","Sentinel"],"picked":"Reckless Charge","floor":4},{"not_picked":["Warcry","Shrug It Off"],"picked":"Battle Trance","floor":5},{"not_picked":["Power Through","Shockwave","Entrench"],"picked":"SKIP","floor":7},{"not_picked":["Rage","Wild Strike"],"picked":"Carnage","floor":8},{"not_picked":["Shockwave","Clash"],"picked":"Anger","floor":11},{"not_picked":["Twin Strike","Rampage"],"picked":"Feed","floor":12},{"not_picked":["Burning Pact","True Grit"],"picked":"Perfected Strike","floor":14},{"not_picked":["Exhume","Brutality"],"picked":"Reaper","floor":16},{"not_picked":["Body Slam+1","Uppercut"],"picked":"Twin Strike+1","floor":18},{"not_picked":["Warcry+1","Iron Wave"],"picked":"Pommel Strike","floor":22},{"not_picked":["Iron Wave","Warcry"],"picked":"Spot Weakness+1","floor":23},{"not_picked":["Havoc","Fire Breathing"],"picked":"Shrug It Off","floor":25},{"not_picked":["Exhume","Evolve"],"picked":"Warcry+1","floor":28},{"not_picked":["Power Through","Blood for Blood+1"],"picked":"Flame Barrier","floor":30},{"not_picked":["Power Through","Havoc+1"],"picked":"Wild Strike","floor":31},{"not_picked":["Offering","Brutality"],"picked":"Demon Form","floor":33},{"not_picked":[],"picked":"Pommel Strike+1","floor":35},{"not_picked":[],"picked":"Thunderclap+1","floor":38},{"not_picked":["Iron Wave+1"],"picked":"SKIP","floor":45},{"not_picked":["Second Wind"],"picked":"SKIP","floor":47},{"not_picked":["Body Slam"],"picked":"SKIP","floor":54}],"player_experience":651621,"relics_obtained":[{"floor":12,"key":"Oddly Smooth Stone"},{"floor":23,"key":"Strawberry"},{"floor":26,"key":"Bottled Lightning"},{"floor":27,"key":"Enchiridion"},{"floor":28,"key":"Charon\u0027s Ashes"},{"floor":43,"key":"White Beast Statue"},{"floor":54,"key":"Paper Frog"}],"event_choices":[{"damage_healed":0,"gold_gain":0,"player_choice":"Got Potions","damage_taken":0,"max_hp_gain":0,"max_hp_loss":0,"event_name":"Lab","floor":3,"gold_loss":0},{"damage_healed":0,"gold_gain":0,"player_choice":"Upgraded","damage_taken":0,"max_hp_gain":0,"max_hp_loss":0,"event_name":"Upgrade Shrine","floor":13,"gold_loss":0,"cards_upgraded":["Carnage"]},{"damage_healed":0,"gold_gain":0,"player_choice":"Obtained Relic","damage_taken":0,"relics_obtained":["Darkstone Periapt"],"max_hp_gain":0,"max_hp_loss":0,"event_name":"Addict","floor":19,"gold_loss":85},{"damage_healed":0,"gold_gain":0,"player_choice":"Shed Blood","damage_taken":23,"max_hp_gain":5,"max_hp_loss":0,"event_name":"Forgotten Altar","floor":20,"gold_loss":0},{"damage_healed":0,"gold_gain":0,"player_choice":"Obtained Book","damage_taken":16,"max_hp_gain":0,"max_hp_loss":0,"event_name":"Cursed Tome","floor":27,"gold_loss":0},{"damage_healed":0,"gold_gain":0,"player_choice":"Paid","damage_taken":0,"relics_obtained":["Red Mask"],"max_hp_gain":0,"max_hp_loss":0,"event_name":"Tomb of Lord Red Mask","floor":37,"gold_loss":31},{"damage_healed":0,"gold_gain":0,"player_choice":"Max HP","damage_taken":0,"max_hp_gain":0,"max_hp_loss":6,"event_name":"Winding Halls","floor":41,"gold_loss":0},{"damage_healed":0,"gold_gain":0,"player_choice":"Forge","damage_taken":0,"max_hp_gain":0,"max_hp_loss":0,"event_name":"Accursed Blacksmith","floor":48,"gold_loss":0,"cards_upgraded":["Inflame"]}],"is_beta":false,"boss_relics":[{"not_picked":["SlaversCollar","Empty Cage"],"picked":"Philosopher\u0027s Stone"},{"not_picked":["Runic Cube","Black Blood"],"picked":"Busted Crown"}],"items_purged_floors":[10],"is_endless":false,"potions_floor_spawned":[1,7,8,11,14,16,18,22,28,30,45,47,54],"killed_by":"The Heart","ascension_level":0}}