{"host":"0kk91h4bq4kgfj0u","time":1612839280,"event":{"mods":["BaseMod","Bestiary","Block Reminder","Colored Map","Colored Powertips","Curses Come First","Highlight Path","Minty Spire (QoL Compilation)","Relic Stats","StSLib"],"gold_per_floor":[109,109,122,140,140,172,192,174,174,174,174,206,220,234,234,333,333,348,348,239,254,254,254,270,0,0,16,16,16,16,16,16,16,16],"floor_reached":33,"language":"ENG","playtime":1129,"items_purged":["Purity"],"score":334,"play_id":"154936f2-ac5a-454a-a0ab-98b21efa9c77","local_time":"20210208215440","is_ascension_mode":true,"campfire_choices":[{"floor":10.0,"key":"REST"},{"floor":15.0,"key":"REST"},{"floor":23.0,"key":"REST"},{"data":"Apotheosis","floor":28.0,"key":"SMITH"},{"floor":30.0,"key":"RECALL"},{"data":"Adrenaline","floor":32.0,"key":"SMITH"}],"circlet_count":0,"master_deck":["Strike_G","Strike_G","Strike_G","Strike_G","Strike_G","Defend_G","Defend_G","Defend_G","Defend_G","Defend_G","Survivor","Neutralize","Quick Slash","Blade Dance","Sucker Punch","Accuracy","Backflip","Dagger Spray","Calculated Gamble","Noxious Fumes","Footwork","Die Die Die","Slice+1","Outmaneuver","Finesse","Dagger Spray","Dagger Throw","Apotheosis+1","Adrenaline+1"],"relics":["Ring of the Snake","MealTicket","Nunchaku","Letter Opener","Eternal Feather","Mercury Hourglass","Pantograph","MutagenicStrength"],"acts_visited":["Exordium","TheCity"],"potions_floor_usage":[33,33],"damage_taken":[{"damage":2.0,"enemies":"Cultist","floor":1.0,"turns":4.0},{"damage":0.0,"enemies":"2 Louse","floor":3.0,"turns":4.0},{"damage":0.0,"enemies":"Small Slimes","floor":4.0,"turns":3.0},{"damage":36.0,"enemies":"Lagavulin","floor":6.0,"turns":7.0},{"damage":2.0,"enemies":"2 Fungi Beasts","floor":7.0,"turns":3.0},{"damage":28.0,"enemies":"Exordium Thugs","floor":8.0,"turns":6.0},{"damage":7.0,"enemies":"3 Sentries","floor":12.0,"turns":7.0},{"damage":3.0,"enemies":"Lots of Slimes","floor":13.0,"turns":3.0},{"damage":3.0,"enemies":"Large Slime","floor":14.0,"turns":4.0},{"damage":27.0,"enemies":"Hexaghost","floor":16.0,"turns":12.0},{"damage":21.0,"enemies":"Spheric Guardian","floor":18.0,"turns":4.0},{"damage":4.0,"enemies":"2 Thieves","floor":21.0,"turns":2.0},{"damage":41.0,"enemies":"Snecko","floor":24.0,"turns":6.0},{"damage":18.0,"enemies":"Centurion and Healer","floor":27.0,"turns":6.0},{"damage":89,"enemies":"Champ","floor":33,"turns":12}],"seed_played":"-434358696302186642","potions_obtained":[{"floor":1.0,"key":"BlessingOfTheForge"},{"floor":8.0,"key":"Regen Potion"},{"floor":13.0,"key":"BlessingOfTheForge"},{"floor":14.0,"key":"FearPotion"},{"floor":16.0,"key":"CunningPotion"},{"floor":18.0,"key":"EssenceOfSteel"}],"is_trial":false,"path_per_floor":["M","$","M","M","?","E","M","M","T","R","?","E","M","M","R","B",null,"M","?","$","M","?","R","M","$","T","M","R","?","R","$","R","B"],"character_chosen":"THE_SILENT","items_purchased":["Outmaneuver","Finesse","Apotheosis"],"campfire_rested":3,"item_purchase_floors":[20,20,25],"current_hp_per_floor":[61,70,70,70,70,34,32,4,4,25,25,33,30,27,60,33,61,40,40,55,51,39,70,29,44,44,26,41,41,56,70,70,0,0],"gold":16,"neow_bonus":"RANDOM_COMMON_RELIC","is_daily":false,"chose_seed":false,"campfire_upgraded":2,"win_rate":0.0,"timestamp":1612839280,"path_taken":["M","$","?","M","?","E","?","M","T","R","?","E","M","M","R","BOSS","M","?","$","M","?","R","?","?","T","M","R","?","R","$","R","BOSS"],"items_purchased_type":["Card","Card","Card"],"build_version":"2020-12-22","purchased_purges":1,"victory":false,"max_hp_per_floor":[70,70,70,70,70,70,70,70,70,70,70,70,70,70,70,70,70,70,70,70,70,70,70,70,70,70,70,70,70,70,70,70,70,70],"relic_stats":{"Nunchaku":[16],"counters":[15,83],"Pantograph":0,"MealTicket":53,"Eternal Feather":57,"Letter Opener":[33],"obtain_stats":[{"Nunchaku":6,"Pantograph":19,"MutagenicStrength":29,"MealTicket":0,"Eternal Feather":11,"Letter Opener":9,"Ring of the Snake":0,"Mercury Hourglass":12},{"Nunchaku":4,"Pantograph":11,"MutagenicStrength":14,"MealTicket":0,"Eternal Feather":6,"Letter Opener":6,"Ring of the Snake":0,"Mercury Hourglass":7},{"Nunchaku":18,"Pantograph":57,"MutagenicStrength":71,"MealTicket":0,"Eternal Feather":27,"Letter Opener":27,"Ring of the Snake":0,"Mercury Hourglass":34}],"Ring of the Snake":[30],"Mercury Hourglass":[165]},"card_choices":[{"not_picked":["Finisher","Slice"],"picked":"Quick Slash","floor":1.0},{"not_picked":["Underhanded Strike","PiercingWail"],"picked":"Blade Dance","floor":3.0},{"not_picked":["Noxious Fumes","PiercingWail"],"picked":"Sucker Punch","floor":4.0},{"not_picked":["Phantasmal Killer","PiercingWail"],"picked":"Accuracy","floor":6.0},{"not_picked":["Riddle With Holes","Slice"],"picked":"Backflip","floor":7.0},{"not_picked":["Well Laid Plans","Flying Knee"],"picked":"Dagger Spray","floor":8.0},{"not_picked":["Caltrops","A Thousand Cuts"],"picked":"Calculated Gamble","floor":12.0},{"not_picked":["Sucker Punch","Caltrops"],"picked":"Noxious Fumes","floor":13.0},{"not_picked":["Endless Agony","Bane"],"picked":"Footwork","floor":14.0},{"not_picked":["Malaise","Tools of the Trade"],"picked":"Die Die Die","floor":16.0},{"not_picked":["Quick Slash+1","PiercingWail"],"picked":"Slice+1","floor":18.0},{"not_picked":["Flechettes","Sucker Punch"],"picked":"Dagger Spray","floor":21.0},{"not_picked":["Leg Sweep","Well Laid Plans"],"picked":"Dagger Throw","floor":24.0},{"not_picked":["Quick Slash","Noxious Fumes"],"picked":"Adrenaline","floor":27.0}],"player_experience":864315,"relics_obtained":[{"floor":6.0,"key":"Nunchaku"},{"floor":9.0,"key":"Letter Opener"},{"floor":12.0,"key":"Mercury Hourglass"}],"event_choices":[{"damage_healed":0.0,"max_hp_gain":0.0,"max_hp_loss":0.0,"gold_gain":0.0,"event_name":"Purifier","player_choice":"Ignored","floor":5.0,"gold_loss":0.0,"damage_taken":0.0},{"damage_healed":0.0,"max_hp_gain":0.0,"max_hp_loss":0.0,"gold_gain":0.0,"event_name":"Dead Adventurer","player_choice":"Searched \u00271\u0027 times","floor":11.0,"gold_loss":0.0,"damage_taken":0.0,"relics_obtained":["Eternal Feather"]},{"damage_healed":0.0,"max_hp_gain":0.0,"max_hp_loss":0.0,"gold_gain":0.0,"event_name":"The Mausoleum","player_choice":"Opened","floor":19.0,"gold_loss":0.0,"damage_taken":0.0,"relics_obtained":["Pantograph"]},{"damage_healed":0.0,"max_hp_gain":0.0,"max_hp_loss":0.0,"gold_gain":0.0,"event_name":"Knowing Skull","player_choice":"CARD ","floor":22.0,"potions_obtained":[],"gold_loss":0.0,"damage_taken":12.0,"cards_obtained":["Purity"]},{"damage_healed":0.0,"max_hp_gain":0.0,"max_hp_loss":0.0,"gold_gain":0.0,"event_name":"Drug Dealer","player_choice":"Inject Mutagens","floor":29.0,"gold_loss":0.0,"damage_taken":0.0,"relics_obtained":["MutagenicStrength"]}],"is_beta":false,"boss_relics":[{"not_picked":["Fusion Hammer","Runic Dome","Coffee Dripper"]}],"items_purged_floors":[25],"is_endless":false,"potions_floor_spawned":[1,8,13,14,16,18],"killed_by":"Champ","ascension_level":6}}