{"host":"mani","time":1612896662,"event":{"mods":["BaseMod","Highlight Path","Minty Spire (QoL Compilation)","Spire Arcade","StSLib"],"gold_per_floor":[115,115,48,67,22,22,57,74,100,112,42,42,72,90,90,190,190,202,202,202,212,212,1,31,31,78,111,129,229,19,38,38,133,133,143,155,170,190,201,214,239,249,274,303,314,330,15,90,90,90],"floor_reached":51,"language":"ENG","playtime":2253,"items_purged":[],"score":884,"play_id":"86564520-7c57-48d8-b123-a1469c99106c","local_time":"20210209195102","is_ascension_mode":false,"campfire_choices":[{"data":"Storm","floor":6,"key":"SMITH"},{"data":"Redo","floor":15,"key":"SMITH"},{"data":"Chaos","floor":32,"key":"SMITH"},{"data":"Panache","floor":49,"key":"SMITH"}],"circlet_count":0,"master_deck":["Strike_B","Strike_B+1","Defend_B+1","Defend_B","Defend_B","Zap","Dualcast","Leap","Storm+1","Heatsinks","Barrage","Conserve Battery","Self Repair","Capacitor","Self Repair","Redo+1","Loop","Undo","Amplify","Sunder","Storm+1","Loop","Sunder+1","Heatsinks","Storm","Ball Lightning+1","RitualDagger","Steam+1","Self Repair","Self Repair","Chaos+1","Go for the Eyes","Beam Cell","Melter","Capacitor","Buffer","Go for the Eyes+1","Sunder+1","Cold Snap","Defragment+1","Lockon+1","Self Repair+1","Storm+1","Redo+1","Machine Learning","Steam+1","Stack+1","Panache+1","Loop","Hello World","Static Discharge","Capacitor"],"relics":["Cracked Core","DataDisk","White Beast Statue","MawBank","CaptainsWheel","Black Star","The Courier","Tiny Chest","Bird Faced Urn","Orichalcum","Pantograph","Cables","Gambling Chip","Bottled Lightning","Nuclear Battery","Dream Catcher","Whetstone","Ancient Tea Set","Gremlin Horn","MealTicket","Membership Card","StrikeDummy"],"acts_visited":["Exordium","TheCity","TheBeyond"],"potions_floor_usage":[13,14,27,27,28,33,39,50,50],"damage_taken":[{"damage":0,"enemies":"2 Louse","floor":1,"turns":2},{"damage":6,"enemies":"Jaw Worm","floor":4,"turns":3},{"damage":14,"enemies":"Gremlin Nob","floor":7,"turns":4},{"damage":0,"enemies":"Cultist","floor":8,"turns":2},{"damage":12,"enemies":"3 Sentries","floor":13,"turns":5},{"damage":13,"enemies":"Gremlin Gang","floor":14,"turns":3},{"damage":8,"enemies":"Slime Boss","floor":16,"turns":6},{"damage":3,"enemies":"Chosen","floor":18,"turns":4},{"damage":2,"enemies":"Spheric Guardian","floor":21,"turns":4},{"damage":25,"enemies":"Book of Stabbing","floor":24,"turns":4},{"damage":27,"enemies":"Slavers","floor":27,"turns":3},{"damage":10,"enemies":"3 Cultists","floor":28,"turns":3},{"damage":19,"enemies":"Colosseum Slavers","floor":29,"turns":3},{"damage":9,"enemies":"Colosseum Nobs","floor":29,"turns":3},{"damage":0,"enemies":"Cultist and Chosen","floor":31,"turns":3},{"damage":20,"enemies":"Collector","floor":33,"turns":6},{"damage":0,"enemies":"3 Shapes","floor":35,"turns":3},{"damage":3,"enemies":"Orb Walker","floor":36,"turns":3},{"damage":0,"enemies":"Transient","floor":37,"turns":5},{"damage":0,"enemies":"Maw","floor":38,"turns":4},{"damage":11,"enemies":"Jaw Worm Horde","floor":39,"turns":3},{"damage":18,"enemies":"Writhing Mass","floor":40,"turns":4},{"damage":14,"enemies":"Reptomancer","floor":41,"turns":5},{"damage":20,"enemies":"Spire Growth","floor":42,"turns":3},{"damage":40,"enemies":"Nemesis","floor":44,"turns":5},{"damage":0,"enemies":"Maw","floor":45,"turns":5},{"damage":8,"enemies":"Sphere and 2 Shapes","floor":46,"turns":3},{"damage":41,"enemies":"Donu and Deca","floor":50,"turns":5}],"seed_played":"6984684096906375090","potions_obtained":[{"floor":7,"key":"FocusPotion"},{"floor":8,"key":"Energy Potion"},{"floor":13,"key":"SneckoOil"},{"floor":14,"key":"AttackPotion"},{"floor":16,"key":"Regen Potion"},{"floor":24,"key":"Strength Potion"},{"floor":27,"key":"SpeedPotion"},{"floor":28,"key":"FairyPotion"},{"floor":29,"key":"Ancient Potion"},{"floor":31,"key":"ColorlessPotion"},{"floor":33,"key":"SteroidPotion"},{"floor":35,"key":"DistilledChaos"},{"floor":36,"key":"PotionOfCapacity"},{"floor":39,"key":"EssenceOfDarkness"},{"floor":40,"key":"FocusPotion"},{"floor":45,"key":"DistilledChaos"}],"is_trial":false,"path_per_floor":["M","?","?","M","$","R","E","M","T","?","$","?","E","M","R","B",null,"M","?","?","M","?","$","E","?","T","E","M","?","$","M","R","B",null,"M","M","M","M","M","M","E","M","T","E","M","M","$","T","R","B",null],"character_chosen":"DEFECT","items_purchased":["Conserve Battery","Self Repair","Redo","Loop","Sunder","Heatsinks","Storm","Chaos","Go for the Eyes","Beam Cell","Melter","Membership Card","Panache","Loop","Hello World","Static Discharge","Capacitor"],"campfire_rested":0,"item_purchase_floors":[5,11,11,23,23,23,23,30,30,30,30,47,47,47,47,47,47],"current_hp_per_floor":[75,60,60,54,54,54,40,47,47,40,40,45,47,48,48,54,80,80,80,80,80,80,80,69,63,63,46,50,67,67,80,80,80,80,80,80,80,80,80,80,80,80,80,80,80,80,80,80,80,60],"gold":90,"neow_bonus":"TRANSFORM_TWO_CARDS","is_daily":false,"chose_seed":false,"campfire_upgraded":4,"win_rate":0.0,"timestamp":1612896662,"path_taken":["M","?","?","?","$","R","E","?","T","?","?","?","E","M","R","BOSS","M","?","?","M","?","?","E","?","T","E","M","?","$","?","R","BOSS","M","M","M","M","M","M","E","M","T","E","M","M","$","?","R","BOSS"],"items_purchased_type":["Card","Card","Card","Card","Card","Card","Card","Card","Card","Card","Card","Relic","Card","Card","Card","Card","Card"],"build_version":"2020-12-18","purchased_purges":0,"victory":true,"max_hp_per_floor":[75,75,75,75,75,75,75,75,75,75,75,80,80,80,80,80,80,80,80,80,80,80,80,80,80,80,80,80,80,80,80,80,80,80,80,80,80,80,80,80,80,80,80,80,80,80,80,80,80,80],"card_choices":[{"not_picked":["Conserve Battery","BootSequence"],"picked":"Heatsinks","floor":1},{"not_picked":["Leap","Double Energy"],"picked":"Barrage","floor":4},{"not_picked":["Compile Driver","Streamline"],"picked":"Self Repair","floor":7},{"not_picked":["Streamline","Go for the Eyes"],"picked":"Capacitor","floor":8},{"not_picked":["Hologram","Go for the Eyes"],"picked":"Loop","floor":13},{"not_picked":["Rebound","Turbo"],"picked":"Undo","floor":14},{"not_picked":["Echo Form","Core Surge"],"picked":"Amplify","floor":16},{"not_picked":["Turbo","Beam Cell"],"picked":"Sunder","floor":18},{"not_picked":["Darkness","Turbo+1"],"picked":"Storm+1","floor":21},{"not_picked":["Turbo","Reboot"],"picked":"Ball Lightning","floor":24},{"not_picked":["Lockon","Coolheaded"],"picked":"Steam+1","floor":27},{"not_picked":["Cold Snap","Ball Lightning+1"],"picked":"Self Repair","floor":28},{"not_picked":["Streamline","Coolheaded+1"],"picked":"Self Repair","floor":29},{"not_picked":["BootSequence","Rip and Tear"],"picked":"Capacitor","floor":31},{"not_picked":["Meteor Strike","Core Surge"],"picked":"Buffer","floor":33},{"not_picked":["Steam","Hologram"],"picked":"Go for the Eyes+1","floor":35},{"not_picked":["Coolheaded","Doom and Gloom"],"picked":"Sunder+1","floor":36},{"not_picked":["Consume","Streamline"],"picked":"Cold Snap","floor":37},{"not_picked":["Streamline+1","Stack"],"picked":"Defragment+1","floor":38},{"not_picked":["Coolheaded","Doom and Gloom+1"],"picked":"Lockon+1","floor":39},{"not_picked":["Ball Lightning","Undo+1"],"picked":"Self Repair+1","floor":40},{"not_picked":["Redo","Recycle+1"],"picked":"Storm+1","floor":41},{"not_picked":["Rebound+1","Turbo"],"picked":"Redo+1","floor":42},{"not_picked":["Leap","Chill"],"picked":"Machine Learning","floor":44},{"not_picked":["Conserve Battery","Genetic Algorithm"],"picked":"Steam+1","floor":45},{"not_picked":["Go for the Eyes+1","Storm+1"],"picked":"Stack+1","floor":46}],"player_experience":486782,"relics_obtained":[{"floor":7,"key":"White Beast Statue"},{"floor":9,"key":"MawBank"},{"floor":13,"key":"CaptainsWheel"},{"floor":24,"key":"Tiny Chest"},{"floor":24,"key":"Bird Faced Urn"},{"floor":26,"key":"Orichalcum"},{"floor":27,"key":"Pantograph"},{"floor":27,"key":"Cables"},{"floor":29,"key":"Gambling Chip"},{"floor":29,"key":"Bottled Lightning"},{"floor":41,"key":"Dream Catcher"},{"floor":41,"key":"Whetstone"},{"floor":43,"key":"Ancient Tea Set"},{"floor":44,"key":"Gremlin Horn"},{"floor":44,"key":"MealTicket"},{"floor":48,"key":"StrikeDummy"}],"event_choices":[{"damage_healed":0,"gold_gain":0,"player_choice":"Entered Light","damage_taken":15,"max_hp_gain":0,"max_hp_loss":0,"event_name":"Shining Light","floor":2,"gold_loss":0,"cards_upgraded":["Strike_B","Defend_B"]},{"damage_healed":0,"gold_gain":0,"player_choice":"Paid Gold","damage_taken":0,"relics_obtained":["DataDisk"],"max_hp_gain":0,"max_hp_loss":0,"event_name":"WeMeetAgain","floor":3,"gold_loss":67},{"cards_removed":["Writhe"],"damage_healed":0,"gold_gain":0,"player_choice":"Card Removal","damage_taken":7,"max_hp_gain":0,"max_hp_loss":0,"event_name":"Golden Wing","floor":10,"gold_loss":0},{"damage_healed":0,"gold_gain":0,"player_choice":"Donut","damage_taken":0,"max_hp_gain":5,"max_hp_loss":0,"event_name":"Big Fish","floor":12,"gold_loss":0},{"damage_healed":0,"gold_gain":0,"player_choice":"Opened","damage_taken":0,"relics_obtained":["The Courier"],"max_hp_gain":0,"max_hp_loss":0,"event_name":"The Mausoleum","floor":19,"gold_loss":0},{"cards_removed":["Defend_B"],"damage_healed":0,"gold_gain":0,"player_choice":"Elegance","damage_taken":0,"max_hp_gain":0,"max_hp_loss":0,"event_name":"Back to Basics","floor":20,"gold_loss":0},{"damage_healed":0,"gold_gain":0,"player_choice":"Ignored","damage_taken":0,"max_hp_gain":0,"max_hp_loss":0,"event_name":"Ghosts","floor":22,"gold_loss":0},{"damage_healed":0,"gold_gain":0,"player_choice":"Joined the Cult","damage_taken":6,"max_hp_gain":0,"max_hp_loss":0,"event_name":"Nest","floor":25,"gold_loss":0,"cards_obtained":["RitualDagger"]},{"damage_healed":0,"gold_gain":0,"player_choice":"Fight","damage_taken":0,"max_hp_gain":0,"max_hp_loss":0,"event_name":"Colosseum","floor":29,"gold_loss":0},{"damage_healed":0,"gold_gain":0,"player_choice":"Fought Nobs","damage_taken":0,"max_hp_gain":0,"max_hp_loss":0,"event_name":"Colosseum","floor":29,"gold_loss":0}],"is_beta":true,"boss_relics":[{"not_picked":["SlaversCollar","Snecko Eye"],"picked":"Black Star"},{"not_picked":["Sozu","Astrolabe"],"picked":"Nuclear Battery"}],"items_purged_floors":[],"is_endless":false,"potions_floor_spawned":[7,8,13,14,16,18,21,24,27,28,29,29,31,33,35,36,37,38,39,40,41,42,44,45,46],"ascension_level":0}}