{"host":"l15sdf2mmi0nobpi","time":1612867625,"event":{"mods":["ATMod(°¢èªMod)","BaseMod","Highlight Path","Minty Spire (QoL Compilation)","Quick Restart","StSLib","The Runesmith","¡¾¹¦ÄÜMod¡¿Neow½±Àø"],"gold_per_floor":[109,109,109,126,126,126,51,51,105,128,170,182,225,249,261,372,384,408,420,97,115,133,158,172,203,203,203,236,236,265,289,289,390,390,408,462,124,124,140,155,181,193,219,250,250,33,60,73,73,73,73,73,34,67,67,67],"floor_reached":55,"language":"ZHS","playtime":1822,"items_purged":["Regret","Runesmith:Strike_RS","Writhe"],"score":1124,"play_id":"3a3365ba-6087-4f00-bee0-bc826f01479f","local_time":"20210209184705","is_ascension_mode":true,"campfire_choices":[{"data":"Runesmith:CraftMagma","floor":6.0,"key":"SMITH"},{"data":"Runesmith:Grindstone","floor":8.0,"key":"SMITH"},{"data":"Runesmith:Reinforce","floor":12.0,"key":"SMITH"},{"data":"Runesmith:Fortify","floor":15.0,"key":"SMITH"},{"data":"Runesmith:LithiumIon","floor":27.0,"key":"SMITH"},{"floor":32.0,"key":"RECALL"},{"data":"Runesmith:BackupBattery+1","floor":45.0,"key":"SMITH"},{"data":"Bloodletting","floor":49.0,"key":"SMITH"},{"data":"Runesmith:BackupBattery+2","floor":52.0,"key":"SMITH"}],"circlet_count":0,"master_deck":["Runesmith:Strike_RS+1","Runesmith:Strike_RS+1","Runesmith:Strike_RS+1","Runesmith:Defend_RS","Runesmith:Defend_RS","Runesmith:Defend_RS","Runesmith:Defend_RS","Runesmith:CraftFirestone+1","Runesmith:Fortify+1","AT_BodySlamDance+1","Runesmith:Grindstone+1","Runesmith:CraftMagma+1","Runesmith:Reinforce+1","Runesmith:CraftProtectio+1","Runesmith:LithiumIon+1","Runesmith:RuneHurl+1","Runesmith:BackupBattery+3","Runesmith:LithiumIon","Runesmith:Firestorm","Runesmith:Repurpose","Bloodletting+1","Runesmith:PoweredAnvil"],"relics":["Runesmith:BrokenRuby","AT_ATBox","AT_SunfireAegis","MawBank","Eternal Feather","Happy Flower","Busted Crown","Medical Kit","Mercury Hourglass","Whetstone","AT_ChloranthyRing","Letter Opener","Calipers","Runesmith:AutoHammer","PreservedInsect","Runic Pyramid","Turnip","PrismaticShard","Blood Vial","Bronze Scales","Membership Card","AT_EbonyIvory","Kunai"],"acts_visited":["Exordium","TheCity","TheBeyond","TheEnding"],"potions_floor_usage":[55,55,55],"damage_taken":[{"damage":1.0,"enemies":"Small Slimes","floor":1.0,"turns":3.0},{"damage":2.0,"enemies":"2 Louse","floor":4.0,"turns":3.0},{"damage":0.0,"enemies":"Cultist","floor":10.0,"turns":2.0},{"damage":9.0,"enemies":"3 Sentries","floor":11.0,"turns":4.0},{"damage":7.0,"enemies":"Gremlin Nob","floor":13.0,"turns":3.0},{"damage":0.0,"enemies":"3 Louse","floor":14.0,"turns":2.0},{"damage":30.0,"enemies":"Hexaghost","floor":16.0,"turns":5.0},{"damage":0.0,"enemies":"Spheric Guardian","floor":18.0,"turns":1.0},{"damage":7.0,"enemies":"2 Thieves","floor":21.0,"turns":3.0},{"damage":8.0,"enemies":"Chosen and Byrds","floor":22.0,"turns":4.0},{"damage":6.0,"enemies":"Slavers","floor":23.0,"turns":4.0},{"damage":4.0,"enemies":"Snake Plant","floor":24.0,"turns":3.0},{"damage":0.0,"enemies":"Gremlin Leader","floor":25.0,"turns":6.0},{"damage":0.0,"enemies":"Slavers","floor":28.0,"turns":4.0},{"damage":13.0,"enemies":"Book of Stabbing","floor":30.0,"turns":5.0},{"damage":6.0,"enemies":"Champ","floor":33.0,"turns":7.0},{"damage":1.0,"enemies":"Orb Walker","floor":35.0,"turns":2.0},{"damage":13.0,"enemies":"2 Orb Walkers","floor":36.0,"turns":2.0},{"damage":0.0,"enemies":"3 Darklings","floor":39.0,"turns":3.0},{"damage":0.0,"enemies":"4 Shapes","floor":40.0,"turns":4.0},{"damage":0.0,"enemies":"Reptomancer","floor":41.0,"turns":4.0},{"damage":6.0,"enemies":"Maw","floor":42.0,"turns":5.0},{"damage":0.0,"enemies":"Giant Head","floor":44.0,"turns":5.0},{"damage":16.0,"enemies":"Reptomancer","floor":47.0,"turns":4.0},{"damage":12.0,"enemies":"Jaw Worm Horde","floor":48.0,"turns":3.0},{"damage":40.0,"enemies":"Awakened One","floor":50.0,"turns":7.0},{"damage":43.0,"enemies":"Shield and Spear","floor":54.0,"turns":3.0},{"damage":90,"enemies":"The Heart","floor":55,"turns":3}],"seed_played":"-3302844339857520812","potions_obtained":[{"floor":1.0,"key":"Energy Potion"},{"floor":4.0,"key":"Fire Potion"},{"floor":5.0,"key":"Regen Potion"},{"floor":13.0,"key":"BlessingOfTheForge"},{"floor":21.0,"key":"Explosive Potion"},{"floor":24.0,"key":"CultistPotion"},{"floor":30.0,"key":"PowerPotion"},{"floor":33.0,"key":"DistilledChaos"},{"floor":35.0,"key":"Regen Potion"},{"floor":40.0,"key":"Dexterity Potion"},{"floor":48.0,"key":"DuplicationPotion"},{"floor":54.0,"key":"Strength Potion"}],"is_trial":false,"path_per_floor":["M","?","?","M","?","R","$","R","T","M","E","R","E","M","R","B",null,"M","?","$","M","M","E","M","E","T","R","E","?","E","T","R","B",null,"M","?","$","?","M","M","E","M","T","E","R","$","E","M","R","B",null,"R","$","E","B"],"character_chosen":"RUNESMITH_CLASS","items_purchased":["Runesmith:LithiumIon","Medical Kit","Runesmith:LithiumIon","PrismaticShard","Membership Card","Runesmith:Firestorm","Runesmith:Repurpose","Runesmith:PoweredAnvil"],"campfire_rested":0,"item_purchase_floors":[20,20,37,37,46,46,46,53],"current_hp_per_floor":[69,55,55,53,53,53,53,53,53,53,44,50,43,43,49,19,70,70,57,57,50,42,36,32,32,32,41,53,53,40,40,49,43,75,74,61,61,61,61,61,61,57,57,59,68,68,54,44,56,18,75,75,75,32,0,0],"gold":67,"neow_bonus":"UPGRADE_CARD","is_daily":false,"chose_seed":false,"campfire_upgraded":8,"win_rate":0.0,"timestamp":1612867625,"path_taken":["M","?","?","M","?","R","$","R","T","M","E","R","E","M","R","BOSS","M","?","$","M","M","E","M","E","T","R","E","?","E","?","R","BOSS","M","?","$","?","?","M","E","M","T","E","R","$","E","M","R","BOSS","R","$","E","BOSS"],"items_purchased_type":["Card","Relic","Card","Relic","Relic","Card","Card","Card"],"build_version":"2020-12-22","purchased_purges":3,"victory":false,"max_hp_per_floor":[70,70,70,70,70,70,70,70,70,70,70,70,70,70,70,70,70,70,75,75,75,75,75,75,75,75,75,75,75,75,75,75,75,75,75,75,75,75,75,75,75,75,75,75,75,75,75,75,75,75,75,75,75,75,75,75],"card_choices":[{"not_picked":["Runesmith:ChiselStab","Runesmith:FrozenChisel"],"picked":"Runesmith:Grindstone","floor":1.0},{"not_picked":["Runesmith:Attraction","Runesmith:CraftReservo"],"picked":"Runesmith:CraftMagma","floor":4.0},{"not_picked":["Runesmith:MakeshiftArmor","Runesmith:Repurpose"],"picked":"Runesmith:Reinforce","floor":10.0},{"not_picked":["Runesmith:OneForEveryone","Runesmith:Empowerment","Runesmith:ChiselStab"],"picked":"SKIP","floor":11.0},{"not_picked":["Runesmith:CraftPrismatica","Runesmith:ShiftingStrike","Runesmith:Overpower"],"picked":"SKIP","floor":13.0},{"not_picked":["Runesmith:UnstableHammer","Runesmith:HammerThrow","Runesmith:StaticCage"],"picked":"SKIP","floor":14.0},{"not_picked":[],"picked":"Runesmith:CraftProtectio+1","floor":18.0},{"not_picked":["Runesmith:Refine"],"picked":"SKIP","floor":21.0},{"not_picked":["Runesmith:CraftMagma"],"picked":"SKIP","floor":22.0},{"not_picked":["Runesmith:HammerTime"],"picked":"SKIP","floor":23.0},{"not_picked":["Runesmith:ShiftingStrike"],"picked":"SKIP","floor":24.0},{"not_picked":["Runesmith:CraftMedicinae"],"picked":"SKIP","floor":25.0},{"not_picked":["Runesmith:HeatExchange"],"picked":"SKIP","floor":28.0},{"not_picked":[],"picked":"Runesmith:RuneHurl+1","floor":30.0},{"not_picked":[],"picked":"Runesmith:BackupBattery","floor":35.0},{"not_picked":["Runesmith:RuneHurl+1"],"picked":"SKIP","floor":39.0},{"not_picked":["Runesmith:Augment+1"],"picked":"SKIP","floor":40.0},{"not_picked":["Nirvana+1"],"picked":"SKIP","floor":41.0},{"not_picked":["Cloak And Dagger"],"picked":"SKIP","floor":42.0},{"not_picked":["Fasting2"],"picked":"SKIP","floor":44.0},{"not_picked":["Weave"],"picked":"SKIP","floor":47.0},{"not_picked":[],"picked":"Bloodletting","floor":48.0},{"not_picked":["Enlightenment"],"picked":"SKIP","floor":54.0}],"player_experience":578632,"relics_obtained":[{"floor":9.0,"key":"MawBank"},{"floor":11.0,"key":"Eternal Feather"},{"floor":13.0,"key":"Happy Flower"},{"floor":23.0,"key":"Mercury Hourglass"},{"floor":25.0,"key":"Whetstone"},{"floor":26.0,"key":"AT_ChloranthyRing"},{"floor":28.0,"key":"Letter Opener"},{"floor":30.0,"key":"Runesmith:AutoHammer"},{"floor":31.0,"key":"PreservedInsect"},{"floor":36.0,"key":"Turnip"},{"floor":41.0,"key":"Blood Vial"},{"floor":44.0,"key":"Bronze Scales"},{"floor":47.0,"key":"AT_EbonyIvory"},{"floor":54.0,"key":"Kunai"}],"event_choices":[{"damage_healed":0.0,"max_hp_gain":0.0,"max_hp_loss":0.0,"gold_gain":0.0,"event_name":"Shining Light","player_choice":"Entered Light","floor":2.0,"gold_loss":0.0,"damage_taken":14.0,"cards_upgraded":["Runesmith:CraftFirestone","Runesmith:Strike_RS"]},{"damage_healed":0.0,"max_hp_gain":0.0,"max_hp_loss":0.0,"gold_gain":0.0,"event_name":"Big Fish","player_choice":"Box","floor":3.0,"gold_loss":0.0,"damage_taken":0.0,"relics_obtained":["AT_SunfireAegis"],"cards_obtained":["Regret"]},{"damage_healed":0.0,"max_hp_gain":0.0,"max_hp_loss":0.0,"gold_gain":0.0,"event_name":"Lab","player_choice":"Got Potions","floor":5.0,"gold_loss":0.0,"damage_taken":0.0},{"damage_healed":0.0,"max_hp_gain":5.0,"max_hp_loss":0.0,"gold_gain":0.0,"event_name":"Forgotten Altar","player_choice":"Shed Blood","floor":19.0,"gold_loss":0.0,"damage_taken":18.0},{"damage_healed":0.0,"max_hp_gain":0.0,"max_hp_loss":0.0,"gold_gain":0.0,"event_name":"The Mausoleum","player_choice":"Opened","floor":29.0,"gold_loss":0.0,"damage_taken":0.0,"relics_obtained":["Calipers"],"cards_obtained":["Writhe"]},{"damage_healed":0.0,"max_hp_gain":0.0,"max_hp_loss":0.0,"gold_gain":0.0,"event_name":"Mysterious Sphere","player_choice":"Fight","floor":36.0,"gold_loss":0.0,"damage_taken":0.0},{"damage_healed":0.0,"max_hp_gain":0.0,"max_hp_loss":0.0,"gold_gain":0.0,"event_name":"Accursed Blacksmith","player_choice":"Forge","floor":38.0,"gold_loss":0.0,"damage_taken":0.0,"cards_upgraded":["Runesmith:BackupBattery"]}],"is_beta":false,"boss_relics":[{"not_picked":["Ectoplasm","Astrolabe"],"picked":"Busted Crown"},{"not_picked":["Runic Dome","Empty Cage"],"picked":"Runic Pyramid"}],"items_purged_floors":[7,20,37],"is_endless":false,"potions_floor_spawned":[1,4,13,21,22,24,30,33,35,40,44,48,54],"killed_by":"The Heart","ascension_level":4}}