{"host":"815dqs41i1y8uxms","time":1612864384,"event":{"mods":["2.2 Compatiblity","A Penny For Your Troubles","Act Like it!","BaseMod","Dark Map","Elementarium","Fox Events","Jorbs\u0027s Wanderer Trilogy","Minty Spire (QoL Compilation)","Rare Cards Sparkle","Shop Mod","Spire Arcade","StSLib","The Cursed","The Hierophant","The Jungle","The Marked","Wandering Minibosses"],"gold_per_floor":[113,63,79,90,90,133,133,133,160,183,17,17,57,70,70,190,190,208,208,231,231,231],"floor_reached":21,"language":"ENG","playtime":1493,"items_purged":[],"score":189,"play_id":"65d395d5-f301-4e45-aaee-69bcd658e26c","local_time":"20210209105304","is_ascension_mode":false,"campfire_choices":[{"floor":12,"key":"REST"},{"floor":15,"key":"REST"}],"circlet_count":0,"master_deck":["theMarked:SoldierOfQuellstein","theMarked:Electrify","theMarked:Polarize","theMarked:Convert","Injury","theMarked:Improvise","theMarked:Levitate","theMarked:GodGivenPower","theMarked:Reabsorb","theMarked:LightningStrikesTwice","theMarked:TakeOffHeels","theMarked:MuscleMemory","theMarked:Parry","theMarked:RepellingDischarge","theMarked:SelfDefenseTraining","theMarked:Standoff","theMarked:DispelDoubt","theMarked:SuspiciousRaven","theMarked:Reabsorb","theMarked:EmpowerWeapon","theMarked:Indomitable","theMarked:RepellingDischarge+1"],"relics":["theMarked:ArtifactOfAir","Golden Idol","Ancient Tea Set","PreservedInsect","MerchantsRug","theMarked:SecretDocuments","Pandora\u0027s Box"],"acts_visited":["Exordium","Exordium"],"potions_floor_usage":[6,16,21,21],"damage_taken":[{"damage":6,"enemies":"Jaw Worm","floor":1,"turns":4},{"damage":0,"enemies":"Small Slimes","floor":3,"turns":2},{"damage":1,"enemies":"Cultist","floor":4,"turns":3},{"damage":30,"enemies":"Lagavulin","floor":6,"turns":7},{"damage":0,"enemies":"Large Slime","floor":10,"turns":5},{"damage":4,"enemies":"3 Sentries","floor":13,"turns":5},{"damage":30,"enemies":"Exordium Thugs","floor":14,"turns":7},{"damage":43,"enemies":"Hexaghost","floor":16,"turns":6},{"damage":13,"enemies":"theJungle:5_Spyders","floor":18,"turns":6},{"damage":41,"enemies":"theJungle:GiantWrat","floor":20,"turns":6},{"damage":31,"enemies":"JungleHuntersEvent","floor":21,"turns":8}],"seed_played":"6872798561170171106","potions_obtained":[{"floor":4,"key":"AttackPotion"},{"floor":6,"key":"Ancient Potion"},{"floor":14,"key":"Swift Potion"},{"floor":16,"key":"Energy Potion"},{"floor":18,"key":"Ancient Potion"},{"floor":20,"key":"Dexterity Potion"}],"is_trial":false,"path_per_floor":["M","?","M","M","?","E","$","?","T","M","$","R","E","M","R","B",null,"M","?","M","?"],"character_chosen":"THE_DEFAULT","items_purchased":["MerchantsRug","theMarked:GodGivenPower"],"campfire_rested":2,"item_purchase_floors":[11,11],"current_hp_per_floor":[78,78,78,77,77,47,47,47,47,47,47,72,68,38,63,20,84,71,71,30,0,0],"gold":231,"neow_bonus":"TWENTY_PERCENT_HP_BONUS","is_daily":false,"chose_seed":false,"campfire_upgraded":0,"win_rate":0.0,"timestamp":1612864384,"path_taken":["M","?","M","M","?","E","$","?","T","M","?","R","E","M","R","BOSS","M","?","M","?"],"items_purchased_type":["Relic","Card"],"build_version":"2020-12-22","purchased_purges":0,"victory":false,"max_hp_per_floor":[84,84,84,84,84,84,84,84,84,84,84,84,84,84,84,84,84,84,84,84,84,84],"card_choices":[{"not_picked":["theMarked:TwofoldDefense","theMarked:WastefulAttack"],"picked":"theMarked:Electrify","floor":1},{"not_picked":["theMarked:Generate","theMarked:Maelstrom"],"picked":"theMarked:Polarize","floor":3},{"not_picked":["theMarked:WastefulAttack","theMarked:ShockingTouch"],"picked":"theMarked:Convert","floor":4},{"not_picked":["theMarked:RepellingDischarge","theMarked:Determination"],"picked":"theMarked:Improvise","floor":6},{"not_picked":["theMarked:ElectricStrings","theMarked:TwofoldDefense"],"picked":"theMarked:Levitate","floor":10},{"not_picked":["theMarked:TwofoldDefense","theMarked:CreepingChasm"],"picked":"theMarked:Reabsorb","floor":13},{"not_picked":["theMarked:RepellingDischarge","theMarked:ChainLightning"],"picked":"theMarked:LightningStrikesTwice","floor":14},{"not_picked":["theMarked:Defy","theMarked:BindingBlade"],"picked":"theMarked:TakeOffHeels","floor":16},{"not_picked":["theMarked:SwordAndMagic","theMarked:ParalyzingBlade"],"picked":"theMarked:Indomitable","floor":18},{"not_picked":["theMarked:MysticalArsenal","theMarked:Overcharge"],"picked":"theMarked:RepellingDischarge+1","floor":20}],"player_experience":4166483,"relics_obtained":[{"floor":6,"key":"Ancient Tea Set"},{"floor":9,"key":"PreservedInsect"},{"floor":13,"key":"theMarked:SecretDocuments"}],"event_choices":[{"cards_removed":["stsjorbsmod:Amnesia"],"damage_healed":0,"gold_gain":0,"player_choice":"Card Removal","damage_taken":0,"max_hp_gain":0,"max_hp_loss":0,"event_name":"The Cleric","floor":2,"gold_loss":50},{"damage_healed":0,"gold_gain":0,"player_choice":"Take Wound","damage_taken":0,"relics_obtained":["Golden Idol"],"max_hp_gain":0,"max_hp_loss":0,"event_name":"Golden Idol","floor":5,"gold_loss":0,"cards_obtained":["Injury"]}],"is_beta":false,"boss_relics":[{"not_picked":["Cursed Key","Busted Crown"],"picked":"Pandora\u0027s Box"}],"items_purged_floors":[],"is_endless":false,"potions_floor_spawned":[4,6,14,16,18,20],"killed_by":"JungleHuntersEvent","ascension_level":0}}