{"host":"r4aerl4ckfvw1dw3","time":1612897548,"event":{"mods":["BaseMod","BetterRewards","Minty Spire (QoL Compilation)","Quick Restart","StSLib"],"gold_per_floor":[214,233,408,4,14,39,39,73,73,93,93,93,129,152,152,281,281,301,317,341,39,59,95,120,164,189,189,189,189,207,207,207,338,338,352,55,0,0,60,60,99,99,151,185,185,38,53,68,68,68,68,68,18,51,51,51],"floor_reached":55,"language":"ENG","playtime":3526,"items_purged":["Doubt","Strike_R","Strike_R","Strike_R"],"score":1107,"play_id":"10b66928-d2fe-4fae-a568-4cbf493a1dc3","local_time":"20210209110548","is_ascension_mode":true,"campfire_choices":[{"data":"Carnage","floor":7.0,"key":"SMITH"},{"floor":11.0,"key":"REST"},{"data":"Inflame","floor":15.0,"key":"SMITH"},{"floor":27.0,"key":"RECALL"},{"floor":29.0,"key":"REST"},{"data":"Cleave","floor":32.0,"key":"SMITH"},{"data":"Sword Boomerang","floor":40.0,"key":"SMITH"},{"floor":42.0,"key":"REST"},{"data":"Whirlwind","floor":45.0,"key":"SMITH"},{"floor":49.0,"key":"REST"},{"floor":52,"key":"REST"}],"circlet_count":0,"master_deck":["Strike_R","Strike_R","Defend_R","Defend_R","Defend_R","Defend_R","Bash","Inflame+1","Heavy Blade","Carnage+1","Whirlwind+1","Shockwave+1","Cleave+1","True Grit+1","Injury","Sword Boomerang+1","Armaments+1","Impervious+1","Perfected Strike+1","Pummel+1","Battle Trance+1","Iron Wave+1","Bloodletting+1","Clothesline+1","J.A.X.+1","Carnage+1","Juggernaut","Armaments+1","Pommel Strike+1","Iron Wave+1","Limit Break+1","Panacea+1","Shockwave+1","Disarm+1","Pummel+1"],"relics":["Burning Blood","Toxic Egg 2","Orichalcum","CaptainsWheel","Golden Idol","Juzu Bracelet","SacredBark","Potion Belt","Bottled Lightning","HornCleat","Toy Ornithopter","Mark of Pain","Shuriken","Red Mask","Champion Belt","Gremlin Horn","Smiling Mask","Letter Opener","Bag of Preparation"],"acts_visited":["Exordium","TheCity","TheBeyond","TheEnding"],"potions_floor_usage":[54,54,55,55],"damage_taken":[{"damage":6.0,"enemies":"2 Louse","floor":1.0,"turns":3.0},{"damage":5.0,"enemies":"Small Slimes","floor":2.0,"turns":3.0},{"damage":7.0,"enemies":"Jaw Worm","floor":5.0,"turns":3.0},{"damage":45.0,"enemies":"3 Sentries","floor":6.0,"turns":7.0},{"damage":17.0,"enemies":"Gremlin Nob","floor":8.0,"turns":4.0},{"damage":4.0,"enemies":"3 Louse","floor":10.0,"turns":3.0},{"damage":10.0,"enemies":"3 Sentries","floor":13.0,"turns":6.0},{"damage":11.0,"enemies":"Large Slime","floor":14.0,"turns":5.0},{"damage":10.0,"enemies":"Slime Boss","floor":16.0,"turns":7.0},{"damage":12.0,"enemies":"Chosen","floor":18.0,"turns":5.0},{"damage":9.0,"enemies":"3 Byrds","floor":19.0,"turns":6.0},{"damage":12.0,"enemies":"Snake Plant","floor":20.0,"turns":4.0},{"damage":6.0,"enemies":"Centurion and Healer","floor":22.0,"turns":4.0},{"damage":25.0,"enemies":"Gremlin Leader","floor":23.0,"turns":7.0},{"damage":9.0,"enemies":"Snecko","floor":24.0,"turns":3.0},{"damage":8.0,"enemies":"Book of Stabbing","floor":25.0,"turns":4.0},{"damage":9.0,"enemies":"Chosen and Byrds","floor":30.0,"turns":5.0},{"damage":33.0,"enemies":"Collector","floor":33.0,"turns":7.0},{"damage":1.0,"enemies":"3 Shapes","floor":35.0,"turns":10.0},{"damage":24.0,"enemies":"2 Orb Walkers","floor":39.0,"turns":6.0},{"damage":61.0,"enemies":"Nemesis","floor":41.0,"turns":9.0},{"damage":3.0,"enemies":"Reptomancer","floor":44.0,"turns":5.0},{"damage":23.0,"enemies":"3 Darklings","floor":47.0,"turns":4.0},{"damage":0.0,"enemies":"4 Shapes","floor":48.0,"turns":5.0},{"damage":70,"enemies":"Awakened One","floor":50,"turns":11},{"damage":34,"enemies":"Shield and Spear","floor":54,"turns":3},{"damage":94,"enemies":"The Heart","floor":55,"turns":8}],"seed_played":"7863846993816952692","potions_obtained":[{"floor":1.0,"key":"Ancient Potion"},{"floor":6.0,"key":"DistilledChaos"},{"floor":8.0,"key":"Fire Potion"},{"floor":16.0,"key":"BloodPotion"},{"floor":18.0,"key":"BloodPotion"},{"floor":24.0,"key":"DuplicationPotion"},{"floor":25.0,"key":"Swift Potion"},{"floor":30.0,"key":"PowerPotion"},{"floor":33.0,"key":"ElixirPotion"},{"floor":47.0,"key":"Fire Potion"}],"is_trial":false,"path_per_floor":["M","M","?","$","M","E","R","E","T","M","R","?","E","M","R","B",null,"M","M","M","$","M","E","M","E","T","R","?","R","M","?","R","B",null,"M","$","?","?","?","R","E","R","T","E","R","$","M","M","R","B",null,"R","$","E","B"],"character_chosen":"IRONCLAD","items_purchased":["Toxic Egg 2","Carnage","Potion Belt","Block Potion","Shuriken","Armaments+1","Panacea+1"],"campfire_rested":5,"item_purchase_floors":[4,4,21,21,36,36,46],"current_hp_per_floor":[72,73,73,73,72,33,33,22,22,24,48,48,44,39,39,35,69,63,60,54,54,54,35,32,30,30,30,30,54,51,77,77,55,74,79,79,79,76,58,58,38,60,60,63,63,63,46,52,74,10,60,76,76,53,0,0],"gold":51,"neow_bonus":"HUNDRED_GOLD","is_daily":false,"chose_seed":false,"campfire_upgraded":5,"win_rate":0.0,"timestamp":1612897548,"path_taken":["M","M","?","$","M","E","R","E","T","M","R","?","E","M","R","BOSS","M","M","M","$","M","E","M","E","T","R","?","R","M","?","R","BOSS","M","$","?","?","?","R","E","R","T","E","R","$","M","M","R","BOSS","R","$","E","BOSS"],"items_purchased_type":["Relic","Card","Relic","Potion","Relic","Card","Card"],"build_version":"2020-12-22","purchased_purges":4,"victory":false,"max_hp_per_floor":[80,80,80,80,80,80,80,80,80,80,80,80,80,80,80,80,80,80,80,80,80,80,80,80,80,80,80,80,80,80,80,80,80,80,80,80,80,76,76,76,76,76,76,76,76,76,76,76,76,76,76,76,76,76,76,76],"card_choices":[{"not_picked":["Armaments","Thunderclap"],"picked":"Inflame","floor":1.0},{"not_picked":["Clothesline","Anger"],"picked":"Heavy Blade","floor":2.0},{"not_picked":["Dual Wield+1","Combust"],"picked":"Whirlwind","floor":5.0},{"not_picked":["Fiend Fire","Sentinel+1"],"picked":"Shockwave+1","floor":6.0},{"not_picked":["Power Through+1","Whirlwind"],"picked":"Cleave","floor":8.0},{"not_picked":["Heavy Blade","Combust"],"picked":"True Grit+1","floor":10.0},{"not_picked":["Second Wind+1","Thunderclap"],"picked":"Sword Boomerang","floor":13.0},{"not_picked":["Searing Blow","Exhume+1"],"picked":"Armaments+1","floor":14.0},{"not_picked":["Fiend Fire","Offering+1"],"picked":"Impervious+1","floor":16.0},{"not_picked":["Thunderclap+1","Flex+1"],"picked":"Perfected Strike+1","floor":18.0},{"not_picked":["Pommel Strike","Body Slam"],"picked":"Pummel+1","floor":19.0},{"not_picked":["Flex+1","Bloodletting+1"],"picked":"Battle Trance+1","floor":20.0},{"not_picked":["Headbutt","Clothesline"],"picked":"Iron Wave+1","floor":22.0},{"not_picked":["Battle Trance+1","Clash"],"picked":"Bloodletting+1","floor":23.0},{"not_picked":["Dual Wield+1","Berserk"],"picked":"Clothesline+1","floor":24.0},{"not_picked":["Anger","Heavy Blade","Evolve+1"],"picked":"SKIP","floor":25.0},{"not_picked":["Sword Boomerang","Clothesline"],"picked":"Carnage+1","floor":30.0},{"not_picked":["Brutality","Fiend Fire"],"picked":"Juggernaut","floor":33.0},{"not_picked":["Warcry+1","Flex+1","Whirlwind+1"],"picked":"SKIP","floor":35.0},{"not_picked":["Twin Strike+1","Iron Wave"],"picked":"Pommel Strike+1","floor":39.0},{"not_picked":["Bloodletting+1","Battle Trance+1"],"picked":"Iron Wave+1","floor":41.0},{"not_picked":["Havoc+1","Sword Boomerang+1"],"picked":"Limit Break+1","floor":44.0},{"not_picked":["True Grit+1","Heavy Blade"],"picked":"Shockwave+1","floor":47.0},{"not_picked":["Ghostly Armor+1","Body Slam"],"picked":"Disarm+1","floor":48.0},{"not_picked":["Whirlwind+1","Twin Strike+1"],"picked":"Pummel+1","floor":54}],"player_experience":532268,"relics_obtained":[{"floor":6.0,"key":"Orichalcum"},{"floor":8.0,"key":"CaptainsWheel"},{"floor":13.0,"key":"Juzu Bracelet"},{"floor":23.0,"key":"Bottled Lightning"},{"floor":25.0,"key":"HornCleat"},{"floor":26.0,"key":"Toy Ornithopter"},{"floor":39.0,"key":"Champion Belt"},{"floor":41.0,"key":"Gremlin Horn"},{"floor":43.0,"key":"Smiling Mask"},{"floor":44.0,"key":"Letter Opener"},{"floor":54,"key":"Bag of Preparation"}],"event_choices":[{"damage_healed":0.0,"max_hp_gain":0.0,"max_hp_loss":0.0,"gold_gain":175.0,"event_name":"Liars Game","player_choice":"AGREE","floor":3.0,"gold_loss":0.0,"damage_taken":0.0,"cards_obtained":["Doubt"]},{"damage_healed":0.0,"max_hp_gain":0.0,"max_hp_loss":0.0,"gold_gain":0.0,"event_name":"Golden Idol","player_choice":"Take Wound","floor":12.0,"gold_loss":0.0,"damage_taken":0.0,"relics_obtained":["Golden Idol"],"cards_obtained":["Injury"]},{"damage_healed":0.0,"max_hp_gain":0.0,"max_hp_loss":0.0,"gold_gain":0.0,"event_name":"Drug Dealer","player_choice":"Obtain J.A.X.","floor":28.0,"gold_loss":0.0,"damage_taken":0.0,"cards_obtained":["J.A.X."]},{"damage_healed":26.0,"max_hp_gain":0.0,"max_hp_loss":0.0,"gold_gain":0.0,"event_name":"The Library","player_choice":"Heal","floor":31.0,"gold_loss":0.0,"damage_taken":0.0},{"damage_healed":0.0,"max_hp_gain":0.0,"max_hp_loss":0.0,"gold_gain":0.0,"event_name":"Tomb of Lord Red Mask","player_choice":"Paid","floor":37.0,"gold_loss":55.0,"damage_taken":0.0,"relics_obtained":["Red Mask"]},{"damage_healed":0.0,"max_hp_gain":0.0,"max_hp_loss":4.0,"gold_gain":0.0,"event_name":"Winding Halls","player_choice":"Max HP","floor":38.0,"gold_loss":0.0,"damage_taken":0.0},{"damage_healed":0.0,"max_hp_gain":0.0,"max_hp_loss":0.0,"gold_gain":0.0,"event_name":"Mysterious Sphere","player_choice":"Fight","floor":39.0,"gold_loss":0.0,"damage_taken":0.0}],"is_beta":false,"boss_relics":[{"not_picked":["Tiny House","Ectoplasm"],"picked":"SacredBark"},{"not_picked":["Snecko Eye","Astrolabe"],"picked":"Mark of Pain"}],"items_purged_floors":[4,21,46,53],"is_endless":false,"potions_floor_spawned":[1,6,8,16,18,19,24,25,30,33,47],"killed_by":"The Heart","ascension_level":7}}