{"host":"6pfj0wha12yu6wq3","time":1612870234,"event":{"mods":["AchievementEnabler","BaseMod","Colored Map","Colored Powertips","Curses Come First","DeckTracker","Minty Spire (QoL Compilation)","RNG Fix","Relic Sorter","Relic Stats","StSLib","UnlockEverythingMod","ojb\u0027s Better Paths Mod","ojb\u0027s Info Mod"],"gold_per_floor":[114,131,32,46,64,64,90,90,90,15,48,59,94,105,105,177,177,189,204,204,214,214,248,248,278,278,305,319,347,31,81,81,152,152,172,218,243,258,94,123,123,123,150,180,199,219,219,253,253,253,253,253,253,43,73,73],"floor_reached":57,"language":"ENG","playtime":5673,"items_purged":["Defend_G","Defend_G","Defend_G"],"score":3226,"play_id":"c02ffec5-b3aa-409f-ae69-8c1ebb1bcf6d","local_time":"20210209063034","is_ascension_mode":true,"campfire_choices":[{"data":"Phantasmal Killer","floor":6.0,"key":"SMITH"},{"data":"Predator","floor":8.0,"key":"SMITH"},{"data":"Terror","floor":15.0,"key":"SMITH"},{"data":"Ghostly","floor":24.0,"key":"SMITH"},{"data":"Burst","floor":32.0,"key":"SMITH"},{"floor":41,"key":"RECALL"},{"data":"Well Laid Plans","floor":47,"key":"SMITH"},{"data":"Wraith Form v2","floor":49,"key":"SMITH"},{"data":"Tactician","floor":53,"key":"SMITH"}],"circlet_count":0,"master_deck":["AscendersBane","Strike_G","Strike_G","Strike_G","Strike_G+1","Strike_G","Defend_G","Defend_G","Survivor","Neutralize","Phantasmal Killer+1","Terror+1","Predator+1","Blade Dance","Quick Slash+1","Dash","Dash","Terror","After Image","Dagger Throw+1","Calculated Gamble","Ghostly+1","Ghostly","Ghostly","Tools of the Trade","Burst+1","Tactician","Acrobatics+1","Ghostly+1","Backflip","Malaise","Prepared+1","Backflip+1","Wraith Form v2+1","Well Laid Plans+1","Envenom","Tactician+1","Reflex","Clumsy","Concentrate","PiercingWail","Expertise","Acrobatics","Infinite Blades+1"],"relics":["Ring of the Snake","Dream Catcher","Calipers","Omamori","Bronze Scales","Pear","Cursed Key","Orichalcum","TungstenRod","Ornamental Fan","White Beast Statue","Vajra","Whetstone","DollysMirror","Coffee Dripper","Gambling Chip","Prayer Wheel","Orrery","PreservedInsect","Singing Bowl","Blood Vial"],"acts_visited":["Exordium","TheCity","TheBeyond","TheEnding"],"potions_floor_usage":[33,36,50,56,56],"damage_taken":[{"damage":0.0,"enemies":"Small Slimes","floor":1.0,"turns":2.0},{"damage":2.0,"enemies":"Jaw Worm","floor":2.0,"turns":3.0},{"damage":0.0,"enemies":"2 Louse","floor":4.0,"turns":3.0},{"damage":1.0,"enemies":"Large Slime","floor":5.0,"turns":3.0},{"damage":0.0,"enemies":"Lagavulin","floor":7.0,"turns":4.0},{"damage":2.0,"enemies":"Gremlin Nob","floor":11.0,"turns":3.0},{"damage":7.0,"enemies":"3 Louse","floor":12.0,"turns":2.0},{"damage":5.0,"enemies":"Lagavulin","floor":13.0,"turns":5.0},{"damage":1.0,"enemies":"Blue Slaver","floor":14.0,"turns":3.0},{"damage":13.0,"enemies":"Slime Boss","floor":16.0,"turns":5.0},{"damage":7.0,"enemies":"2 Thieves","floor":18.0,"turns":4.0},{"damage":2.0,"enemies":"3 Byrds","floor":19.0,"turns":2.0},{"damage":0.0,"enemies":"Centurion and Healer","floor":21.0,"turns":5.0},{"damage":9.0,"enemies":"Book of Stabbing","floor":23.0,"turns":5.0},{"damage":6.0,"enemies":"Slavers","floor":25.0,"turns":5.0},{"damage":16.0,"enemies":"Book of Stabbing","floor":27.0,"turns":4.0},{"damage":4.0,"enemies":"Snecko","floor":28.0,"turns":5.0},{"damage":0.0,"enemies":"Gremlin Leader","floor":29.0,"turns":5.0},{"damage":8,"enemies":"Automaton","floor":33,"turns":10},{"damage":0,"enemies":"Orb Walker","floor":35,"turns":3},{"damage":17,"enemies":"2 Orb Walkers","floor":36,"turns":4},{"damage":0,"enemies":"Mind Bloom Boss Battle","floor":37,"turns":6},{"damage":0,"enemies":"3 Shapes","floor":38,"turns":6},{"damage":0,"enemies":"Giant Head","floor":40,"turns":6},{"damage":0,"enemies":"Nemesis","floor":44,"turns":7},{"damage":0,"enemies":"Writhing Mass","floor":45,"turns":4},{"damage":0,"enemies":"4 Shapes","floor":46,"turns":5},{"damage":0,"enemies":"Giant Head","floor":48,"turns":6},{"damage":4,"enemies":"Time Eater","floor":50,"turns":14},{"damage":0,"enemies":"Awakened One","floor":51,"turns":12},{"damage":0,"enemies":"Shield and Spear","floor":55,"turns":7},{"damage":1,"enemies":"The Heart","floor":56,"turns":12}],"seed_played":"-8330059183950555990","potions_obtained":[{"floor":1.0,"key":"AttackPotion"},{"floor":12.0,"key":"GamblersBrew"},{"floor":13.0,"key":"SkillPotion"},{"floor":16.0,"key":"Explosive Potion"},{"floor":21.0,"key":"Weak Potion"},{"floor":23.0,"key":"Fire Potion"},{"floor":27.0,"key":"BlessingOfTheForge"},{"floor":29.0,"key":"Regen Potion"},{"floor":33,"key":"DuplicationPotion"},{"floor":35,"key":"LiquidMemories"},{"floor":36,"key":"Weak Potion"},{"floor":37,"key":"GamblersBrew"}],"is_trial":false,"path_per_floor":["M","M","?","M","M","R","E","R","T","$","E","M","E","M","R","B",null,"M","M","?","M","?","E","R","E","T","E","M","E","$","?","R","B",null,"M","?","?","M","$","E","R","?","T","E","M","M","R","E","R","B","B",null,"R","$","E","B",null],"character_chosen":"THE_SILENT","items_purchased":["DollysMirror","Backflip","Orrery","DuplicationPotion"],"campfire_rested":0,"item_purchase_floors":[30,30,39,54],"current_hp_per_floor":[59,57,57,57,56,56,56,56,56,56,54,47,52,51,51,38,67,60,58,38,38,38,29,29,23,23,7,3,3,3,3,3,10,31,31,14,14,14,14,14,14,14,14,14,16,16,16,16,16,12,12,33,33,33,35,36],"gold":73,"neow_bonus":"ONE_RANDOM_RARE_CARD","is_daily":false,"chose_seed":false,"campfire_upgraded":8,"win_rate":0.0,"timestamp":1612870234,"path_taken":["M","M","?","M","M","R","E","R","T","?","E","M","E","M","R","BOSS","M","M","?","?","?","E","R","E","T","E","M","E","$","?","R","BOSS","M","?","?","M","$","E","R","?","T","E","?","M","R","E","R","BOSS","BOSS","R","$","E","BOSS"],"items_purchased_type":["Relic","Card","Relic","Potion"],"build_version":"2020-12-22","purchased_purges":3,"victory":true,"max_hp_per_floor":[66,66,66,66,66,66,66,66,66,66,66,66,76,76,76,76,76,76,76,38,38,38,38,38,38,38,38,38,38,38,38,38,38,38,38,38,38,38,38,38,38,38,38,38,40,40,40,40,40,40,40,40,40,40,42,42],"relic_stats":{"Singing Bowl":4,"counters":[32,170],"PreservedInsect":257,"Whetstone":["Strike_G","Quick Slash"],"Orichalcum":[120],"Cursed Key":2,"Blood Vial":2,"Dream Catcher":0,"Ornamental Fan":[272],"Bronze Scales":[658],"Gambling Chip":[56],"Prayer Wheel":3,"obtain_stats":[{"Calipers":7,"Pear":13,"Singing Bowl":44,"Vajra":27,"PreservedInsect":40,"Omamori":9,"Whetstone":29,"Orichalcum":22,"Cursed Key":17,"White Beast Statue":26,"Blood Vial":55,"Dream Catcher":3,"Ornamental Fan":25,"DollysMirror":30,"Bronze Scales":11,"Gambling Chip":36,"Orrery":39,"Prayer Wheel":37,"Coffee Dripper":34,"TungstenRod":23,"Ring of the Snake":0},{"Calipers":5,"Pear":8,"Singing Bowl":25,"Vajra":16,"PreservedInsect":24,"Omamori":5,"Whetstone":18,"Orichalcum":13,"Cursed Key":10,"White Beast Statue":15,"Blood Vial":31,"Dream Catcher":2,"Ornamental Fan":15,"DollysMirror":18,"Bronze Scales":6,"Gambling Chip":21,"Orrery":23,"Prayer Wheel":22,"Coffee Dripper":19,"TungstenRod":14,"Ring of the Snake":0},{"Calipers":15,"Pear":25,"Singing Bowl":110,"Vajra":58,"PreservedInsect":103,"Omamori":15,"Whetstone":68,"Orichalcum":44,"Cursed Key":33,"White Beast Statue":54,"Blood Vial":158,"Dream Catcher":5,"Ornamental Fan":54,"DollysMirror":68,"Bronze Scales":18,"Gambling Chip":85,"Orrery":97,"Prayer Wheel":91,"Coffee Dripper":78,"TungstenRod":49,"Ring of the Snake":0}],"TungstenRod":60,"Ring of the Snake":[64]},"card_choices":[{"not_picked":["Endless Agony","Choke"],"picked":"Terror","floor":1.0},{"not_picked":["Bane","Outmaneuver"],"picked":"Predator","floor":2.0},{"not_picked":["Riddle With Holes","Flying Knee"],"picked":"Blade Dance","floor":4.0},{"not_picked":["Sucker Punch","Backflip","Night Terror"],"picked":"SKIP","floor":5.0},{"not_picked":["Distraction","Backflip"],"picked":"Quick Slash","floor":7.0},{"not_picked":["Choke","Acrobatics"],"picked":"Dash","floor":11.0},{"not_picked":["Deadly Poison","Bouncing Flask","Cloak And Dagger"],"picked":"SKIP","floor":12.0},{"not_picked":["Eviscerate","Dagger Throw"],"picked":"Dash","floor":13.0},{"not_picked":["Backflip","Dodge and Roll"],"picked":"Terror","floor":14.0},{"not_picked":["Doppelganger","Venomology"],"picked":"After Image","floor":16.0},{"not_picked":["Poisoned Stab","Blur"],"picked":"Dagger Throw+1","floor":18.0},{"not_picked":["Backflip","Prepared"],"picked":"Calculated Gamble","floor":19.0},{"not_picked":["Setup","Riddle With Holes","Outmaneuver"],"picked":"SKIP","floor":21.0},{"not_picked":["Cloak And Dagger","Dodge and Roll","Caltrops"],"picked":"SKIP","floor":23.0},{"not_picked":["Cloak And Dagger","Dodge and Roll","Caltrops"],"picked":"SKIP","floor":23.0},{"not_picked":["Reflex","Deflect"],"picked":"Tools of the Trade","floor":25.0},{"not_picked":["Masterful Stab","Slice"],"picked":"Burst","floor":27.0},{"not_picked":["PiercingWail","Footwork"],"picked":"Tactician","floor":28.0},{"not_picked":["Well Laid Plans","Endless Agony+1"],"picked":"Acrobatics+1","floor":29.0},{"not_picked":["Glass Knife","Unload"],"picked":"Malaise","floor":33},{"not_picked":["Outmaneuver","Deadly Poison"],"picked":"Prepared+1","floor":35},{"not_picked":["Deflect","Blade Dance"],"picked":"Backflip+1","floor":37},{"not_picked":["Choke+1","Accuracy","Quick Slash"],"picked":"SKIP","floor":38},{"not_picked":["Deflect","Endless Agony","Outmaneuver"],"picked":"SKIP","floor":38},{"not_picked":["Flying Knee","Underhanded Strike"],"picked":"Wraith Form v2","floor":39},{"not_picked":["Poisoned Stab","Tactician+1"],"picked":"Well Laid Plans","floor":39},{"not_picked":["Quick Slash","Deadly Poison+1"],"picked":"Envenom","floor":39},{"not_picked":["Flying Knee","Prepared"],"picked":"Tactician","floor":39},{"not_picked":["Tactician","Poisoned Stab+1"],"picked":"Reflex","floor":40},{"not_picked":["Dash","Catalyst"],"picked":"Concentrate","floor":44},{"not_picked":["Prepared","Endless Agony"],"picked":"PiercingWail","floor":45},{"not_picked":["Choke+1","Deflect","Underhanded Strike"],"picked":"Singing Bowl","floor":45},{"not_picked":["Cloak And Dagger+1","Dodge and Roll+1"],"picked":"Expertise","floor":46},{"not_picked":["Sucker Punch","Dagger Throw"],"picked":"Acrobatics","floor":46},{"not_picked":["PiercingWail","Deflect+1"],"picked":"Infinite Blades+1","floor":48},{"not_picked":["Bouncing Flask","Choke","Envenom"],"picked":"Singing Bowl","floor":55}],"player_experience":695895,"relics_obtained":[{"floor":7.0,"key":"Calipers"},{"floor":9.0,"key":"Omamori"},{"floor":11.0,"key":"Bronze Scales"},{"floor":13.0,"key":"Pear"},{"floor":23.0,"key":"TungstenRod"},{"floor":25.0,"key":"Ornamental Fan"},{"floor":26.0,"key":"White Beast Statue"},{"floor":27.0,"key":"Vajra"},{"floor":29.0,"key":"Whetstone"},{"floor":36,"key":"Gambling Chip"},{"floor":37,"key":"Prayer Wheel"},{"floor":40,"key":"PreservedInsect"},{"floor":44,"key":"Singing Bowl"},{"floor":55,"key":"Blood Vial"}],"event_choices":[{"damage_healed":0.0,"max_hp_gain":0.0,"max_hp_loss":0.0,"gold_gain":0.0,"event_name":"WeMeetAgain","player_choice":"Paid Gold","floor":3.0,"gold_loss":99.0,"damage_taken":0.0,"relics_obtained":["Dream Catcher"]},{"damage_healed":0.0,"max_hp_gain":0.0,"max_hp_loss":38.0,"gold_gain":0.0,"event_name":"Ghosts","player_choice":"Became a Ghost","floor":20.0,"gold_loss":0.0,"damage_taken":0.0,"cards_obtained":["Ghostly","Ghostly","Ghostly"]},{"damage_healed":0.0,"max_hp_gain":0.0,"max_hp_loss":0.0,"gold_gain":0.0,"event_name":"The Mausoleum","player_choice":"Opened","floor":22.0,"gold_loss":0.0,"damage_taken":0.0,"relics_obtained":["Orichalcum"],"cards_obtained":["Writhe"]},{"damage_healed":0.0,"max_hp_gain":0.0,"max_hp_loss":0.0,"gold_gain":50.0,"event_name":"Nest","player_choice":"Stole From Cult","floor":31.0,"gold_loss":0.0,"damage_taken":0.0},{"damage_healed":0,"gold_gain":0,"player_choice":"Fight","damage_taken":0,"max_hp_gain":0,"max_hp_loss":0,"event_name":"Mysterious Sphere","floor":36,"gold_loss":0},{"damage_healed":0,"gold_gain":0,"player_choice":"Fight","damage_taken":0,"max_hp_gain":0,"max_hp_loss":0,"event_name":"MindBloom","floor":37,"gold_loss":0},{"damage_healed":0,"gold_gain":0,"player_choice":"Ignored","damage_taken":0,"max_hp_gain":0,"max_hp_loss":0,"event_name":"Tomb of Lord Red Mask","floor":42,"gold_loss":0}],"is_beta":false,"boss_relics":[{"not_picked":["Black Star","SacredBark"],"picked":"Cursed Key"},{"not_picked":["Sozu","Velvet Choker"],"picked":"Coffee Dripper"}],"items_purged_floors":[10,30,54],"is_endless":false,"potions_floor_spawned":[1,12,13,16,21,23,27,28,29,33,35,36,37,38,40,44,45,46,48,55],"ascension_level":20}}