{"host":"121m0oxswv9tg9hk","time":1612883562,"event":{"mods":["AchievementEnabler","BaseMod","Better Third Choice","Downfall","Minty Spire (QoL Compilation)","StSLib"],"gold_per_floor":[99,114,132,151,151,164,191,191,217,237,250,275,298,335,360,469,481,393,422,384,213,213,227,250,265,30,49,59,59,59,59,73,173,173,73,90,103,88,88,88,88,255,270,320,349,349,249,279,297,297,297,297,297,297],"floor_reached":52,"language":"ENG","playtime":5424,"items_purged":["champ:Defend","champ:Defend"],"score":908,"play_id":"c7989300-6e2e-4edd-afcf-617984f653ce","local_time":"20210209161242","is_ascension_mode":true,"campfire_choices":[{"data":"champ:Taunt","floor":1,"key":"SMITH"},{"data":"champ:Backstep","floor":8,"key":"SMITH"},{"data":"champ:StrikeOfGenius","floor":18,"key":"SMITH"},{"floor":30,"key":"RECALL"},{"data":"champ:FancyFootwork","floor":35,"key":"SMITH"},{"data":"champ:RageSigil","floor":40,"key":"SMITH"},{"data":"champ:FancyFootwork","floor":47,"key":"SMITH"}],"circlet_count":0,"master_deck":["champ:Defend","champ:Defend","champ:Execute+1","champ:Taunt+1","champ:SkillfulDodge","champ:FlashCut","champ:BringItOn","champ:Backstep+1","champ:FanOfKnives+1","champ:ShieldWall","champ:ArenaPreparation","champ:EnchantShield","champ:TornadoPunch","champ:StrikeOfGenius+1","champ:DefensiveShout+1","champ:RageSigil+1","expansioncontent:Chronoboost","champ:FlashCut+1","champ:Circumvent+1","champ:GladiatorForm","champ:FancyFootwork+1","champ:ShieldSigil+1","Bite","Bite","Bite","Bite","Bite","champ:EnchantCrown","champ:Duel","champ:FancyFootwork+1","champ:BladeFlurry+1"],"relics":["champ:ChampionCrown","CultistMask","Akabeko","MawBank","champ:PowerArmor","downfall:HeartBlessingGreen","downfall:RedIOU","Whetstone","Guardian:BottledAnomaly","Sozu","downfall:HeartBlessingBlue","TungstenRod","Du-Vu Doll","Meat on the Bone","downfall:HeartBlessingRed","bronze:DecasWashers"],"acts_visited":["Exordium","TheCity","TheBeyond","TheEnding"],"potions_floor_usage":[9,10,15,25,28,32,33,38],"damage_taken":[{"damage":10,"enemies":"Cultist","floor":2,"turns":4},{"damage":10,"enemies":"Small Slimes","floor":3,"turns":3},{"damage":0,"enemies":"2 Louse","floor":4,"turns":3},{"damage":21,"enemies":"Large Slime","floor":6,"turns":4},{"damage":20,"enemies":"3 Sentries","floor":9,"turns":7},{"damage":1,"enemies":"2 Fungi Beasts","floor":10,"turns":2},{"damage":3,"enemies":"Blue Slaver","floor":11,"turns":3},{"damage":16,"enemies":"Gremlin Nob","floor":12,"turns":4},{"damage":10,"enemies":"2 Fungi Beasts","floor":13,"turns":3},{"damage":25,"enemies":"3 Sentries","floor":14,"turns":10},{"damage":25,"enemies":"3 Louse","floor":15,"turns":1},{"damage":49,"enemies":"SI_SHIV_ARCHETYPE","floor":16,"turns":11},{"damage":10,"enemies":"Shell Parasite","floor":19,"turns":4},{"damage":20,"enemies":"downfall:FleeingMerchant","floor":21,"turns":4},{"damage":27,"enemies":"Spheric Guardian","floor":23,"turns":4},{"damage":26,"enemies":"Cultist and Chosen","floor":25,"turns":5},{"damage":10,"enemies":"downfall:FleeingMerchant","floor":26,"turns":4},{"damage":19,"enemies":"3 Cultists","floor":27,"turns":5},{"damage":20,"enemies":"Chosen and Byrds","floor":28,"turns":4},{"damage":5,"enemies":"Cultist and Chosen","floor":32,"turns":5},{"damage":93,"enemies":"IC_MUSHROOM_ARCHETYPE","floor":33,"turns":10},{"damage":22,"enemies":"Orb Walker","floor":36,"turns":3},{"damage":66,"enemies":"3 Darklings","floor":37,"turns":7},{"damage":30,"enemies":"downfall:FleeingMerchant","floor":38,"turns":4},{"damage":0,"enemies":"downfall:FleeingMerchant","floor":42,"turns":1},{"damage":23,"enemies":"4 Shapes","floor":43,"turns":4},{"damage":32,"enemies":"4 Shapes","floor":44,"turns":5},{"damage":83,"enemies":"Giant Head","floor":45,"turns":8},{"damage":34,"enemies":"Reptomancer","floor":48,"turns":7},{"damage":69,"enemies":"Spire Growth","floor":49,"turns":5},{"damage":62,"enemies":"DF_ARCHETYPE_ORBS","floor":50,"turns":10},{"damage":150,"enemies":"downfall:CharBossMerchant","floor":52,"turns":8}],"seed_played":"1019871639054796156","potions_obtained":[{"floor":2,"key":"champ:TechniquePotion"},{"floor":4,"key":"Energy Potion"},{"floor":6,"key":"champ:UltimateStancePotion"},{"floor":12,"key":"champ:TechniquePotion"},{"floor":16,"key":"GamblersBrew"},{"floor":23,"key":"Fire Potion"},{"floor":27,"key":"FearPotion"},{"floor":28,"key":"Guardian:BlockOnCardUsePotion"},{"floor":32,"key":"FearPotion"},{"floor":33,"key":"PowerPotion"}],"is_trial":false,"path_per_floor":["R","M","M","M","?","M","T","R","E","M","M","E","M","E","M","B",null,"R","M","?","$","?","M","T","M","$","M","M","?","R","?","M","B",null,"R","M","M","$","?","R","T","$","M","?","E","?","R","E","M","B",null,"E"],"character_chosen":"THE_CHAMP","items_purchased":["expansioncontent:Chronoboost","champ:GladiatorForm","Guardian:BottledAnomaly","champ:FancyFootwork"],"campfire_rested":0,"item_purchase_floors":[21,26,26,42],"current_hp_per_floor":[90,90,90,90,90,89,89,89,79,78,75,69,69,64,64,45,79,79,79,90,90,90,83,83,77,77,68,68,62,62,62,62,42,57,67,61,56,70,70,70,70,70,72,72,65,65,65,69,47,62,70,0,0,0],"gold":297,"neow_bonus":"UPGRADE_CARD","is_daily":false,"chose_seed":false,"campfire_upgraded":6,"win_rate":0.0,"timestamp":1612883562,"path_taken":["R","M","M","M","?","M","T","R","E","M","M","E","?","E","M","BOSS","R","M","?","$","?","M","T","M","$","M","M","?","R","?","M","BOSS","R","M","M","$","?","R","T","$","M","?","E","?","R","E","M","BOSS","E"],"items_purchased_type":["Card","Card","Relic","Card"],"build_version":"2020-12-22","purchased_purges":2,"victory":false,"max_hp_per_floor":[90,90,90,90,90,90,90,90,90,90,90,90,90,90,90,90,90,90,90,90,90,90,90,90,90,90,90,90,62,62,62,62,62,62,72,72,72,72,72,72,72,72,72,72,72,72,72,72,72,72,72,72,72,72],"card_choices":[{"not_picked":["champ:Circumvent","champ:PerfectedStrike"],"picked":"champ:SkillfulDodge","floor":2},{"not_picked":["champ:RecklessLeap","champ:StanceDance"],"picked":"champ:FlashCut","floor":3},{"not_picked":["champ:FlashCut","champ:BladeFlurry"],"picked":"champ:BringItOn","floor":4},{"not_picked":["champ:BerserkersShout","champ:RecklessLeap"],"picked":"champ:Backstep","floor":6},{"not_picked":["champ:Encircle","champ:Haymaker"],"picked":"champ:FanOfKnives","floor":9},{"not_picked":["champ:StanceDance","champ:FocusedDefense","champ:RisingSlash"],"picked":"SKIP","floor":10},{"not_picked":["champ:StanceDance","champ:EnGarde"],"picked":"champ:ShieldWall","floor":11},{"not_picked":["champ:BladeFlurry","champ:HeartStrike"],"picked":"champ:ArenaPreparation","floor":12},{"not_picked":["champ:RisingSlash","champ:AdrenalArmor"],"picked":"champ:EnchantShield","floor":13},{"not_picked":["champ:BladeFlurry","champ:RisingSlash"],"picked":"champ:TornadoPunch","floor":14},{"not_picked":["champ:CrookedStrike","champ:Haymaker","champ:Backstep"],"picked":"SKIP","floor":15},{"not_picked":["champ:LastStand","champ:HoldFirm"],"picked":"champ:StrikeOfGenius","floor":16},{"not_picked":["champ:GladiatorStyle+1","champ:Haymaker+1"],"picked":"champ:DefensiveShout+1","floor":19},{"not_picked":["champ:TornadoPunch","champ:DefensiveStyle"],"picked":"champ:RageSigil","floor":21},{"not_picked":["champ:Duel","champ:BerserkersShout","champ:EnragedBash"],"picked":"SKIP","floor":23},{"not_picked":["champ:GutPunch","champ:TornadoPunch"],"picked":"champ:FlashCut+1","floor":25},{"not_picked":["champ:PreemptiveStrike+1","champ:SetATrap+1"],"picked":"champ:Circumvent+1","floor":26},{"not_picked":["champ:Circumvent","champ:EndlessRage"],"picked":"champ:FancyFootwork","floor":27},{"not_picked":["champ:BerserkersShout","champ:FanOfKnives+1"],"picked":"champ:ShieldSigil+1","floor":28},{"not_picked":["champ:Shatter","champ:DeathBlow","champ:Backstep"],"picked":"SKIP","floor":32},{"not_picked":["champ:ShieldThrow","champ:StrikeOfGenius"],"picked":"champ:EnchantCrown","floor":33},{"not_picked":["champ:FanOfKnives+1","champ:Encircle+1","champ:FocusedBerserking"],"picked":"SKIP","floor":36},{"not_picked":["champ:RapidStrikes","champ:ViciousMockery","champ:Endure+1"],"picked":"SKIP","floor":37},{"not_picked":["champ:Haymaker","champ:ShieldThrow","champ:FocusedDefense"],"picked":"SKIP","floor":38},{"not_picked":["champ:DefensiveStyle","champ:BerserkersShout"],"picked":"champ:Duel","floor":42},{"not_picked":["champ:Circumvent+1","champ:CrownThrow+1","champ:RecklessLeap+1"],"picked":"SKIP","floor":43},{"not_picked":["champ:SteelEdge","champ:EnGarde+1"],"picked":"champ:BladeFlurry+1","floor":45},{"not_picked":["champ:PreciseThrust+1","champ:Shatter","champ:EnGarde+1"],"picked":"SKIP","floor":48},{"not_picked":["champ:CrownThrow+1","champ:PerfectedStrike","champ:GutPunch+1"],"picked":"SKIP","floor":49}],"player_experience":2657091,"relics_obtained":[{"floor":9,"key":"Akabeko"},{"floor":12,"key":"MawBank"},{"floor":14,"key":"sneckomod:BlankCard"},{"floor":24,"key":"Whetstone"},{"floor":41,"key":"TungstenRod"},{"floor":44,"key":"Du-Vu Doll"},{"floor":45,"key":"Meat on the Bone"},{"floor":48,"key":"bronze:DecasWashers"}],"event_choices":[{"damage_healed":0,"gold_gain":0,"player_choice":"Trade","damage_taken":0,"relics_obtained":["CultistMask"],"max_hp_gain":0,"max_hp_loss":0,"event_name":"FaceTrader","floor":5,"gold_loss":0},{"damage_healed":0,"gold_gain":0,"player_choice":"Became a vampire","damage_taken":0,"max_hp_gain":0,"max_hp_loss":28,"event_name":"Vampires","floor":29,"gold_loss":0,"cards_obtained":["Bite","Bite","Bite","Bite","Bite"]},{"damage_healed":0,"gold_gain":0,"player_choice":"Ignored","damage_taken":0,"max_hp_gain":0,"max_hp_loss":0,"event_name":"Mysterious Sphere","floor":39,"gold_loss":0}],"is_beta":false,"boss_relics":[{"not_picked":["Black Star","sneckomod:SneckoTalon"],"picked":"champ:PowerArmor"},{"not_picked":["SlaversCollar","Empty Cage"],"picked":"Sozu"}],"items_purged_floors":[21,42],"is_endless":false,"potions_floor_spawned":[2,4,6,12,16,23,27,28,32,33,36,43,44,45,48],"killed_by":"downfall:CharBossMerchant","ascension_level":5}}