{"host":"adt9pv9dmmkchns7","time":1612893311,"event":{"mods":["AchievementEnabler","Aspiration","BaseMod","Beaked The Cultist","Better Third Choice","Curses Come First","Energized Spire","Minty Spire (QoL Compilation)","Permanent Neow","Potionbrewer","Quick Restart","Replay The Spire","Robot Space Explorer","Shade Mod","Spicy Shops","StSLib","The Blackbeard","The Cursed","The Forsaken","The Gatherer","The Necromancer","Wandering Minibosses"],"gold_per_floor":[119,130,149,149,149,149,149,179,66,66,66,66,112,174,174,223,223,355,355,357,394,439,482,76,127,127,183,210,221,221,251,297,338,338,466,466,480,499,534,550,73,125,225,252,252,307,357,400,460,501,501,516,516,516,12,66,96],"floor_reached":58,"language":"ENG","playtime":6617,"items_purged":["Doubt","ReplayTheSpireMod:Splinters"],"score":1589,"play_id":"3164a384-b309-495e-8f94-e38312ccfee8","local_time":"20210209185511","is_ascension_mode":true,"campfire_choices":[{"floor":10,"key":"RECALL"},{"data":"blackbeard:Bandana","floor":12,"key":"SMITH"},{"data":"blackbeard:PirateHook","floor":15,"key":"SMITH"},{"data":"blackbeard:IntimidatingStrike","floor":17,"key":"SMITH"},{"data":"blackbeard:CaptainsHat","floor":26,"key":"SMITH"},{"data":"ReplayUltimateDefense","floor":51,"key":"SMITH"},{"data":"blackbeard:CaptainsHat","floor":54,"key":"SMITH"}],"circlet_count":0,"master_deck":["blackbeard:BlackbeardStrike","blackbeard:BlackbeardStrike","blackbeard:BlackbeardStrike","blackbeard:BlackbeardStrike","blackbeard:IntimidatingStrike+1","blackbeard:BlackbeardDefend+1","blackbeard:BlackbeardDefend+1","blackbeard:BlackbeardDefend","blackbeard:BlackbeardDefend","blackbeard:Cutlass","blackbeard:TacticalRetreat","blackbeard:FishingNets","blackbeard:DelayedPain","blackbeard:GoldenDefense","blackbeard:Bandana+1","blackbeard:PirateHook+1","blackbeard:DoubleCannonball","blackbeard:Lifeboat+1","blackbeard:RemoveScurvy","blackbeard:PirateStrength+1","blackbeard:FieryDefense","blackbeard:Dagger","blackbeard:PiratesWill","blackbeard:GoldenStrike","blackbeard:CaptainsHat+1","blackbeard:CloakAndCannonball","ReplayUltimateDefense+1","ReplayTheSpireMod:Private Reserves","Master of Strategy","blackbeard:GoldenRain","blackbeard:WeaponProficiency","blackbeard:ReapersScythe","blackbeard:InfiniteBarrage+1","blackbeard:Upgrade+1","blackbeard:CloakAndCannonball+1","blackbeard:GoldenRain","AbeCurse","blackbeard:Fencing+1","blackbeard:DoubleBottom+1","blackbeard:CatONineTails+1","blackbeard:BlindAttacks+1","blackbeard:CaptainsHat+1","blackbeard:GoldenStrike","blackbeard:Provisioning","blackbeard:PirateEarring+1","blackbeard:CaptainsCabin+1","blackbeard:PiratesWill+1","blackbeard:GoldenStrike","blackbeard:Rum","Apotheosis","blackbeard:BlindAttacks+1"],"relics":["blackbeard:LoadTheCannons","aspiration:Nostalgia","Sizzling Blood","Replay:Wax Seal","Onion Ring","energizedSpire:SpiderWeb","ReplayTheSpireMod:ShopPack","Darkstone Periapt","Bottled Lightning","aspiration:ArtOfWarUpgrade","Turnip","Abe\u0027s Treasure","Kunai","HandDrill","potionbrewer:Keyblade","ReplayTheSpireMod:TigerMarble","Potion Belt","blackbeard:WhitePearl","Replay:Mystery Machine","Eternal Feather","Replay:Rubber Ducky","Guide Book","Counterbalance"],"acts_visited":["Exordium","TheCity","TheBeyond","TheEnding"],"potions_floor_usage":[8,14,18,20,22,25,31,42,44,46,52,57,57,57,57,57,57],"damage_taken":[{"damage":0,"enemies":"2 Louse","floor":1,"turns":2},{"damage":0,"enemies":"Jaw Worm","floor":2,"turns":3},{"damage":1,"enemies":"Cultist","floor":3,"turns":4},{"damage":2,"enemies":"Lagavulin","floor":8,"turns":7},{"damage":9,"enemies":"Large Slime","floor":13,"turns":7},{"damage":21,"enemies":"3 Sentries","floor":14,"turns":7},{"damage":3,"enemies":"Lots of Slimes","floor":16,"turns":4},{"damage":15,"enemies":"The Guardian","floor":18,"turns":9},{"damage":12,"enemies":"2 Thieves","floor":20,"turns":4},{"damage":19,"enemies":"3 Byrds","floor":21,"turns":6},{"damage":11,"enemies":"Snecko","floor":22,"turns":5},{"damage":17,"enemies":"Cultist and Chosen","floor":23,"turns":6},{"damage":13,"enemies":"Slavers","floor":25,"turns":5},{"damage":8,"enemies":"Gremlin Leader","floor":27,"turns":7},{"damage":4,"enemies":"Snake Plant","floor":29,"turns":4},{"damage":13,"enemies":"Book of Stabbing","floor":31,"turns":4},{"damage":2,"enemies":"Sentry and Sphere","floor":32,"turns":6},{"damage":0,"enemies":"Centurion and Healer","floor":33,"turns":5},{"damage":37,"enemies":"Collector","floor":35,"turns":9},{"damage":0,"enemies":"Orb Walker","floor":37,"turns":2},{"damage":13,"enemies":"3 Shapes","floor":38,"turns":5},{"damage":9,"enemies":"Writhing Mass","floor":39,"turns":4},{"damage":8,"enemies":"Jaw Worm Horde","floor":40,"turns":4},{"damage":11,"enemies":"Giant Head","floor":42,"turns":4},{"damage":30,"enemies":"Nemesis","floor":44,"turns":7},{"damage":7,"enemies":"Reptomancer","floor":46,"turns":3},{"damage":14,"enemies":"3 Darklings","floor":47,"turns":4},{"damage":10,"enemies":"Nemesis","floor":49,"turns":5},{"damage":0,"enemies":"Spire Growth","floor":50,"turns":3},{"damage":0,"enemies":"Time Eater","floor":52,"turns":7},{"damage":0,"enemies":"Shield and Spear","floor":56,"turns":6},{"damage":1,"enemies":"The Heart","floor":57,"turns":6}],"seed_played":"-6958402369947967104","potions_obtained":[{"floor":2,"key":"FearPotion"},{"floor":13,"key":"Swift Potion"},{"floor":14,"key":"DuplicationPotion"},{"floor":16,"key":"LifebloodPotion"},{"floor":20,"key":"LiquidMemories"},{"floor":23,"key":"potionbrewer:BoundlessPotion"},{"floor":25,"key":"potionbrewer:ToxicPotion"},{"floor":31,"key":"Elixir"},{"floor":32,"key":"blackbeard:RumPotion"},{"floor":37,"key":"potionbrewer:ToxicPotion"},{"floor":42,"key":"Block Potion"},{"floor":44,"key":"SneckoOil"},{"floor":48,"key":"FairyPotion"},{"floor":49,"key":"potionbrewer:BoundlessPotion"}],"is_trial":false,"path_per_floor":["M","M","M","?","?","PTL","PTL","E","$","R","T","R","M","E","R","M","R","B",null,"M","M","M","M","$","E","R","E","T","M","R","E","M","M","R","B",null,"M","M","M","M","$","E","?","E","T","E","M","?","E","M","R","B",null,"R","$","E","B",null],"character_chosen":"BLACKBEARD_CLASS","items_purchased":["blackbeard:Bandana","blackbeard:PirateHook","blackbeard:CaptainsHat","ReplayTheSpireMod:ShopPack","blackbeard:CloakAndCannonball","Kunai","HandDrill","potionbrewer:Keyblade","blackbeard:Rum","Apotheosis","Guide Book"],"campfire_rested":0,"item_purchase_floors":[9,9,24,24,24,41,41,41,55,55,55],"current_hp_per_floor":[79,79,79,63,63,63,63,65,65,65,65,65,60,43,43,44,44,38,79,76,61,59,51,51,47,47,48,48,53,53,49,56,65,65,37,85,85,76,76,77,83,76,76,55,55,57,52,58,57,66,93,97,97,97,97,97,97],"gold":96,"neow_bonus":"NOSTALGIA","is_daily":false,"chose_seed":false,"campfire_upgraded":6,"win_rate":0.0,"timestamp":1612893311,"path_taken":["M","M","M","?","?","PTL","PTL","E","?","R","T","R","M","E","R","M","R","BOSS","M","M","M","M","$","E","R","E","T","M","R","E","M","M","R","BOSS","M","M","M","?","$","E","?","E","T","E","?","?","E","M","R","BOSS","R","$","E","BOSS"],"items_purchased_type":["Card","Card","Card","Relic","Card","Relic","Relic","Relic","Card","Card","Relic"],"build_version":"2020-12-22","purchased_purges":2,"victory":true,"max_hp_per_floor":[79,79,79,79,79,79,79,79,79,79,79,79,79,79,79,79,79,79,79,79,79,79,79,79,79,79,79,79,79,79,79,79,79,79,79,85,85,85,85,85,91,91,91,91,91,91,91,97,97,97,97,97,97,97,97,97,97],"card_choices":[{"not_picked":["blackbeard:Toast","blackbeard:GoldenDefense"],"picked":"blackbeard:TacticalRetreat","floor":1},{"not_picked":["blackbeard:TacticalRetreat","blackbeard:GoldenStrike"],"picked":"blackbeard:FishingNets","floor":2},{"not_picked":["blackbeard:WiseDefense","blackbeard:Shrapnel"],"picked":"blackbeard:DelayedPain","floor":3},{"not_picked":["blackbeard:FieryDefense","blackbeard:Toast"],"picked":"blackbeard:GoldenDefense","floor":8},{"not_picked":["blackbeard:DeadlyArsenal","blackbeard:FieryDefense"],"picked":"blackbeard:DoubleCannonball","floor":13},{"not_picked":["blackbeard:ChaoticDefense","blackbeard:DeadlyArsenal"],"picked":"blackbeard:Lifeboat","floor":14},{"not_picked":["blackbeard:BlindAttacks","blackbeard:SwordDance"],"picked":"blackbeard:RemoveScurvy","floor":16},{"not_picked":["blackbeard:Halberd","blackbeard:PowerHungry"],"picked":"blackbeard:PirateStrength","floor":18},{"not_picked":["blackbeard:Boarding","blackbeard:BeatUp+1"],"picked":"blackbeard:FieryDefense","floor":20},{"not_picked":["blackbeard:PiratesWill+1","blackbeard:FieryDefense"],"picked":"blackbeard:Dagger","floor":21},{"not_picked":["blackbeard:Sharpening","blackbeard:Fencing"],"picked":"blackbeard:PiratesWill","floor":22},{"not_picked":["blackbeard:TerrorOfTheSeas+1","blackbeard:BlindAttacks"],"picked":"blackbeard:GoldenStrike","floor":23},{"not_picked":["Midas Touch","The Bomb"],"picked":"ReplayUltimateDefense","floor":24},{"not_picked":["ReplayTheSpireMod:Uncanny Aura","Deep Breath"],"picked":"ReplayTheSpireMod:Private Reserves","floor":24},{"not_picked":["Crow Ritual","Blind"],"picked":"Master of Strategy","floor":24},{"not_picked":["blackbeard:FieryDefense+1","blackbeard:Upgrade"],"picked":"blackbeard:GoldenRain","floor":25},{"not_picked":["blackbeard:Sharpening+1","blackbeard:FieryDefense+1"],"picked":"blackbeard:WeaponProficiency","floor":27},{"not_picked":["blackbeard:TacticalRetreat","blackbeard:Fencing+1"],"picked":"blackbeard:ReapersScythe","floor":29},{"not_picked":["blackbeard:PirateHook","blackbeard:CannonBarrage"],"picked":"blackbeard:InfiniteBarrage+1","floor":31},{"not_picked":["blackbeard:Sharpening","blackbeard:RemoveScurvy+1"],"picked":"blackbeard:Upgrade+1","floor":32},{"not_picked":["blackbeard:SwordDance+1","blackbeard:Fencing"],"picked":"blackbeard:CloakAndCannonball+1","floor":33},{"not_picked":["blackbeard:WeaponMastery","blackbeard:TheDrunkenSailor"],"picked":"blackbeard:GoldenRain","floor":35},{"not_picked":["blackbeard:Spear","blackbeard:WiseDefense"],"picked":"blackbeard:Fencing+1","floor":37},{"not_picked":["blackbeard:CaptainsCabin","blackbeard:BlindAttacks"],"picked":"blackbeard:DoubleBottom+1","floor":38},{"not_picked":["blackbeard:DoubleBottom","blackbeard:Toast"],"picked":"blackbeard:CatONineTails+1","floor":39},{"not_picked":["blackbeard:FieryDefense+1","blackbeard:AgileStrike+1"],"picked":"blackbeard:BlindAttacks+1","floor":40},{"not_picked":["blackbeard:Fencing+1","blackbeard:Boarding+1"],"picked":"blackbeard:CaptainsHat","floor":42},{"not_picked":["blackbeard:PiratesWill+1","blackbeard:Anchor"],"picked":"blackbeard:GoldenStrike","floor":44},{"not_picked":["blackbeard:Recklessness","blackbeard:Sword+1"],"picked":"blackbeard:Provisioning","floor":46},{"not_picked":["blackbeard:Bandana","blackbeard:DeadlyArsenal+1"],"picked":"blackbeard:PirateEarring+1","floor":47},{"not_picked":["blackbeard:Sharpening","blackbeard:SwordDance+1"],"picked":"blackbeard:CaptainsCabin+1","floor":48},{"not_picked":["blackbeard:TerrorOfTheSeas","blackbeard:CannonballSupply"],"picked":"blackbeard:PiratesWill+1","floor":49},{"not_picked":["blackbeard:Spear","blackbeard:PiratesWill"],"picked":"blackbeard:GoldenStrike","floor":50},{"not_picked":["blackbeard:Spear","blackbeard:DeadlyArsenal+1"],"picked":"blackbeard:BlindAttacks+1","floor":56}],"player_experience":900304,"relics_obtained":[{"floor":8,"key":"Replay:Wax Seal"},{"floor":14,"key":"Onion Ring"},{"floor":25,"key":"Darkstone Periapt"},{"floor":27,"key":"Bottled Lightning"},{"floor":28,"key":"Art of War"},{"floor":31,"key":"Turnip"},{"floor":42,"key":"ReplayTheSpireMod:TigerMarble"},{"floor":44,"key":"Potion Belt"},{"floor":45,"key":"blackbeard:WhitePearl"},{"floor":46,"key":"Replay:Mystery Machine"},{"floor":48,"key":"Eternal Feather"},{"floor":49,"key":"Replay:Rubber Ducky"},{"floor":56,"key":"Counterbalance"}],"event_choices":[{"damage_healed":79,"gold_gain":0,"player_choice":"Upgrade","damage_taken":16,"max_hp_gain":0,"max_hp_loss":79,"event_name":"betterThird:BetterShining","floor":4,"gold_loss":0,"cards_upgraded":["blackbeard:BlackbeardDefend","blackbeard:BlackbeardDefend"]},{"damage_healed":0,"gold_gain":0,"player_choice":"Ignored","damage_taken":0,"max_hp_gain":0,"max_hp_loss":0,"event_name":"Golden Wing","floor":5,"gold_loss":0},{"damage_healed":0,"gold_gain":100,"player_choice":"Pray","damage_taken":0,"max_hp_gain":0,"max_hp_loss":0,"event_name":"Golden Shrine","floor":43,"gold_loss":0}],"is_beta":false,"boss_relics":[{"not_picked":["SacredBark","Honey Jar"],"picked":"energizedSpire:SpiderWeb"},{"not_picked":["energizedSpire:OgreHead","SlaversCollar"],"picked":"Abe\u0027s Treasure"}],"items_purged_floors":[41,55],"is_endless":false,"potions_floor_spawned":[2,13,14,16,20,23,25,31,32,37,42,44,49,56],"ascension_level":2}}