{"host":"7f01flv6y0vhl3vt","time":1612896772,"event":{"mods":["Act Like it!","BaseMod","Downfall","Minty Spire (QoL Compilation)","StSLib"],"gold_per_floor":[99,99,127,148,625,779,805,805,829,629,658,658,658,658],"floor_reached":12,"language":"ENG","playtime":1220,"items_purged":[],"score":193,"play_id":"fe9f830b-abbf-4ed0-8cbf-342f6c114c66","local_time":"20210209135252","is_ascension_mode":false,"campfire_choices":[{"floor":1,"key":"RECALL"},{"floor":10,"key":"REST"}],"circlet_count":0,"master_deck":["hexamod:Strike","hexamod:Strike","hexamod:Strike","hexamod:Strike","hexamod:Defend+1","hexamod:Defend","hexamod:Defend","hexamod:Defend+1","hexamod:Sear","hexamod:Float","hexamod:Haunt","hexamod:FirstSeal","downfall:Icky","downfall:Icky","downfall:Icky","downfall:Haunted","downfall:Haunted","Shame","hexamod:SixthSeal","Decay","Doubt","hexamod:FirstSeal","hexamod:SpectralSpark"],"relics":["hexamod:SpiritBrand","Girya","CeramicFish","Du-Vu Doll","Singing Bowl","downfall:HeartBlessingBlue","downfall:HeartBlessingRed"],"acts_visited":["Exordium"],"potions_floor_usage":[11],"damage_taken":[{"damage":11,"enemies":"Jaw Worm","floor":3,"turns":3},{"damage":15,"enemies":"Small Slimes","floor":4,"turns":3},{"damage":7,"enemies":"2 Louse","floor":9,"turns":3},{"damage":30,"enemies":"Large Slime","floor":11,"turns":9},{"damage":51,"enemies":"Gremlin Nob","floor":12,"turns":4}],"seed_played":"500785997215195029","potions_obtained":[{"floor":9,"key":"SpeedPotion"}],"is_trial":false,"path_per_floor":["R","?","M","M","?","?","T","T","M","R","M","E"],"character_chosen":"THE_SPIRIT","items_purchased":[],"campfire_rested":1,"item_purchase_floors":[],"current_hp_per_floor":[49,42,31,16,16,21,21,21,21,56,40,0,0,0],"gold":658,"neow_bonus":"ONE_RARE_RELIC","is_daily":false,"chose_seed":false,"campfire_upgraded":0,"win_rate":0.0,"timestamp":1612896772,"path_taken":["R","?","M","M","?","?","T","?","M","R","M","E"],"items_purchased_type":[],"build_version":"2020-12-22","purchased_purges":0,"victory":false,"max_hp_per_floor":[70,70,70,70,70,75,75,75,75,85,85,85,85,85],"card_choices":[{"not_picked":["hexamod:AdvancingGuard","hexamod:DynamicBlow"],"picked":"hexamod:Haunt","floor":3},{"not_picked":["hexamod:GhostLash","hexamod:ThermalTransfer"],"picked":"hexamod:FirstSeal","floor":4},{"not_picked":["hexamod:SkipABeat","hexamod:SuperheatedStrike"],"picked":"hexamod:FirstSeal","floor":9},{"not_picked":["hexamod:NightmareGuise","hexamod:SecondSeal"],"picked":"hexamod:SpectralSpark","floor":11}],"player_experience":1674143,"relics_obtained":[{"floor":8,"key":"Singing Bowl"}],"event_choices":[{"damage_healed":0,"gold_gain":0,"player_choice":"Success","damage_taken":7,"relics_obtained":["CeramicFish"],"max_hp_gain":0,"max_hp_loss":0,"event_name":"Scrap Ooze","floor":2,"gold_loss":0}],"is_beta":false,"boss_relics":[],"items_purged_floors":[],"is_endless":false,"potions_floor_spawned":[9],"killed_by":"Gremlin Nob","ascension_level":0}}