{"host":"mi0eibewekhugwl1","time":1612859351,"event":{"mods":["AchievementEnabler","BaseMod","Colored Map","Colored Powertips","DeckTracker","Keyboard Shortcuts","Minty Spire (QoL Compilation)","Quick Restart","Rare Cards Sparkle","Relic Stats","StSLib","SuperFastMode","everything is the same but u backflip on backflip"],"gold_per_floor":[110,185,205,40,51,51,78,89,116,136,160,173,32,46,46,121,121,137,156,156,55,55,55],"floor_reached":22,"language":"KOR","playtime":450,"items_purged":["Strike_B+1"],"score":376,"play_id":"b07e7e16-baca-46a3-9b48-f5e2923cb901","local_time":"20210209172911","is_ascension_mode":true,"campfire_choices":[{"data":"Ball Lightning","floor":6,"key":"SMITH"},{"floor":15,"key":"REST"}],"circlet_count":0,"master_deck":["AscendersBane","Strike_B+1","Strike_B+1","Strike_B+1","Defend_B+1","Defend_B+1","Defend_B+1","Defend_B+1","Zap","Dualcast","Ball Lightning+1","Auto Shields","Sweeping Beam","Core Surge","Coolheaded","Chill","Cold Snap","FTL","Core Surge","Conserve Battery","Defragment","Reboot","Redo+1","Self Repair","Coolheaded"],"relics":["Cracked Core","Omamori","Vajra","Odd Mushroom","Inserter"],"acts_visited":["Exordium","TheCity"],"potions_floor_usage":[7,11,14,16,19],"damage_taken":[{"damage":5,"enemies":"2 Louse","floor":1,"turns":3},{"damage":7,"enemies":"Jaw Worm","floor":3,"turns":3},{"damage":0,"enemies":"Small Slimes","floor":5,"turns":2},{"damage":24,"enemies":"3 Sentries","floor":7,"turns":8},{"damage":4,"enemies":"Looter","floor":8,"turns":3},{"damage":4,"enemies":"Blue Slaver","floor":10,"turns":3},{"damage":0,"enemies":"The Mushroom Lair","floor":11,"turns":2},{"damage":0,"enemies":"2 Fungi Beasts","floor":12,"turns":2},{"damage":4,"enemies":"Exordium Thugs","floor":14,"turns":4},{"damage":10,"enemies":"The Guardian","floor":16,"turns":11},{"damage":28,"enemies":"3 Byrds","floor":18,"turns":7},{"damage":26,"enemies":"2 Thieves","floor":19,"turns":4},{"damage":5,"enemies":"Snecko","floor":22,"turns":2}],"seed_played":"2957721371977804739","potions_obtained":[{"floor":1,"key":"SkillPotion"},{"floor":8,"key":"SteroidPotion"},{"floor":10,"key":"AttackPotion"},{"floor":14,"key":"CultistPotion"},{"floor":16,"key":"LiquidMemories"},{"floor":19,"key":"LiquidBronze"}],"is_trial":false,"path_per_floor":["M","?","M","$","M","R","E","M","T","M","?","M","$","M","R","B",null,"M","M","?","$","M"],"character_chosen":"DEFECT","items_purchased":["Core Surge","Defragment","Fire Potion","Coolheaded"],"campfire_rested":1,"item_purchase_floors":[4,13,13,21],"current_hp_per_floor":[59,48,41,41,41,41,17,13,13,9,9,9,9,5,26,16,57,29,3,3,3,0,0],"gold":55,"neow_bonus":"THREE_CARDS","is_daily":false,"chose_seed":false,"campfire_upgraded":1,"win_rate":0.0,"timestamp":1612859351,"path_taken":["M","?","M","$","M","R","E","M","T","M","?","M","$","M","R","BOSS","M","M","?","$","M"],"items_purchased_type":["Card","Card","Potion","Card"],"build_version":"2020-12-22","purchased_purges":1,"victory":false,"max_hp_per_floor":[71,71,71,71,71,71,71,71,71,71,71,71,71,71,71,71,71,71,71,71,71,71,71],"relic_stats":{"Inserter":[6],"counters":[13,54],"obtain_stats":[{"Inserter":17,"Vajra":9,"Omamori":7,"Odd Mushroom":11,"Cracked Core":0},{"Inserter":10,"Vajra":5,"Omamori":4,"Odd Mushroom":7,"Cracked Core":0},{"Inserter":41,"Vajra":19,"Omamori":16,"Odd Mushroom":24,"Cracked Core":0}]},"card_choices":[{"not_picked":["Redo","Sweeping Beam"],"picked":"Ball Lightning","floor":0},{"not_picked":["Reinforced Body","Conserve Battery"],"picked":"Auto Shields","floor":1},{"not_picked":["Steam","Turbo"],"picked":"Sweeping Beam","floor":3},{"not_picked":["Gash","Redo"],"picked":"Coolheaded","floor":5},{"not_picked":["Meteor Strike","Fusion"],"picked":"Chill","floor":7},{"not_picked":["Leap","Go for the Eyes"],"picked":"Cold Snap","floor":8},{"not_picked":["Stack","Compile Driver"],"picked":"FTL","floor":10},{"not_picked":["White Noise","Lockon"],"picked":"Core Surge","floor":11},{"not_picked":["Recycle","Sweeping Beam"],"picked":"Conserve Battery","floor":12},{"not_picked":["BootSequence","Recycle","Steam"],"picked":"SKIP","floor":14},{"not_picked":["Machine Learning","Meteor Strike"],"picked":"Reboot","floor":16},{"not_picked":["Force Field","Streamline"],"picked":"Redo+1","floor":18},{"not_picked":["Consume","Steam Power"],"picked":"Self Repair","floor":19}],"player_experience":1790156,"relics_obtained":[{"floor":7,"key":"Omamori"},{"floor":9,"key":"Vajra"},{"floor":11,"key":"Odd Mushroom"}],"event_choices":[{"damage_healed":0,"gold_gain":75,"player_choice":"Gather Gold","damage_taken":11,"max_hp_gain":0,"max_hp_loss":0,"event_name":"World of Goop","floor":2,"gold_loss":0},{"damage_healed":0,"gold_gain":0,"player_choice":"Fought Mushrooms","damage_taken":0,"max_hp_gain":0,"max_hp_loss":0,"event_name":"Mushrooms","floor":11,"gold_loss":0},{"damage_healed":0,"gold_gain":0,"player_choice":"Simplicity","damage_taken":0,"max_hp_gain":0,"max_hp_loss":0,"event_name":"Back to Basics","floor":20,"gold_loss":0,"cards_upgraded":["Strike_B","Strike_B","Strike_B","Strike_B","Defend_B","Defend_B","Defend_B","Defend_B"]}],"is_beta":false,"boss_relics":[{"not_picked":["Coffee Dripper","Philosopher\u0027s Stone"],"picked":"Inserter"}],"items_purged_floors":[21],"is_endless":false,"potions_floor_spawned":[1,8,10,14,16,19],"killed_by":"Snecko","ascension_level":20}}