{"host":"d61fcf2p3sjwe6yo","time":1612861241,"event":{"mods":["BaseMod","Colored Map","Koishi","Marisa????????","Minty Spire (QoL Compilation)","StSLib","SuperFastMode","The Servant 0.9.4"],"gold_per_floor":[115,390,401,326,476,476,239,262,262,288,300,343,375,123,123,202,202,219,232,252,252,252],"floor_reached":21,"language":"ENG","playtime":1213,"items_purged":["Doubt","Strike_MRS"],"score":354,"play_id":"48226828-46e3-434d-bc42-d87c3ee2f080","local_time":"20210209120041","is_ascension_mode":true,"campfire_choices":[{"data":"UpSweep","floor":6,"key":"SMITH"},{"data":"CasketOfStar","floor":11,"key":"SMITH"},{"data":"EarthLightRay","floor":15,"key":"SMITH"}],"circlet_count":0,"master_deck":["AscendersBane","Strike_MRS","Strike_MRS","Strike_MRS","Defend_MRS","Defend_MRS","Defend_MRS","Defend_MRS","MasterSpark","UpSweep+1","AlicesGift","GalacticHalo","CasketOfStar+1","Parasite","Parasite","EarthLightRay+1","GalacticHalo","UltimateShortwave","SprinkleStarSeal","Acceleration"],"relics":["BewitchedHakkero","Matryoshka","MawBank","BigShroomBag","Regal Pillow","Happy Flower"],"acts_visited":["Exordium","TheCity"],"potions_floor_usage":[12,19],"damage_taken":[{"damage":4,"enemies":"Small Slimes","floor":1,"turns":3},{"damage":1,"enemies":"Cultist","floor":3,"turns":3},{"damage":18,"enemies":"The Mushroom Lair","floor":8,"turns":4},{"damage":18,"enemies":"3 Sentries","floor":12,"turns":7},{"damage":0,"enemies":"Jaw Worm","floor":13,"turns":2},{"damage":29,"enemies":"The Guardian","floor":16,"turns":12},{"damage":19,"enemies":"Spheric Guardian","floor":18,"turns":4},{"damage":25,"enemies":"3 Byrds","floor":19,"turns":6},{"damage":5,"enemies":"Centurion and Healer","floor":20,"turns":7},{"damage":82,"enemies":"Cultist and Chosen","floor":21,"turns":6}],"seed_played":"7686085865117415811","potions_obtained":[{"floor":3,"key":"SkillPotion"},{"floor":8,"key":"Strength Potion"},{"floor":12,"key":"LiquidMemories"},{"floor":20,"key":"Dexterity Potion"}],"is_trial":false,"path_per_floor":["M","?","M","?","?","R","$","?","T","T","R","E","M","$","R","B",null,"M","M","M","M"],"character_chosen":"MARISA","items_purchased":["CasketOfStar","Happy Flower"],"campfire_rested":0,"item_purchase_floors":[7,14],"current_hp_per_floor":[66,66,65,65,65,65,65,47,47,47,47,39,49,49,49,32,66,59,46,53,0,0],"gold":252,"neow_bonus":"TEN_PERCENT_HP_BONUS","is_daily":false,"chose_seed":false,"campfire_upgraded":3,"win_rate":0.0,"timestamp":1612861241,"path_taken":["M","?","?","?","?","R","?","?","T","?","R","E","M","$","R","BOSS","M","M","M","M"],"items_purchased_type":["Card","Relic"],"build_version":"2020-12-22","purchased_purges":2,"victory":false,"max_hp_per_floor":[77,77,77,77,77,77,77,77,77,77,77,77,77,77,77,77,77,77,77,77,77,77],"card_choices":[{"not_picked":["PowerUp","ChargeUpSpray"],"picked":"AlicesGift","floor":1},{"not_picked":["ChargingUp","IllusionStar"],"picked":"GalacticHalo","floor":3},{"not_picked":["MillisecondPulsars","OortCloud"],"picked":"EarthLightRay","floor":8},{"not_picked":["SuperPerseids","ManaConvection","DC"],"picked":"SKIP","floor":12},{"not_picked":["OrrerysSun","RefractionSpark"],"picked":"GalacticHalo","floor":13},{"not_picked":["EscapeVelocity","SatelliteIllusion"],"picked":"UltimateShortwave","floor":16},{"not_picked":["WitchOfGreed","LuminesStrike","6A"],"picked":"SKIP","floor":18},{"not_picked":["DarkSpark","PowerUp"],"picked":"SprinkleStarSeal","floor":19},{"not_picked":["EarthLightRay","MilkyWay+1"],"picked":"Acceleration","floor":20}],"player_experience":300260,"relics_obtained":[{"floor":8,"key":"ShroomBag"},{"floor":9,"key":"Matryoshka"},{"floor":10,"key":"MawBank"},{"floor":10,"key":"BigShroomBag"},{"floor":12,"key":"Regal Pillow"}],"event_choices":[{"damage_healed":0,"gold_gain":275,"player_choice":"Desecrate","damage_taken":0,"max_hp_gain":0,"max_hp_loss":0,"event_name":"Golden Shrine","floor":2,"gold_loss":0,"cards_obtained":["Regret"]},{"cards_removed":["Regret"],"damage_healed":0,"gold_gain":0,"player_choice":"Card Removal","damage_taken":0,"max_hp_gain":0,"max_hp_loss":0,"event_name":"The Cleric","floor":4,"gold_loss":75},{"damage_healed":0,"gold_gain":150,"player_choice":"AGREE","damage_taken":0,"max_hp_gain":0,"max_hp_loss":0,"event_name":"Liars Game","floor":5,"gold_loss":0,"cards_obtained":["Doubt"]},{"damage_healed":0,"gold_gain":0,"player_choice":"Fought Mushrooms","damage_taken":0,"max_hp_gain":0,"max_hp_loss":0,"event_name":"Mushrooms_MRS","floor":8,"gold_loss":0}],"is_beta":false,"boss_relics":[{"not_picked":["Calling Bell","Runic Dome"],"picked":"BewitchedHakkero"}],"items_purged_floors":[7,14],"is_endless":false,"potions_floor_spawned":[3,8,12,13,18,20],"killed_by":"Cultist and Chosen","ascension_level":20}}