{"host":"dlyy4wv9zatha4f7","time":1612885951,"event":{"mods":["BaseMod","Better Third Choice","Colored Map","GifTheSpireLib","Minty Spire (QoL Compilation)","Spicy Shops","StSLib","SuperFastMode","Unceasing Turn Reminder"],"gold_per_floor":[115,126,301,182,182,209,209,239,319,319,347,362,382,398,398,495,495,513,513,188,205,220,220,246,246,269,295,324,337,337,62,62,62,62],"floor_reached":33,"language":"ENG","playtime":1535,"items_purged":["Doubt","Strike_B","Defend_B","Defend_B"],"score":501,"play_id":"2b83dc98-cf82-475c-ba3c-99ded7e82185","local_time":"20210209175231","is_ascension_mode":true,"campfire_choices":[{"data":"Melter","floor":7,"key":"SMITH"},{"data":"Go for the Eyes","floor":10,"key":"SMITH"},{"data":"Gash","floor":15,"key":"SMITH"},{"data":"Biased Cognition","floor":23,"key":"SMITH"},{"data":"Biased Cognition","floor":30,"key":"SMITH"},{"data":"Steam Power","floor":32,"key":"SMITH"}],"circlet_count":0,"master_deck":["Strike_B","Strike_B","Defend_B","Defend_B","Zap+1","Dualcast","Melter+1","Go for the Eyes+1","Gash+1","Steam Power+1","All For One","Coolheaded","Genetic Algorithm","Ball Lightning","Biased Cognition+1","Capacitor","Biased Cognition+1","Scrape","Fusion+1","Gash","Amplify","Ghostly","Ghostly","Ghostly","Ghostly","Ghostly","Glacier"],"relics":["Cracked Core","NeowsBlessing","MealTicket","Bottled Lightning","Eternal Feather","StrikeDummy","Inserter","Prayer Wheel","DollysMirror","Blue Candle","Juzu Bracelet","Centennial Puzzle","Red Mask"],"acts_visited":["Exordium","TheCity"],"potions_floor_usage":[16,16,16,24,33],"damage_taken":[{"damage":0,"enemies":"Cultist","floor":1,"turns":1},{"damage":0,"enemies":"Small Slimes","floor":2,"turns":1},{"damage":0,"enemies":"Gremlin Nob","floor":6,"turns":1},{"damage":32,"enemies":"3 Sentries","floor":8,"turns":7},{"damage":20,"enemies":"Lagavulin","floor":11,"turns":5},{"damage":5,"enemies":"Jaw Worm","floor":12,"turns":2},{"damage":13,"enemies":"Exordium Thugs","floor":13,"turns":4},{"damage":2,"enemies":"2 Fungi Beasts","floor":14,"turns":2},{"damage":2,"enemies":"The Guardian","floor":16,"turns":9},{"damage":19,"enemies":"2 Thieves","floor":18,"turns":4},{"damage":0,"enemies":"Spheric Guardian","floor":21,"turns":1},{"damage":30,"enemies":"Centurion and Healer","floor":22,"turns":5},{"damage":13,"enemies":"Gremlin Leader","floor":24,"turns":4},{"damage":5,"enemies":"Slavers","floor":27,"turns":6},{"damage":1,"enemies":"Masked Bandits","floor":28,"turns":5},{"damage":0,"enemies":"Snake Plant","floor":29,"turns":3},{"damage":55,"enemies":"Automaton","floor":33,"turns":6}],"seed_played":"3646402581874407495","potions_obtained":[{"floor":1,"key":"DuplicationPotion"},{"floor":2,"key":"EssenceOfSteel"},{"floor":13,"key":"LiquidBronze"},{"floor":14,"key":"Strength Potion"},{"floor":21,"key":"DuplicationPotion"},{"floor":27,"key":"SmokeBomb"},{"floor":29,"key":"Strength Potion"}],"is_trial":false,"path_per_floor":["M","M","?","$","?","E","R","E","T","R","E","M","M","M","R","B",null,"M","?","$","M","M","R","E","?","T","E","?","M","R","$","R","B"],"character_chosen":"DEFECT","items_purchased":["Gash","Prayer Wheel","DollysMirror"],"campfire_rested":0,"item_purchase_floors":[4,20,20],"current_hp_per_floor":[68,68,68,68,68,68,68,36,36,45,25,20,7,5,14,12,59,40,40,55,55,25,37,24,24,24,19,18,18,33,37,37,0,0],"gold":62,"neow_bonus":"THREE_ENEMY_KILL","is_daily":false,"chose_seed":false,"campfire_upgraded":6,"win_rate":0.0,"timestamp":1612885951,"path_taken":["M","?","?","$","?","E","R","E","T","R","E","M","?","M","R","BOSS","M","?","$","M","?","R","E","?","T","E","?","M","R","$","R","BOSS"],"items_purchased_type":["Card","Relic","Relic"],"build_version":"2020-12-22","purchased_purges":4,"victory":false,"max_hp_per_floor":[75,75,75,75,75,75,75,75,75,75,75,75,75,75,75,75,75,75,75,75,75,75,75,75,37,37,37,37,37,37,37,37,37,37],"card_choices":[{"not_picked":["Barrage","Compile Driver"],"picked":"Melter","floor":1},{"not_picked":["Skim","Barrage"],"picked":"Go for the Eyes","floor":2},{"not_picked":["Sweeping Beam","Redo"],"picked":"Steam Power","floor":6},{"not_picked":["Blizzard","Genetic Algorithm"],"picked":"All For One","floor":8},{"not_picked":["Fusion","Redo"],"picked":"Coolheaded","floor":11},{"not_picked":["Coolheaded","Hologram","Rip and Tear"],"picked":"SKIP","floor":12},{"not_picked":["Turbo","Ball Lightning"],"picked":"Genetic Algorithm","floor":13},{"not_picked":["Force Field","Compile Driver"],"picked":"Ball Lightning","floor":14},{"not_picked":["Buffer","Core Surge"],"picked":"Biased Cognition","floor":16},{"not_picked":["Compile Driver","Aggregate","Reprogram"],"picked":"SKIP","floor":18},{"not_picked":["Leap+1","Redo"],"picked":"Scrape","floor":21},{"not_picked":["Leap","Capacitor+1","Go for the Eyes+1"],"picked":"SKIP","floor":21},{"not_picked":["Genetic Algorithm","Steam"],"picked":"Fusion+1","floor":22},{"not_picked":["Aggregate","Ball Lightning"],"picked":"Gash","floor":22},{"not_picked":["Undo","Tempest"],"picked":"Amplify","floor":24},{"not_picked":["Force Field","Static Discharge"],"picked":"Glacier","floor":27},{"not_picked":["Heatsinks","Redo","BootSequence"],"picked":"SKIP","floor":29},{"not_picked":["Leap","Coolheaded","Redo"],"picked":"SKIP","floor":29}],"player_experience":2272637,"relics_obtained":[{"floor":6,"key":"MealTicket"},{"floor":8,"key":"Bottled Lightning"},{"floor":9,"key":"Eternal Feather"},{"floor":11,"key":"StrikeDummy"},{"floor":24,"key":"Blue Candle"},{"floor":26,"key":"Juzu Bracelet"},{"floor":27,"key":"Centennial Puzzle"},{"floor":28,"key":"Red Mask"}],"event_choices":[{"damage_healed":0,"gold_gain":175,"player_choice":"AGREE","damage_taken":126,"max_hp_gain":0,"max_hp_loss":0,"event_name":"betterThird:BetterSerpent","floor":3,"gold_loss":0},{"damage_healed":0,"gold_gain":0,"player_choice":"Upgraded","damage_taken":0,"max_hp_gain":0,"max_hp_loss":0,"event_name":"Upgrade Shrine","floor":5,"gold_loss":0,"cards_upgraded":["Zap"]},{"damage_healed":0,"gold_gain":0,"cards_transformed":["Strike_B"],"player_choice":"Transformed","damage_taken":0,"max_hp_gain":0,"max_hp_loss":0,"event_name":"Transmorgrifier","floor":19,"gold_loss":0,"cards_obtained":["Capacitor"]},{"damage_healed":0,"gold_gain":0,"player_choice":"Became a Ghost","damage_taken":0,"max_hp_gain":0,"max_hp_loss":38,"event_name":"Ghosts","floor":25,"gold_loss":0,"cards_obtained":["Ghostly","Ghostly","Ghostly","Ghostly","Ghostly"]},{"damage_healed":0,"gold_gain":0,"player_choice":"Fought Bandits","damage_taken":0,"max_hp_gain":0,"max_hp_loss":0,"event_name":"Masked Bandits","floor":28,"gold_loss":0}],"is_beta":false,"boss_relics":[{"not_picked":["Calling Bell","Astrolabe"],"picked":"Inserter"}],"items_purged_floors":[4,20,31,31],"is_endless":false,"potions_floor_spawned":[1,2,13,14,21,27,29],"killed_by":"Automaton","ascension_level":9}}