{"host":"2zu58scgr3ekv4lr","time":1612905982,"event":{"mods":["AchievementEnabler","BaseMod","Minty Spire (QoL Compilation)","Quick Restart","StSLib","The Cursed"],"gold_per_floor":[114,128,128,140,60,93,93,93,141,176,176,176,194,207,207,312,312,330,330,330,139,149,183,194,210,235,235,235,235],"floor_reached":28,"language":"ENG","playtime":2135,"items_purged":[],"score":248,"play_id":"0f9e7c74-de12-480b-bc02-29c924e82f58","local_time":"20210209222622","is_ascension_mode":false,"campfire_choices":[{"floor":7,"key":"REST"},{"floor":11,"key":"REST"},{"floor":15,"key":"REST"},{"floor":27,"key":"REST"}],"circlet_count":0,"master_deck":["Strike_P+1","Defend_P","Defend_P","Defend_P","Eruption","Vigilance+1","FlurryOfBlows+1","BattleHymn","JustLucky","BattleHymn","Halt","Collect","EmptyBody","EmptyFist","Halt","DevaForm","Vault+1","EmptyFist+1","Vault+1","Adaptation","LikeWater","Swivel","DeusExMachina","Consecrate+1"],"relics":["PureWater","NeowsBlessing","Dream Catcher","Bag of Marbles","Whetstone","Astrolabe","Oddly Smooth Stone","Matryoshka","Potion Belt","Ancient Tea Set"],"acts_visited":["Exordium","TheCity"],"potions_floor_usage":[16],"damage_taken":[{"damage":0,"enemies":"Jaw Worm","floor":1,"turns":1},{"damage":0,"enemies":"2 Louse","floor":2,"turns":1},{"damage":0,"enemies":"Small Slimes","floor":4,"turns":1},{"damage":19,"enemies":"Lagavulin","floor":6,"turns":6},{"damage":20,"enemies":"Gremlin Nob","floor":10,"turns":4},{"damage":12,"enemies":"3 Louse","floor":13,"turns":4},{"damage":13,"enemies":"Red Slaver","floor":14,"turns":3},{"damage":37,"enemies":"Hexaghost","floor":16,"turns":10},{"damage":20,"enemies":"2 Thieves","floor":18,"turns":5},{"damage":0,"enemies":"Chosen","floor":22,"turns":3},{"damage":26,"enemies":"Gremlin Leader","floor":23,"turns":8},{"damage":14,"enemies":"Snake Plant","floor":24,"turns":3},{"damage":19,"enemies":"Sentry and Sphere","floor":25,"turns":5},{"damage":35,"enemies":"Slavers","floor":28,"turns":3}],"seed_played":"3820136065565865152","potions_obtained":[{"floor":2,"key":"SpeedPotion"},{"floor":4,"key":"PowerPotion"},{"floor":6,"key":"Fire Potion"},{"floor":10,"key":"SmokeBomb"},{"floor":22,"key":"Weak Potion"}],"is_trial":false,"path_per_floor":["M","M","?","M","$","E","R","?","T","E","R","?","M","M","R","B",null,"M","?","?","$","M","E","M","M","T","R","E"],"character_chosen":"WATCHER","items_purchased":["BattleHymn","LikeWater","Oddly Smooth Stone"],"campfire_rested":4,"item_purchase_floors":[5,21,21],"current_hp_per_floor":[72,72,58,58,58,39,60,60,60,40,61,61,49,36,57,20,72,52,72,72,72,72,46,32,13,13,34,0,0],"gold":235,"neow_bonus":"THREE_ENEMY_KILL","is_daily":false,"chose_seed":false,"campfire_upgraded":0,"win_rate":0.0,"timestamp":1612905982,"path_taken":["M","M","?","M","$","E","R","?","T","E","R","?","M","M","R","BOSS","M","?","?","$","M","E","?","M","T","R","E"],"items_purchased_type":["Card","Card","Relic"],"build_version":"2020-12-22","purchased_purges":0,"victory":false,"max_hp_per_floor":[72,72,72,72,72,72,72,72,72,72,72,72,72,72,72,72,72,72,72,72,72,72,72,72,72,72,72,72,72],"card_choices":[{"not_picked":["Crescendo","PathToVictory"],"picked":"FlurryOfBlows","floor":1},{"not_picked":["ReachHeaven","FlurryOfBlows"],"picked":"BattleHymn","floor":2},{"not_picked":["ThirdEye","Consecrate"],"picked":"JustLucky","floor":4},{"not_picked":["JustLucky","Swivel"],"picked":"Halt","floor":6},{"not_picked":["WreathOfFlame","Weave"],"picked":"Collect","floor":10},{"not_picked":["Nirvana","BowlingBash"],"picked":"EmptyBody","floor":13},{"not_picked":["Adaptation","JustLucky"],"picked":"EmptyFist","floor":14},{"not_picked":["PathToVictory","WindmillStrike"],"picked":"Halt","floor":15},{"not_picked":["Scrawl","Establishment"],"picked":"DevaForm","floor":16},{"not_picked":["FlyingSleeves","SignatureMove"],"picked":"Adaptation","floor":18},{"not_picked":["Fasting2","FlurryOfBlows"],"picked":"Swivel","floor":22},{"not_picked":["Halt","ReachHeaven+1"],"picked":"DeusExMachina","floor":23},{"not_picked":["Evaluate+1","SashWhip","ThirdEye"],"picked":"SKIP","floor":24},{"not_picked":["ClearTheMind","Evaluate"],"picked":"Consecrate+1","floor":25}],"player_experience":32408,"relics_obtained":[{"floor":6,"key":"Dream Catcher"},{"floor":9,"key":"Bag of Marbles"},{"floor":10,"key":"Whetstone"},{"floor":23,"key":"Matryoshka"},{"floor":26,"key":"Potion Belt"},{"floor":26,"key":"Ancient Tea Set"}],"event_choices":[{"damage_healed":0,"gold_gain":0,"player_choice":"Entered Light","damage_taken":14,"max_hp_gain":0,"max_hp_loss":0,"event_name":"Shining Light","floor":3,"gold_loss":0,"cards_upgraded":["Vigilance","Strike_P"]},{"cards_removed":["Strike_P"],"damage_healed":0,"gold_gain":0,"player_choice":"Forget","damage_taken":0,"max_hp_gain":0,"max_hp_loss":0,"event_name":"Living Wall","floor":8,"gold_loss":0},{"damage_healed":0,"gold_gain":0,"player_choice":"Fled","damage_taken":0,"max_hp_gain":0,"max_hp_loss":0,"event_name":"Scrap Ooze","floor":12,"gold_loss":0},{"damage_healed":24,"gold_gain":0,"player_choice":"Heal","damage_taken":0,"max_hp_gain":0,"max_hp_loss":0,"event_name":"The Library","floor":19,"gold_loss":0},{"damage_healed":0,"gold_gain":0,"player_choice":"Bought 0 Potions","damage_taken":0,"max_hp_gain":0,"max_hp_loss":0,"event_name":"The Woman in Blue","floor":20,"gold_loss":0}],"is_beta":false,"boss_relics":[{"not_picked":["Empty Cage","Runic Pyramid"],"picked":"Astrolabe"}],"items_purged_floors":[],"is_endless":false,"potions_floor_spawned":[2,4,6,10,22,23],"killed_by":"Slavers","ascension_level":0}}