{"host":"sc0o2qwpf9j16a4i","time":1612869041,"event":{"mods":["AchievementEnabler","BaseMod","BetterRewards","Block Reminder","Colored Map","Colored Powertips","Custom Start","Highlight Path","Minty Spire (QoL Compilation)","Relic Stats"],"gold_per_floor":[118,3,22,33,33,44,44,54,54,66,66,18,46,62,62,166,166,183,199,210,210,226,254,274,32,32,32,132,132,132,146,146,246,246,258,38,89,104,121,146,160,175,175,525,540,540,540,551,551,551],"floor_reached":51,"language":"ENG","playtime":2185,"items_purged":[],"score":880,"play_id":"31ad5cd3-df89-4980-a2be-35241dba7b63","local_time":"20210209131041","daily_mods":["Chimera","Uncertain Future","Binary"],"is_ascension_mode":false,"campfire_choices":[{"data":"Inflame","floor":7,"key":"SMITH"},{"data":"Feed","floor":11,"key":"SMITH"},{"data":"Battle Trance","floor":15,"key":"SMITH"},{"data":"Armaments","floor":27,"key":"SMITH"},{"data":"Shockwave","floor":29,"key":"SMITH"},{"data":"Pommel Strike","floor":32,"key":"SMITH"},{"data":"Limit Break","floor":47,"key":"SMITH"},{"data":"True Grit","floor":49,"key":"SMITH"}],"circlet_count":0,"master_deck":["Bash","Survivor","Zap","Eruption","Twin Strike","Inflame+1","Battle Trance+1","Sword Boomerang","Cleave","Headbutt","Flex","Feed+1","Thunderclap+1","Pommel Strike","Fiend Fire","Shrug It Off","Sword Boomerang+1","Blood for Blood","Pommel Strike+1","Dual Wield","Pommel Strike+1","Shockwave+1","Armaments+1","Parasite","Headbutt+1","Power Through","Limit Break+1","Whirlwind","True Grit+1","Spot Weakness","Dual Wield","Sentinel","Flex","Warcry+1","Feel No Pain","Ghostly Armor+1","Second Wind","Feel No Pain","Havoc+1","Parasite","Disarm+1","Dark Embrace+1","Decay","Sentinel+1","Shrug It Off","Armaments+1"],"relics":["Burning Blood","Shuriken","Matryoshka","Cursed Key","Nilry\u0027s Codex","HornCleat","Lee\u0027s Waffle","Whetstone","Letter Opener","Magic Flower","Question Card","Pandora\u0027s Box","Toolbox","FossilizedHelix","Vajra","Lantern","Pantograph","Old Coin"],"acts_visited":["Exordium","TheCity","TheBeyond"],"potions_floor_usage":[10,13,16,20,23,23,31,33,33,35,42,45,50,50,50],"damage_taken":[{"damage":11,"enemies":"Jaw Worm","floor":1,"turns":4},{"damage":6,"enemies":"Cultist","floor":3,"turns":3},{"damage":0,"enemies":"2 Louse","floor":4,"turns":2},{"damage":2,"enemies":"Looter","floor":6,"turns":3},{"damage":6,"enemies":"Blue Slaver","floor":8,"turns":3},{"damage":0,"enemies":"Exordium Thugs","floor":10,"turns":2},{"damage":0,"enemies":"Lagavulin","floor":13,"turns":3},{"damage":3,"enemies":"Red Slaver","floor":14,"turns":3},{"damage":0,"enemies":"Slime Boss","floor":16,"turns":3},{"damage":30,"enemies":"Shell Parasite","floor":18,"turns":7},{"damage":2,"enemies":"Chosen","floor":19,"turns":3},{"damage":27,"enemies":"Shelled Parasite and Fungi","floor":20,"turns":4},{"damage":2,"enemies":"Chosen and Byrds","floor":22,"turns":4},{"damage":33,"enemies":"Slavers","floor":23,"turns":3},{"damage":0,"enemies":"Centurion and Healer","floor":24,"turns":3},{"damage":21,"enemies":"Colosseum Slavers","floor":28,"turns":5},{"damage":7,"enemies":"Colosseum Nobs","floor":28,"turns":3},{"damage":11,"enemies":"Shelled Parasite and Fungi","floor":31,"turns":3},{"damage":40,"enemies":"Automaton","floor":33,"turns":9},{"damage":13,"enemies":"3 Shapes","floor":35,"turns":3},{"damage":16,"enemies":"2 Orb Walkers","floor":37,"turns":4},{"damage":11,"enemies":"Orb Walker","floor":38,"turns":6},{"damage":0,"enemies":"Transient","floor":39,"turns":5},{"damage":4,"enemies":"Reptomancer","floor":40,"turns":5},{"damage":66,"enemies":"Writhing Mass","floor":41,"turns":11},{"damage":2,"enemies":"4 Shapes","floor":42,"turns":8},{"damage":0,"enemies":"Mind Bloom Boss Battle","floor":44,"turns":5},{"damage":0,"enemies":"Transient","floor":45,"turns":5},{"damage":0,"enemies":"3 Darklings","floor":48,"turns":4},{"damage":61,"enemies":"Donu and Deca","floor":50,"turns":10}],"seed_played":"-4766633734425057013","potions_obtained":[{"floor":3,"key":"BlessingOfTheForge"},{"floor":4,"key":"SpeedPotion"},{"floor":13,"key":"HeartOfIron"},{"floor":14,"key":"FearPotion"},{"floor":20,"key":"Fire Potion"},{"floor":24,"key":"PowerPotion"},{"floor":28,"key":"DuplicationPotion"},{"floor":31,"key":"GamblersBrew"},{"floor":33,"key":"SneckoOil"},{"floor":37,"key":"Dexterity Potion"},{"floor":38,"key":"Regen Potion"},{"floor":39,"key":"Fruit Juice"},{"floor":42,"key":"ElixirPotion"},{"floor":45,"key":"BlessingOfTheForge"}],"is_trial":true,"path_per_floor":["M","$","M","M","?","M","R","M","T","M","R","$","E","M","R","B",null,"M","M","M","?","M","E","M","$","T","R","?","R","?","M","R","B",null,"M","$","?","M","M","E","M","M","T","?","M","?","R","M","R","B",null],"character_chosen":"IRONCLAD","items_purchased":["Inflame","Battle Trance","Energy Potion","Lee\u0027s Waffle","Shockwave","Armaments","Feel No Pain","Toolbox"],"campfire_rested":0,"item_purchase_floors":[2,2,12,25,25,25,36,36],"current_hp_per_floor":[75,75,75,80,80,80,80,80,80,80,80,80,80,84,84,84,84,64,72,55,39,47,24,34,115,115,115,107,107,81,85,85,60,136,138,138,131,135,144,144,93,136,136,156,161,161,161,161,161,109],"gold":551,"neow_bonus":"","is_daily":false,"chose_seed":false,"campfire_upgraded":8,"win_rate":0.0,"timestamp":1612869041,"path_taken":["M","?","M","M","?","M","R","M","T","M","R","$","E","?","R","BOSS","M","M","M","?","M","E","M","$","T","R","?","R","?","M","R","BOSS","M","$","?","M","M","E","M","M","T","?","M","?","R","M","R","BOSS"],"items_purchased_type":["Card","Card","Potion","Relic","Card","Card","Card","Relic"],"build_version":"2020-12-22","purchased_purges":0,"victory":true,"max_hp_per_floor":[80,80,80,80,80,80,80,80,80,80,80,80,80,84,84,84,84,88,92,96,96,100,104,108,115,115,115,123,123,128,132,132,136,136,140,140,140,144,144,144,148,156,156,156,161,161,161,161,161,161],"relic_stats":{"Lee\u0027s Waffle":81,"counters":[30,136],"Shuriken":[27],"Pantograph":20,"Magic Flower":[50],"Pandora\u0027s Box":["Whirlwind","True Grit","Spot Weakness","Dual Wield","Sentinel","Flex"],"Whetstone":["Thunderclap","Strike_R"],"Letter Opener":[184],"Cursed Key":2,"Question Card":12,"obtain_stats":[{"Lee\u0027s Waffle":25,"Lantern":43,"Nilry\u0027s Codex":21,"Magic Flower":28,"Vajra":40,"Whetstone":26,"Letter Opener":26,"Cursed Key":17,"Question Card":28,"Burning Blood":0,"Old Coin":44,"Matryoshka":13,"HornCleat":23,"Shuriken":9,"Pantograph":43,"Toolbox":36,"Pandora\u0027s Box":34,"FossilizedHelix":37},{"Lee\u0027s Waffle":15,"Lantern":26,"Nilry\u0027s Codex":12,"Magic Flower":17,"Vajra":24,"Whetstone":15,"Letter Opener":15,"Cursed Key":9,"Question Card":17,"Burning Blood":0,"Old Coin":27,"Matryoshka":7,"HornCleat":14,"Shuriken":5,"Pantograph":26,"Toolbox":20,"Pandora\u0027s Box":19,"FossilizedHelix":21},{"Lee\u0027s Waffle":50,"Lantern":112,"Nilry\u0027s Codex":40,"Magic Flower":58,"Vajra":93,"Whetstone":50,"Letter Opener":50,"Cursed Key":26,"Question Card":58,"Burning Blood":0,"Old Coin":117,"Matryoshka":20,"HornCleat":47,"Shuriken":15,"Pantograph":112,"Toolbox":73,"Pandora\u0027s Box":70,"FossilizedHelix":77}],"Burning Blood":161},"card_choices":[{"not_picked":["Clothesline"],"picked":"Twin Strike","floor":1},{"not_picked":["Heavy Blade"],"picked":"Sword Boomerang","floor":3},{"not_picked":["Wild Strike"],"picked":"Cleave","floor":4},{"not_picked":["Anger"],"picked":"Headbutt","floor":6},{"not_picked":["Reckless Charge"],"picked":"Flex","floor":8},{"not_picked":["Havoc"],"picked":"Feed","floor":10},{"not_picked":["Twin Strike"],"picked":"Thunderclap","floor":13},{"not_picked":["Heavy Blade"],"picked":"Pommel Strike","floor":14},{"not_picked":["Juggernaut"],"picked":"Fiend Fire","floor":16},{"not_picked":["Warcry"],"picked":"Shrug It Off","floor":18},{"not_picked":["Havoc"],"picked":"Sword Boomerang+1","floor":19},{"not_picked":["Reckless Charge+1"],"picked":"Blood for Blood","floor":20},{"not_picked":["Warcry"],"picked":"Pommel Strike","floor":22},{"not_picked":["Evolve"],"picked":"Dual Wield","floor":23},{"not_picked":["Clash+1"],"picked":"Pommel Strike+1","floor":24},{"not_picked":["Sever Soul"],"picked":"Headbutt+1","floor":28},{"not_picked":["Body Slam","Havoc+1"],"picked":"Power Through","floor":31},{"not_picked":["Feed","Impervious"],"picked":"Limit Break","floor":33},{"not_picked":["Clash+1","Rage"],"picked":"Warcry+1","floor":35},{"not_picked":["Perfected Strike","Uppercut+1"],"picked":"Ghostly Armor+1","floor":37},{"not_picked":["Wild Strike+1","Warcry"],"picked":"Second Wind","floor":38},{"not_picked":["Thunderclap+1","Havoc+1"],"picked":"Feel No Pain","floor":39},{"not_picked":["Clothesline+1","Battle Trance+1"],"picked":"Havoc+1","floor":40},{"not_picked":["Carnage+1","Pummel+1"],"picked":"Disarm+1","floor":41},{"not_picked":["Flex","Perfected Strike"],"picked":"Dark Embrace+1","floor":42},{"not_picked":["Armaments+1","Limit Break"],"picked":"Sentinel+1","floor":44},{"not_picked":["Flex","Pummel"],"picked":"Shrug It Off","floor":45},{"not_picked":["Evolve","Sword Boomerang"],"picked":"Armaments+1","floor":48}],"player_experience":1287072,"relics_obtained":[{"floor":9,"key":"Shuriken"},{"floor":13,"key":"Matryoshka"},{"floor":21,"key":"Nilry\u0027s Codex"},{"floor":23,"key":"HornCleat"},{"floor":26,"key":"Whetstone"},{"floor":26,"key":"Letter Opener"},{"floor":28,"key":"Magic Flower"},{"floor":28,"key":"Question Card"},{"floor":37,"key":"FossilizedHelix"},{"floor":40,"key":"Vajra"},{"floor":43,"key":"Lantern"},{"floor":43,"key":"Pantograph"},{"floor":44,"key":"Old Coin"}],"event_choices":[{"damage_healed":0,"gold_gain":0,"player_choice":"Ignored","damage_taken":0,"max_hp_gain":0,"max_hp_loss":0,"event_name":"NoteForYourself","floor":5,"gold_loss":0},{"damage_healed":0,"gold_gain":0,"player_choice":"Obtained Book","damage_taken":16,"max_hp_gain":0,"max_hp_loss":0,"event_name":"Cursed Tome","floor":21,"gold_loss":0},{"damage_healed":0,"gold_gain":0,"player_choice":"Fight","damage_taken":0,"max_hp_gain":0,"max_hp_loss":0,"event_name":"Colosseum","floor":28,"gold_loss":0},{"damage_healed":0,"gold_gain":0,"player_choice":"Fought Nobs","damage_taken":0,"max_hp_gain":0,"max_hp_loss":0,"event_name":"Colosseum","floor":28,"gold_loss":0},{"damage_healed":0,"gold_gain":0,"player_choice":"Shed Blood","damage_taken":31,"max_hp_gain":5,"max_hp_loss":0,"event_name":"Forgotten Altar","floor":30,"gold_loss":0},{"damage_healed":0,"gold_gain":0,"player_choice":"Fight","damage_taken":0,"max_hp_gain":0,"max_hp_loss":0,"event_name":"Mysterious Sphere","floor":37,"gold_loss":0},{"damage_healed":0,"gold_gain":0,"player_choice":"Fight","damage_taken":0,"max_hp_gain":0,"max_hp_loss":0,"event_name":"MindBloom","floor":44,"gold_loss":0},{"damage_healed":0,"gold_gain":0,"player_choice":"Ignored","damage_taken":0,"max_hp_gain":0,"max_hp_loss":0,"event_name":"Tomb of Lord Red Mask","floor":46,"gold_loss":0}],"is_beta":false,"boss_relics":[{"not_picked":["Philosopher\u0027s Stone","Fusion Hammer"],"picked":"Cursed Key"},{"not_picked":["Mark of Pain","Runic Dome"],"picked":"Pandora\u0027s Box"}],"items_purged_floors":[],"is_endless":false,"potions_floor_spawned":[3,4,13,14,20,24,28,31,33,37,38,39,42,44,45],"ascension_level":0}}