{"host":"bgyhjzqafgkxdxsh","time":1612853778,"event":{"mods":["BaseMod","Colored Map","Minty Spire (QoL Compilation)","Relic Stats","StSLib","everything is the same but u backflip on backflip"],"gold_per_floor":[112,130,148,148,164,196,196,222,274,274,344,373,383,417,417,520,520,535,51,150,162,62,92,106,132,132,132,165,165,181,195,195,293,293,306,27,27,38,0,26,26,44,124,150,150,177,177,189,189,189],"floor_reached":51,"language":"ENG","playtime":3386,"items_purged":["Strike_G","Strike_G","Defend_G"],"score":1687,"play_id":"593fbaae-cea4-42ad-a067-d5461fdf0d28","local_time":"20210209165618","is_ascension_mode":true,"campfire_choices":[{"data":"Calculated Gamble","floor":7.0,"key":"SMITH"},{"data":"Prepared","floor":10.0,"key":"SMITH"},{"floor":15,"key":"REST"},{"data":"Apotheosis","floor":27,"key":"SMITH"},{"data":"Adrenaline","floor":29,"key":"SMITH"},{"data":"Strike_G","floor":32,"key":"PURGE"},{"data":"Strike_G","floor":45,"key":"PURGE"},{"data":"Calculated Gamble","floor":47,"key":"SMITH"},{"data":"Strike_G","floor":49,"key":"PURGE"}],"circlet_count":0,"master_deck":["AscendersBane","Defend_G","Defend_G","Defend_G","Survivor","Neutralize","Calculated Gamble+1","Adrenaline+1","Sucker Punch","Underhanded Strike","All Out Attack","Prepared+1","Reflex","Acrobatics","Dodge and Roll","Adrenaline","Underhanded Strike","Apotheosis+1","Dagger Throw","Calculated Gamble","All Out Attack","PiercingWail","Prepared","Tools of the Trade","Eviscerate","Reflex","Eviscerate","Backflip+1","Calculated Gamble+1"],"relics":["Ring of the Snake","Tingsha","Gremlin Horn","White Beast Statue","Happy Flower","InkBottle","HoveringKite","Paper Crane","Meat on the Bone","Peace Pipe","HornCleat","Akabeko","Black Star","DollysMirror","Red Mask","Kunai","Bag of Preparation","Eternal Feather","Orichalcum","MealTicket","Molten Egg 2","The Courier"],"acts_visited":["Exordium","TheCity","TheBeyond"],"potions_floor_usage":[14,24,25,50],"damage_taken":[{"damage":0.0,"enemies":"2 Louse","floor":1.0,"turns":4.0},{"damage":0.0,"enemies":"Small Slimes","floor":2.0,"turns":2.0},{"damage":0.0,"enemies":"Jaw Worm","floor":3.0,"turns":2.0},{"damage":0.0,"enemies":"2 Fungi Beasts","floor":5.0,"turns":2.0},{"damage":20.0,"enemies":"Gremlin Nob","floor":6.0,"turns":4.0},{"damage":5.0,"enemies":"3 Sentries","floor":8.0,"turns":4.0},{"damage":14.0,"enemies":"Gremlin Nob","floor":12.0,"turns":4.0},{"damage":0.0,"enemies":"Exordium Thugs","floor":13.0,"turns":2.0},{"damage":7,"enemies":"Lagavulin","floor":14,"turns":5},{"damage":0,"enemies":"Slime Boss","floor":16,"turns":4},{"damage":5,"enemies":"2 Thieves","floor":18,"turns":4},{"damage":0,"enemies":"Spheric Guardian","floor":21,"turns":1},{"damage":4,"enemies":"Slavers","floor":23,"turns":2},{"damage":0,"enemies":"3 Cultists","floor":24,"turns":2},{"damage":0,"enemies":"Book of Stabbing","floor":25,"turns":2},{"damage":0,"enemies":"Gremlin Leader","floor":28,"turns":2},{"damage":0,"enemies":"Snake Plant","floor":30,"turns":1},{"damage":0,"enemies":"Chosen and Byrds","floor":31,"turns":1},{"damage":0,"enemies":"Collector","floor":33,"turns":5},{"damage":0,"enemies":"3 Darklings","floor":35,"turns":2},{"damage":1,"enemies":"Orb Walker","floor":38,"turns":2},{"damage":0,"enemies":"Giant Head","floor":40,"turns":3},{"damage":0,"enemies":"Transient","floor":42,"turns":4},{"damage":0,"enemies":"Reptomancer","floor":44,"turns":1},{"damage":0,"enemies":"Giant Head","floor":46,"turns":1},{"damage":0,"enemies":"Maw","floor":48,"turns":2},{"damage":26,"enemies":"Time Eater","floor":50,"turns":7}],"seed_played":"2323271101456270137","potions_obtained":[{"floor":2.0,"key":"SpeedPotion"},{"floor":3.0,"key":"Dexterity Potion"},{"floor":6.0,"key":"DuplicationPotion"},{"floor":8.0,"key":"Strength Potion"},{"floor":14,"key":"ColorlessPotion"},{"floor":21,"key":"GamblersBrew"},{"floor":24,"key":"Fire Potion"},{"floor":25,"key":"SteroidPotion"},{"floor":35,"key":"Regen Potion"}],"is_trial":false,"path_per_floor":["M","M","M","?","M","E","R","E","T","R","?","E","M","E","R","B",null,"M","$","?","M","$","E","M","E","T","R","E","R","M","M","R","B",null,"M","$","?","M","?","E","?","M","T","E","R","E","R","M","R","B",null],"character_chosen":"THE_SILENT","items_purchased":["Paper Crane","Apotheosis","DollysMirror"],"campfire_rested":1,"item_purchase_floors":[19,19,36],"current_hp_per_floor":[45,45,45,50,50,30,30,25,25,25,25,11,11,4,26,26,63,58,58,58,58,58,54,54,54,54,54,54,54,54,54,54,54,70,70,70,70,69,69,69,69,69,69,69,71,71,71,71,71,45],"gold":189,"neow_bonus":"ONE_RARE_RELIC","is_daily":false,"chose_seed":false,"campfire_upgraded":5,"win_rate":0.0,"timestamp":1612853778,"path_taken":["M","M","M","?","M","E","R","E","T","R","?","E","M","E","R","BOSS","M","$","?","M","$","E","M","E","T","R","E","R","M","M","R","BOSS","M","$","?","M","?","E","?","M","T","E","R","E","R","?","R","BOSS"],"items_purchased_type":["Relic","Card","Relic"],"build_version":"2020-12-22","purchased_purges":3,"victory":true,"max_hp_per_floor":[70,70,70,75,75,75,75,75,75,75,75,75,75,75,75,75,75,75,75,75,75,75,75,75,75,75,75,75,75,75,75,75,75,75,75,75,75,75,75,75,71,71,71,71,71,71,71,71,71,71],"relic_stats":{"Gremlin Horn":[17,17],"Happy Flower":[17],"counters":[27,75],"HoveringKite":[41],"Tingsha":[1594],"Eternal Feather":2,"Bag of Preparation":[10],"Orichalcum":[12],"Peace Pipe":3,"MealTicket":0,"Black Star":3,"Kunai":[32],"obtain_stats":[{"Gremlin Horn":6,"Happy Flower":12,"HoveringKite":17,"Tingsha":0,"Eternal Feather":43,"The Courier":46,"Bag of Preparation":40,"Paper Crane":19,"Orichalcum":44,"White Beast Statue":8,"Akabeko":28,"Peace Pipe":25,"HornCleat":26,"DollysMirror":36,"MealTicket":44,"Molten Egg 2":46,"Black Star":34,"Red Mask":39,"Kunai":40,"InkBottle":14,"Ring of the Snake":0,"Meat on the Bone":23},{"Gremlin Horn":5,"Happy Flower":7,"HoveringKite":10,"Tingsha":0,"Eternal Feather":23,"The Courier":25,"Bag of Preparation":22,"Paper Crane":11,"Orichalcum":24,"White Beast Statue":6,"Akabeko":16,"Peace Pipe":15,"HornCleat":15,"DollysMirror":20,"MealTicket":24,"Molten Egg 2":25,"Black Star":19,"Red Mask":21,"Kunai":22,"InkBottle":9,"Ring of the Snake":0,"Meat on the Bone":13},{"Gremlin Horn":14,"Happy Flower":22,"HoveringKite":33,"Tingsha":0,"Eternal Feather":64,"The Courier":66,"Bag of Preparation":60,"Paper Crane":37,"Orichalcum":65,"White Beast Statue":18,"Akabeko":46,"Peace Pipe":44,"HornCleat":44,"DollysMirror":55,"MealTicket":65,"Molten Egg 2":66,"Black Star":53,"Red Mask":57,"Kunai":60,"InkBottle":29,"Ring of the Snake":0,"Meat on the Bone":40}],"InkBottle":[45],"Ring of the Snake":[54],"Meat on the Bone":0},"card_choices":[{"not_picked":["Outmaneuver","Acrobatics"],"picked":"Calculated Gamble","floor":1.0},{"not_picked":["Slice","Blade Dance"],"picked":"Adrenaline","floor":2.0},{"not_picked":["Caltrops","Deadly Poison"],"picked":"Sucker Punch","floor":3.0},{"not_picked":["Dagger Spray","Catalyst"],"picked":"Underhanded Strike","floor":5.0},{"not_picked":["Eviscerate","Doppelganger"],"picked":"All Out Attack","floor":6.0},{"not_picked":["Dagger Throw","Well Laid Plans"],"picked":"Prepared","floor":8.0},{"not_picked":["Cloak And Dagger","Sucker Punch"],"picked":"Reflex","floor":12.0},{"not_picked":["PiercingWail","Prepared"],"picked":"Acrobatics","floor":13.0},{"not_picked":["Accuracy","Deadly Poison"],"picked":"Dodge and Roll","floor":14},{"not_picked":["Envenom","Night Terror"],"picked":"Adrenaline","floor":16},{"not_picked":["Deadly Poison","Well Laid Plans"],"picked":"Underhanded Strike","floor":18},{"not_picked":["Poisoned Stab+1","Quick Slash"],"picked":"Dagger Throw","floor":21},{"not_picked":["Outmaneuver+1","Deflect"],"picked":"Calculated Gamble","floor":23},{"not_picked":["Bouncing Flask","PiercingWail+1"],"picked":"All Out Attack","floor":24},{"not_picked":["Acrobatics","Backflip"],"picked":"PiercingWail","floor":25},{"not_picked":["Caltrops","Flechettes"],"picked":"Prepared","floor":28},{"not_picked":["Prepared","Endless Agony","Riddle With Holes"],"picked":"SKIP","floor":30},{"not_picked":["Cloak And Dagger","Outmaneuver","Catalyst"],"picked":"SKIP","floor":31},{"not_picked":["Burst","Malaise"],"picked":"Tools of the Trade","floor":33},{"not_picked":["Quick Slash+1","Dodge and Roll"],"picked":"Eviscerate","floor":35},{"not_picked":["Bane","PiercingWail"],"picked":"Eviscerate","floor":38},{"not_picked":["Night Terror","Deflect","Setup+1"],"picked":"SKIP","floor":40},{"not_picked":["Outmaneuver","All Out Attack","Accuracy"],"picked":"SKIP","floor":42},{"not_picked":["Underhanded Strike+1","Dagger Throw+1"],"picked":"Backflip+1","floor":44},{"not_picked":["Backflip","Catalyst"],"picked":"Calculated Gamble","floor":46},{"not_picked":["Finisher+1","Flying Knee+1","Dagger Throw+1"],"picked":"SKIP","floor":48}],"player_experience":481330,"relics_obtained":[{"floor":6.0,"key":"Gremlin Horn"},{"floor":8.0,"key":"White Beast Statue"},{"floor":12.0,"key":"Happy Flower"},{"floor":14,"key":"InkBottle"},{"floor":23,"key":"Meat on the Bone"},{"floor":25,"key":"Peace Pipe"},{"floor":26,"key":"HornCleat"},{"floor":28,"key":"Akabeko"},{"floor":40,"key":"Kunai"},{"floor":40,"key":"Bag of Preparation"},{"floor":43,"key":"Eternal Feather"},{"floor":44,"key":"Orichalcum"},{"floor":44,"key":"MealTicket"},{"floor":46,"key":"Molten Egg 2"},{"floor":46,"key":"The Courier"}],"event_choices":[{"damage_healed":0.0,"max_hp_gain":5.0,"max_hp_loss":0.0,"gold_gain":0.0,"event_name":"Big Fish","player_choice":"Donut","floor":4.0,"gold_loss":0.0,"damage_taken":0.0},{"damage_healed":0.0,"max_hp_gain":0.0,"max_hp_loss":0.0,"gold_gain":70.0,"event_name":"Golden Wing","player_choice":"Gained Gold","floor":11.0,"gold_loss":0.0,"damage_taken":0.0},{"damage_healed":0,"gold_gain":99,"player_choice":"Stole From Cult","damage_taken":0,"max_hp_gain":0,"max_hp_loss":0,"event_name":"Nest","floor":20,"gold_loss":0},{"cards_removed":["Defend_G"],"damage_healed":0,"gold_gain":0,"player_choice":"Removed Skill","damage_taken":0,"max_hp_gain":0,"max_hp_loss":0,"event_name":"Falling","floor":37,"gold_loss":0},{"damage_healed":0,"gold_gain":0,"player_choice":"Paid","damage_taken":0,"relics_obtained":["Red Mask"],"max_hp_gain":0,"max_hp_loss":0,"event_name":"Tomb of Lord Red Mask","floor":39,"gold_loss":38},{"damage_healed":0,"gold_gain":0,"player_choice":"Max HP","damage_taken":0,"max_hp_gain":0,"max_hp_loss":4,"event_name":"Winding Halls","floor":41,"gold_loss":0}],"is_beta":false,"boss_relics":[{"not_picked":["Runic Pyramid","Empty Cage"],"picked":"HoveringKite"},{"not_picked":["Velvet Choker","Runic Dome"],"picked":"Black Star"}],"items_purged_floors":[19,22,36],"is_endless":false,"potions_floor_spawned":[2,3,6,8,12,13,14,16,18,21,23,24,25,28,30,31,33,35,38,40,42,44,46,48],"ascension_level":12}}