{"host":"8nctav4lo34mnono","time":1612903069,"event":{"mods":["BaseMod","Bestiary","Highlight Path","Minty Spire (QoL Compilation)","Relic Stats","Slay the Relics Exporter"],"gold_per_floor":[369,10,27,38,56,75,100,100,125,139,139,92,102,134,134,230,230,265,273,286,302,44,44,73,73,98,28,68,68,68,34,34,130,130,174,191,191,202,45,73,73,73,98,113,113,193,211,211,211,241,241,241,59,88,88,88],"floor_reached":55,"language":"ENG","playtime":3141,"items_purged":["Writhe","SandsOfTime"],"score":899,"play_id":"d62dffd6-1afe-4a76-9003-2b66889f16bc","local_time":"20210209203749","is_ascension_mode":true,"campfire_choices":[{"data":"Eruption","floor":8.0,"key":"SMITH"},{"data":"Collect","floor":11.0,"key":"SMITH"},{"data":"Wallop","floor":15.0,"key":"SMITH"},{"floor":23.0,"key":"REST"},{"floor":25.0,"key":"REST"},{"floor":32.0,"key":"REST"},{"floor":42.0,"key":"REST"},{"floor":45.0,"key":"REST"},{"floor":49.0,"key":"RECALL"},{"data":"Tantrum","floor":52.0,"key":"SMITH"}],"circlet_count":0,"master_deck":["Eruption+1","Vigilance+1","JustLucky+1","Prostrate","Wallop+1","ThirdEye+1","Collect+1","Consecrate","FlurryOfBlows","FlyingSleeves","CutThroughFate+1","FlurryOfBlows","Wallop","LessonLearned","SandsOfTime","Wish+1","Blasphemy","ForeignInfluence","EmptyFist","Halt+1","FlurryOfBlows","ThirdEye+1","SashWhip+1","MentalFortress+1","CutThroughFate+1","Tantrum+1","DevaForm","MentalFortress+1","CutThroughFate","FlurryOfBlows","FearNoEvil","Halt+1"],"relics":["PureWater","White Beast Statue","HornCleat","Vajra","Whetstone","Pandora\u0027s Box","Gremlin Horn","Lantern","Runic Pyramid","Bag of Marbles","Art of War","PreservedInsect","Incense Burner","Pantograph","Mummified Hand"],"acts_visited":["Exordium","TheCity","TheBeyond","TheEnding"],"potions_floor_usage":[54,55,55],"damage_taken":[{"damage":1.0,"enemies":"Cultist","floor":1.0,"turns":3.0},{"damage":0.0,"enemies":"2 Louse","floor":3.0,"turns":4.0},{"damage":2.0,"enemies":"Jaw Worm","floor":4.0,"turns":3.0},{"damage":5.0,"enemies":"Blue Slaver","floor":5.0,"turns":4.0},{"damage":0.0,"enemies":"Looter","floor":6.0,"turns":3.0},{"damage":7.0,"enemies":"Gremlin Nob","floor":7.0,"turns":3.0},{"damage":0.0,"enemies":"Large Slime","floor":10.0,"turns":4.0},{"damage":0.0,"enemies":"Exordium Wildlife","floor":13.0,"turns":3.0},{"damage":3.0,"enemies":"3 Sentries","floor":14.0,"turns":3.0},{"damage":33.0,"enemies":"The Guardian","floor":16.0,"turns":8.0},{"damage":0.0,"enemies":"Spheric Guardian","floor":18.0,"turns":3.0},{"damage":0.0,"enemies":"2 Thieves","floor":19.0,"turns":4.0},{"damage":36.0,"enemies":"Sentry and Sphere","floor":20.0,"turns":6.0},{"damage":18.0,"enemies":"Snake Plant","floor":21.0,"turns":4.0},{"damage":16.0,"enemies":"Book of Stabbing","floor":24.0,"turns":4.0},{"damage":20.0,"enemies":"Shelled Parasite and Fungi","floor":28.0,"turns":7.0},{"damage":11.0,"enemies":"Automaton","floor":33.0,"turns":6.0},{"damage":8.0,"enemies":"3 Shapes","floor":35.0,"turns":3.0},{"damage":0.0,"enemies":"Orb Walker","floor":36.0,"turns":2.0},{"damage":35.0,"enemies":"Transient","floor":38.0,"turns":5.0},{"damage":2.0,"enemies":"Giant Head","floor":40.0,"turns":6.0},{"damage":0.0,"enemies":"4 Shapes","floor":44.0,"turns":1.0},{"damage":0.0,"enemies":"Mind Bloom Boss Battle","floor":46.0,"turns":3.0},{"damage":0.0,"enemies":"Sphere and 2 Shapes","floor":47.0,"turns":3.0},{"damage":7.0,"enemies":"Awakened One","floor":50.0,"turns":9.0},{"damage":62,"enemies":"Shield and Spear","floor":54,"turns":5},{"damage":68,"enemies":"The Heart","floor":55,"turns":3}],"seed_played":"-6149052903667460528","potions_obtained":[{"floor":1.0,"key":"FairyPotion"},{"floor":3.0,"key":"BlessingOfTheForge"},{"floor":4.0,"key":"Fire Potion"},{"floor":7.0,"key":"Explosive Potion"},{"floor":14.0,"key":"Weak Potion"},{"floor":18.0,"key":"BottledMiracle"},{"floor":19.0,"key":"Swift Potion"},{"floor":20.0,"key":"Fire Potion"},{"floor":21.0,"key":"LiquidMemories"},{"floor":24.0,"key":"Regen Potion"},{"floor":28.0,"key":"SteroidPotion"},{"floor":44.0,"key":"SkillPotion"},{"floor":47.0,"key":"StancePotion"},{"floor":54,"key":"SkillPotion"}],"is_trial":false,"path_per_floor":["M","$","M","M","M","M","E","R","T","M","R","$","M","E","R","B",null,"M","M","M","M","$","R","E","R","T","$","M","?","?","$","R","B",null,"M","M","?","M","$","E","?","R","T","M","R","?","M","T","R","B",null,"R","$","E","B"],"character_chosen":"WATCHER","items_purchased":["White Beast Statue","Prostrate","CutThroughFate","Gremlin Horn","MentalFortress","Tantrum","Bag of Marbles","FearNoEvil","PowerPotion"],"campfire_rested":5,"item_purchase_floors":[2,2,12,22,27,31,39,53,53],"current_hp_per_floor":[71,71,71,69,64,64,57,57,57,57,57,57,57,54,54,21,59,59,59,23,5,5,26,10,31,31,31,11,11,35,35,56,45,65,57,57,57,22,22,20,20,41,41,41,62,62,62,62,62,65,70,70,70,8,0,0],"gold":88,"neow_bonus":"TWO_FIFTY_GOLD","is_daily":false,"chose_seed":false,"campfire_upgraded":4,"win_rate":0.0,"timestamp":1612903069,"path_taken":["M","$","M","M","?","M","E","R","T","M","R","$","M","E","R","BOSS","M","M","?","M","$","R","E","R","T","?","M","?","?","$","R","BOSS","M","M","?","M","$","E","?","R","T","M","R","?","M","?","R","BOSS","R","$","E","BOSS"],"items_purchased_type":["Relic","Card","Card","Relic","Card","Card","Relic","Card","Potion"],"build_version":"2020-12-22","purchased_purges":2,"victory":false,"max_hp_per_floor":[72,72,72,72,72,72,72,72,72,72,72,72,72,72,72,72,72,72,72,72,72,72,72,72,72,72,72,72,72,72,72,72,72,72,72,72,72,72,72,72,72,72,72,72,72,72,72,72,72,72,72,72,72,72,72,72],"relic_stats":{"Gremlin Horn":[13,13],"counters":[27,112],"Mummified Hand":[3],"Pantograph":35,"Pandora\u0027s Box":["SandsOfTime","Wish","SandsOfTime","Blasphemy","ForeignInfluence","EmptyFist","Sanctity","WreathOfFlame"],"PreservedInsect":68,"Art of War":[0],"Whetstone":["JustLucky","Strike_P"],"obtain_stats":[{"Lantern":24,"Gremlin Horn":22,"Vajra":9,"PreservedInsect":43,"Incense Burner":46,"Whetstone":14,"White Beast Statue":2,"HornCleat":7,"Mummified Hand":54,"Pantograph":48,"Pandora\u0027s Box":17,"Bag of Marbles":39,"Art of War":40,"PureWater":0,"Runic Pyramid":34},{"Lantern":15,"Gremlin Horn":14,"Vajra":6,"PreservedInsect":21,"Incense Burner":23,"Whetstone":9,"White Beast Statue":1,"HornCleat":6,"Mummified Hand":26,"Pantograph":24,"Pandora\u0027s Box":10,"Bag of Marbles":20,"Art of War":21,"PureWater":0,"Runic Pyramid":17},{"Lantern":59,"Gremlin Horn":55,"Vajra":20,"PreservedInsect":88,"Incense Burner":92,"Whetstone":30,"White Beast Statue":3,"HornCleat":20,"Mummified Hand":109,"Pantograph":95,"Pandora\u0027s Box":38,"Bag of Marbles":82,"Art of War":88,"PureWater":0,"Runic Pyramid":72}]},"card_choices":[{"not_picked":["Crescendo","Evaluate"],"picked":"JustLucky","floor":1.0},{"not_picked":["EmptyBody","Protect"],"picked":"Wallop","floor":3.0},{"not_picked":["PathToVictory","FollowUp"],"picked":"ThirdEye","floor":4.0},{"not_picked":["ForeignInfluence","Sanctity"],"picked":"Collect","floor":5.0},{"not_picked":["FollowUp","ConjureBlade"],"picked":"Consecrate","floor":6.0},{"not_picked":["Weave","EmptyBody"],"picked":"FlurryOfBlows","floor":7.0},{"not_picked":["LikeWater","ThirdEye"],"picked":"FlyingSleeves","floor":10.0},{"not_picked":["Halt","SashWhip"],"picked":"FlurryOfBlows","floor":13.0},{"not_picked":["SandsOfTime","Devotion"],"picked":"Wallop","floor":14.0},{"not_picked":["Wish","Omniscience"],"picked":"LessonLearned","floor":16.0},{"not_picked":["WheelKick","Study"],"picked":"Halt","floor":18.0},{"not_picked":["PathToVictory","ThirdEye+1"],"picked":"FlurryOfBlows","floor":19.0},{"not_picked":["FlyingSleeves","SandsOfTime","Evaluate"],"picked":"SKIP","floor":20.0},{"not_picked":["Evaluate+1","Prostrate"],"picked":"ThirdEye+1","floor":21.0},{"not_picked":["Sanctity","SignatureMove"],"picked":"SashWhip+1","floor":24.0},{"not_picked":["LessonLearned","JustLucky+1"],"picked":"CutThroughFate+1","floor":28.0},{"not_picked":["Brilliance","Wish"],"picked":"DevaForm","floor":33.0},{"not_picked":["EmptyBody","CutThroughFate+1"],"picked":"MentalFortress+1","floor":35.0},{"not_picked":["SandsOfTime+1","BowlingBash+1","Protect+1"],"picked":"SKIP","floor":36.0},{"not_picked":["JustLucky+1","Evaluate+1","ThirdEye"],"picked":"SKIP","floor":38.0},{"not_picked":["BattleHymn+1","Establishment"],"picked":"CutThroughFate","floor":40.0},{"not_picked":["Nirvana+1","Prostrate+1"],"picked":"FlurryOfBlows","floor":44.0},{"not_picked":["CrushJoints+1","ThirdEye","JustLucky+1"],"picked":"SKIP","floor":47.0},{"not_picked":["ReachHeaven+1","PathToVictory"],"picked":"Halt+1","floor":54}],"player_experience":371038,"relics_obtained":[{"floor":7.0,"key":"HornCleat"},{"floor":9.0,"key":"Vajra"},{"floor":14.0,"key":"Whetstone"},{"floor":24.0,"key":"Lantern"},{"floor":40.0,"key":"Art of War"},{"floor":43.0,"key":"PreservedInsect"},{"floor":46.0,"key":"Incense Burner"},{"floor":48.0,"key":"Pantograph"},{"floor":54,"key":"Mummified Hand"}],"event_choices":[{"cards_removed":["WreathOfFlame"],"damage_healed":0.0,"max_hp_gain":0.0,"max_hp_loss":0.0,"gold_gain":0.0,"event_name":"Back to Basics","player_choice":"Elegance","floor":29.0,"gold_loss":0.0,"damage_taken":0.0},{"damage_healed":24.0,"max_hp_gain":0.0,"max_hp_loss":0.0,"gold_gain":0.0,"event_name":"The Library","player_choice":"Heal","floor":30.0,"gold_loss":0.0,"damage_taken":0.0},{"cards_removed":["Sanctity"],"damage_healed":0.0,"max_hp_gain":0.0,"max_hp_loss":0.0,"gold_gain":0.0,"event_name":"Falling","player_choice":"Removed Skill","floor":37.0,"gold_loss":0.0,"damage_taken":0.0},{"damage_healed":0.0,"max_hp_gain":0.0,"max_hp_loss":0.0,"gold_gain":0.0,"event_name":"Mysterious Sphere","player_choice":"Ignored","floor":41.0,"gold_loss":0.0,"damage_taken":0.0},{"damage_healed":0.0,"max_hp_gain":0.0,"max_hp_loss":0.0,"gold_gain":0.0,"event_name":"MindBloom","player_choice":"Fight","floor":46.0,"gold_loss":0.0,"damage_taken":0.0}],"is_beta":false,"boss_relics":[{"not_picked":["Snecko Eye","Velvet Choker"],"picked":"Pandora\u0027s Box"},{"not_picked":["Cursed Key","Philosopher\u0027s Stone"],"picked":"Runic Pyramid"}],"items_purged_floors":[2,53],"is_endless":false,"potions_floor_spawned":[1,3,4,5,6,7,10,13,14,16,18,19,20,21,24,28,33,35,36,38,40,44,46,47,54],"killed_by":"The Heart","ascension_level":5}}