{"host":"q8mjpf3krl0t4p3x","time":1612860709,"event":{"mods":["BaseMod","Colored Map","Colored Powertips","Googly Eyes","Minty Spire (QoL Compilation)","Quick Restart","StSLib","everything is the same but u backflip on backflip","slay the spire mod where everything is the same but ironclad has a cowboy hat"],"gold_per_floor":[112,112,77,77,91,91,42,61,61,61,79,30,30,62,62,135,135,149,165,165,165,190,229,241,241],"floor_reached":24,"language":"ENG","playtime":597,"items_purged":[],"score":461,"play_id":"9e20915e-15be-4db7-b3a6-e12b0d3979e7","local_time":"20210209005149","is_ascension_mode":true,"campfire_choices":[{"data":"Pommel Strike","floor":6,"key":"SMITH"},{"data":"Anger","floor":10,"key":"SMITH"},{"data":"Bash","floor":13,"key":"SMITH"},{"data":"Headbutt","floor":15,"key":"SMITH"}],"circlet_count":0,"master_deck":["AscendersBane","Strike_R","Strike_R","Strike_R","Strike_R","Strike_R","Defend_R","Defend_R","Defend_R","Defend_R","Bash+1","Headbutt+1","Pommel Strike+1","Anger+1","Flame Barrier","Impervious","Doubt","True Grit"],"relics":["Burning Blood","Bronze Scales","Happy Flower","Shuriken","Cursed Key","MawBank","Champion Belt"],"acts_visited":["TheCity"],"potions_floor_usage":[14,16,23,24],"damage_taken":[{"damage":4,"enemies":"Jaw Worm","floor":1,"turns":4},{"damage":0,"enemies":"Small Slimes","floor":5,"turns":3},{"damage":5,"enemies":"2 Louse","floor":8,"turns":2},{"damage":10,"enemies":"Exordium Wildlife","floor":11,"turns":3},{"damage":5,"enemies":"3 Sentries","floor":14,"turns":6},{"damage":0,"enemies":"Slime Boss","floor":16,"turns":3},{"damage":16,"enemies":"Spheric Guardian","floor":18,"turns":3},{"damage":16,"enemies":"Shell Parasite","floor":19,"turns":4},{"damage":27,"enemies":"Sentry and Sphere","floor":22,"turns":5},{"damage":48,"enemies":"Slavers","floor":23,"turns":6},{"damage":0,"enemies":"Centurion and Healer","floor":24,"turns":3}],"seed_played":"3353007353009765597","potions_obtained":[{"floor":5,"key":"ColorlessPotion"},{"floor":11,"key":"DistilledChaos"},{"floor":19,"key":"SpeedPotion"},{"floor":23,"key":"BlessingOfTheForge"}],"is_trial":false,"path_per_floor":["M","?","?","?","M","R","$","M","T","R","M","$","R","E","R","B",null,"M","M","?","T","M","E","M"],"character_chosen":"IRONCLAD","items_purchased":["Anger","Fire Potion"],"campfire_rested":0,"item_purchase_floors":[7,12],"current_hp_per_floor":[69,74,99,92,98,98,98,99,99,99,95,95,95,96,96,101,101,91,81,81,81,60,18,18,18],"gold":241,"neow_bonus":"TWENTY_PERCENT_HP_BONUS","is_daily":false,"chose_seed":false,"campfire_upgraded":4,"win_rate":0.0,"timestamp":1612860709,"path_taken":["M","?","?","?","M","R","$","M","T","R","M","?","R","E","R","BOSS","M","M","?","?","M","E","M"],"items_purchased_type":["Card","Potion"],"build_version":"2020-12-22","purchased_purges":0,"victory":false,"max_hp_per_floor":[96,101,101,101,101,101,101,101,101,101,101,101,101,101,101,101,101,101,101,101,101,101,101,101,101],"card_choices":[{"not_picked":["Iron Wave","Warcry"],"picked":"Headbutt","floor":1},{"not_picked":["Infernal Blade","Headbutt"],"picked":"Pommel Strike","floor":5},{"not_picked":["Warcry","Twin Strike","Sword Boomerang"],"picked":"SKIP","floor":8},{"not_picked":["Dropkick","Sever Soul"],"picked":"Flame Barrier","floor":11},{"not_picked":["Iron Wave","Clash","Blood for Blood"],"picked":"SKIP","floor":14},{"not_picked":["Limit Break","Exhume"],"picked":"Impervious","floor":16},{"not_picked":["Pommel Strike+1","Havoc","Warcry"],"picked":"SKIP","floor":18},{"not_picked":["Iron Wave","Infernal Blade","Pummel"],"picked":"SKIP","floor":19},{"not_picked":["Perfected Strike+1","Body Slam"],"picked":"True Grit","floor":22},{"not_picked":["Twin Strike","Searing Blow","Sever Soul"],"picked":"SKIP","floor":23}],"player_experience":342688,"relics_obtained":[{"floor":9,"key":"Happy Flower"},{"floor":14,"key":"Shuriken"},{"floor":21,"key":"MawBank"},{"floor":23,"key":"Champion Belt"}],"event_choices":[{"damage_healed":0,"gold_gain":0,"player_choice":"Donut","damage_taken":0,"max_hp_gain":5,"max_hp_loss":0,"event_name":"Big Fish","floor":2,"gold_loss":0},{"damage_healed":25,"gold_gain":0,"player_choice":"Healed","damage_taken":0,"max_hp_gain":0,"max_hp_loss":0,"event_name":"The Cleric","floor":3,"gold_loss":35},{"damage_healed":0,"gold_gain":0,"player_choice":"Success","damage_taken":7,"relics_obtained":["Bronze Scales"],"max_hp_gain":0,"max_hp_loss":0,"event_name":"Scrap Ooze","floor":4,"gold_loss":0},{"damage_healed":0,"gold_gain":0,"player_choice":"Ignored","damage_taken":0,"max_hp_gain":0,"max_hp_loss":0,"event_name":"Ghosts","floor":20,"gold_loss":0}],"is_beta":false,"boss_relics":[{"not_picked":["Tiny House","Empty Cage"],"picked":"Cursed Key"}],"items_purged_floors":[],"is_endless":false,"potions_floor_spawned":[5,11,19,23],"killed_by":"Centurion and Healer","ascension_level":13}}