{"host":"ad59wuc8ynh8u2z6","time":1612870787,"event":{"mods":["AchievementEnabler","BaseMod","Colored Powertips","DeckTracker","Highlight Path","Minty Spire (QoL Compilation)","Permanent Neow"],"gold_per_floor":[363,380,380,392,22,47,47,47,98,124,144,144,144,144],"floor_reached":13,"language":"ENG","playtime":429,"items_purged":["Strike_B"],"score":112,"play_id":"3afe6106-dc43-45b1-9138-1b5af9a3c7d4","local_time":"20210209123947","is_ascension_mode":true,"campfire_choices":[{"data":"Blizzard","floor":8.0,"key":"SMITH"}],"circlet_count":0,"master_deck":["Defend_B","Defend_B","Defend_B","Defend_B","Zap","Dualcast","Blizzard+1","Self Repair","Cold Snap","Defragment+1"],"relics":["Cracked Core","Frozen Egg 2","Smiling Mask","Anchor","Regal Pillow"],"acts_visited":["Exordium"],"potions_floor_usage":[],"damage_taken":[{"damage":7.0,"enemies":"Small Slimes","floor":1.0,"turns":3.0},{"damage":1.0,"enemies":"Cultist","floor":2.0,"turns":3.0},{"damage":0.0,"enemies":"2 Louse","floor":4.0,"turns":4.0},{"damage":23.0,"enemies":"Lagavulin","floor":6.0,"turns":10.0},{"damage":31.0,"enemies":"Gremlin Nob","floor":10.0,"turns":4.0},{"damage":0.0,"enemies":"Looter","floor":11.0,"turns":3.0},{"damage":13,"enemies":"3 Sentries","floor":13,"turns":4}],"seed_played":"-2463940017655124477","potions_obtained":[{"floor":1.0,"key":"FearPotion"},{"floor":4.0,"key":"Weak Potion"}],"is_trial":false,"path_per_floor":["M","M","?","M","$","E","?","R","T","E","M","?","E"],"character_chosen":"DEFECT","items_purchased":["Cold Snap","Frozen Egg 2"],"campfire_rested":0,"item_purchase_floors":[5,5],"current_hp_per_floor":[47,46,46,53,53,37,37,37,37,13,20,13,0,0],"gold":144,"neow_bonus":"TWO_FIFTY_GOLD","is_daily":false,"chose_seed":false,"campfire_upgraded":1,"win_rate":0.0,"timestamp":1612870787,"path_taken":["M","M","?","?","$","E","?","R","T","E","M","?","E"],"items_purchased_type":["Card","Relic"],"build_version":"2020-12-22","purchased_purges":1,"victory":false,"max_hp_per_floor":[75,75,75,75,75,75,75,75,75,75,75,75,75,75],"card_choices":[{"not_picked":["Beam Cell","Conserve Battery"],"picked":"Blizzard","floor":1.0},{"not_picked":["Turbo","Compile Driver"],"picked":"Self Repair","floor":2.0},{"not_picked":["Rip and Tear","Leap","Sweeping Beam"],"picked":"SKIP","floor":4.0},{"not_picked":["Rebound","Conserve Battery","Tempest"],"picked":"SKIP","floor":6.0},{"not_picked":["Meteor Strike","Coolheaded"],"picked":"Defragment+1","floor":10.0},{"not_picked":["Aggregate","Steam","Conserve Battery"],"picked":"SKIP","floor":11.0}],"player_experience":78477,"relics_obtained":[{"floor":6.0,"key":"Smiling Mask"},{"floor":9.0,"key":"Anchor"},{"floor":10.0,"key":"Regal Pillow"}],"event_choices":[{"cards_removed":["Strike_B"],"damage_healed":0.0,"max_hp_gain":0.0,"max_hp_loss":0.0,"gold_gain":0.0,"event_name":"Purifier","player_choice":"Purged","floor":3.0,"gold_loss":0.0,"damage_taken":0.0},{"cards_removed":["Strike_B"],"damage_healed":0.0,"max_hp_gain":0.0,"max_hp_loss":0.0,"gold_gain":0.0,"event_name":"Living Wall","player_choice":"Forget","floor":7.0,"gold_loss":0.0,"damage_taken":0.0},{"cards_removed":["Strike_B"],"damage_healed":0.0,"max_hp_gain":0.0,"max_hp_loss":0.0,"gold_gain":0.0,"event_name":"Golden Wing","player_choice":"Card Removal","floor":12.0,"gold_loss":0.0,"damage_taken":7.0}],"is_beta":false,"boss_relics":[],"items_purged_floors":[5],"is_endless":false,"potions_floor_spawned":[1,4],"killed_by":"3 Sentries","ascension_level":4}}