{"host":"ow66nzv2xecjoor3","time":1612851449,"event":{"mods":["BaseMod","Bestiary","Block Reminder","Colored Powertips","Curses Come First","Highlight Path","Keyboard Shortcuts","Minty Spire (QoL Compilation)","Permanent Neow","Relic Stats","StSLib","UnlockEverythingMod"],"gold_per_floor":[119,119,134,95,115,115,150,164,187,202,232,248,307,336,336,413,413,432,432,432,43,61,61,95,145,195,215,215,215],"floor_reached":28,"language":"ENG","playtime":918,"items_purged":["Strike_R"],"score":541,"play_id":"efc4cd22-9a37-4ef8-a8fb-2171fa78b352","local_time":"20210209001729","is_ascension_mode":true,"campfire_choices":[{"data":"Uppercut","floor":6,"key":"SMITH"},{"data":"Disarm","floor":15,"key":"SMITH"},{"data":"Spot Weakness","floor":23,"key":"SMITH"}],"circlet_count":0,"master_deck":["AscendersBane","Strike_R","Strike_R","Strike_R","Defend_R","Defend_R","Defend_R","Bash","Pommel Strike","Flex","Disarm+1","Uppercut+1","Cleave","Spot Weakness+1","Anger","Shockwave","Demon Form","Reaper","Reckless Charge","Feel No Pain","Spot Weakness"],"relics":["SlaversCollar","Omamori","Strawberry","Potion Belt","StrikeDummy","Calling Bell","Ancient Tea Set","Question Card","Mango","Incense Burner","Self Forming Clay","Mercury Hourglass"],"acts_visited":["Exordium","TheCity"],"potions_floor_usage":[14,28],"damage_taken":[{"damage":13,"enemies":"2 Louse","floor":1,"turns":4},{"damage":1,"enemies":"Cultist","floor":3,"turns":4},{"damage":0,"enemies":"Jaw Worm","floor":5,"turns":5},{"damage":16,"enemies":"Lagavulin","floor":7,"turns":5},{"damage":4,"enemies":"Looter","floor":8,"turns":3},{"damage":2,"enemies":"Red Slaver","floor":10,"turns":3},{"damage":15,"enemies":"3 Sentries","floor":11,"turns":6},{"damage":5,"enemies":"Blue Slaver","floor":12,"turns":4},{"damage":6,"enemies":"Lagavulin","floor":14,"turns":6},{"damage":7,"enemies":"Hexaghost","floor":16,"turns":8},{"damage":14,"enemies":"Chosen","floor":18,"turns":6},{"damage":32,"enemies":"Spheric Guardian","floor":22,"turns":7},{"damage":25,"enemies":"Book of Stabbing","floor":24,"turns":6},{"damage":24,"enemies":"Snecko","floor":27,"turns":6},{"damage":10,"enemies":"Centurion and Healer","floor":28,"turns":2}],"seed_played":"-8986472261628780176","potions_obtained":[{"floor":3,"key":"Weak Potion"},{"floor":10,"key":"Ancient Potion"},{"floor":11,"key":"Dexterity Potion"},{"floor":16,"key":"Strength Potion"},{"floor":18,"key":"SkillPotion"}],"is_trial":false,"path_per_floor":["M","?","M","$","M","R","E","M","T","M","E","M","?","E","R","B",null,"M","?","?","$","M","R","E","?","T","M","M"],"character_chosen":"IRONCLAD","items_purchased":["Disarm","Self Forming Clay","Reckless Charge"],"campfire_rested":0,"item_purchase_floors":[4,21,21],"current_hp_per_floor":[55,55,54,54,54,54,38,34,41,39,24,19,19,13,13,6,77,69,69,69,69,37,37,24,24,24,9,0,0],"gold":215,"neow_bonus":"BOSS_RELIC","is_daily":false,"chose_seed":false,"campfire_upgraded":3,"win_rate":0.0,"timestamp":1612851449,"path_taken":["M","?","M","$","?","R","E","M","T","M","E","M","?","E","R","BOSS","M","?","?","$","?","R","E","?","T","M","?"],"items_purchased_type":["Card","Relic","Card"],"build_version":"2020-12-22","purchased_purges":1,"victory":false,"max_hp_per_floor":[75,75,75,75,75,75,75,75,82,82,82,82,82,82,82,82,96,96,96,96,96,96,96,96,96,96,96,96,96],"relic_stats":{"counters":[15,75],"Self Forming Clay":[48],"Question Card":4,"obtain_stats":[{"Potion Belt":11,"Self Forming Clay":21,"Mango":17,"Omamori":7,"Incense Burner":19,"Ancient Tea Set":17,"Question Card":17,"Burning Blood":0,"Mercury Hourglass":24,"Calling Bell":17,"SlaversCollar":0,"Strawberry":9,"StrikeDummy":14},{"Potion Belt":7,"Self Forming Clay":11,"Mango":10,"Omamori":4,"Incense Burner":11,"Ancient Tea Set":10,"Question Card":10,"Burning Blood":0,"Mercury Hourglass":13,"Calling Bell":10,"SlaversCollar":0,"Strawberry":5,"StrikeDummy":9},{"Potion Belt":30,"Self Forming Clay":54,"Mango":48,"Omamori":18,"Incense Burner":54,"Ancient Tea Set":48,"Question Card":48,"Burning Blood":0,"Mercury Hourglass":67,"Calling Bell":48,"SlaversCollar":0,"Strawberry":21,"StrikeDummy":40}],"Mercury Hourglass":[30]},"card_choices":[{"not_picked":["Clothesline","Wild Strike"],"picked":"Pommel Strike","floor":1},{"not_picked":["Body Slam","Headbutt","True Grit"],"picked":"SKIP","floor":3},{"not_picked":["Twin Strike","Armaments"],"picked":"Uppercut","floor":5},{"not_picked":["Evolve","Entrench"],"picked":"Cleave","floor":7},{"not_picked":["Metallicize","Iron Wave"],"picked":"Spot Weakness","floor":8},{"not_picked":["Dual Wield","Havoc"],"picked":"Anger","floor":10},{"not_picked":["Pommel Strike","Inflame"],"picked":"Shockwave","floor":11},{"not_picked":["Flex","Clash","Clothesline"],"picked":"SKIP","floor":12},{"not_picked":["Havoc","Headbutt"],"picked":"Demon Form","floor":14},{"not_picked":["Bludgeon","Feed"],"picked":"Reaper","floor":16},{"not_picked":["Clash","Flex","Juggernaut","Armaments"],"picked":"SKIP","floor":18},{"not_picked":["True Grit","Iron Wave","Perfected Strike","Flex+1"],"picked":"SKIP","floor":22},{"not_picked":["True Grit","Iron Wave","Perfected Strike","Flex+1"],"picked":"SKIP","floor":22},{"not_picked":["Rage","Clothesline","Burning Pact"],"picked":"Feel No Pain","floor":24},{"not_picked":["Clothesline","Iron Wave","Sentinel"],"picked":"Spot Weakness","floor":27}],"player_experience":2825849,"relics_obtained":[{"floor":7,"key":"Omamori"},{"floor":9,"key":"Strawberry"},{"floor":11,"key":"Potion Belt"},{"floor":14,"key":"StrikeDummy"},{"floor":17,"key":"Ancient Tea Set"},{"floor":17,"key":"Question Card"},{"floor":17,"key":"Mango"},{"floor":24,"key":"Mercury Hourglass"}],"event_choices":[{"damage_healed":0,"gold_gain":0,"cards_transformed":["Strike_R"],"player_choice":"Transformed","damage_taken":0,"max_hp_gain":0,"max_hp_loss":0,"event_name":"Transmorgrifier","floor":2,"gold_loss":0,"cards_obtained":["Flex"]},{"damage_healed":0,"gold_gain":59,"player_choice":"Gained Gold","damage_taken":0,"max_hp_gain":0,"max_hp_loss":0,"event_name":"Golden Wing","floor":13,"gold_loss":0},{"damage_healed":0,"gold_gain":0,"player_choice":"Opened","damage_taken":0,"relics_obtained":["Incense Burner"],"max_hp_gain":0,"max_hp_loss":0,"event_name":"The Mausoleum","floor":19,"gold_loss":0,"cards_obtained":["Writhe"]},{"cards_removed":["Defend_R"],"damage_healed":0,"gold_gain":0,"player_choice":"Offered Basic","damage_taken":0,"max_hp_gain":0,"max_hp_loss":0,"event_name":"Bonfire Elementals","floor":20,"gold_loss":0},{"damage_healed":0,"gold_gain":50,"player_choice":"Pray","damage_taken":0,"max_hp_gain":0,"max_hp_loss":0,"event_name":"Golden Shrine","floor":25,"gold_loss":0}],"is_beta":false,"boss_relics":[{"not_picked":["Runic Cube","Velvet Choker"],"picked":"Calling Bell"}],"items_purged_floors":[21],"is_endless":false,"potions_floor_spawned":[3,10,11,16,18,22],"killed_by":"Centurion and Healer","ascension_level":20}}