{"host":"x205naxbihvu3p76","time":1612861631,"event":{"mods":["AchievementEnabler","BaseMod","Minty Spire (QoL Compilation)","StSLib","SuperFastMode"],"gold_per_floor":[10,26,40,40,59,59,70,81,108,119,119,119,144,154,154,154,154],"floor_reached":16,"language":"KOR","playtime":330,"items_purged":[],"score":201,"play_id":"9e96db4a-d7b7-4e12-a14a-fe6706bf7338","local_time":"20210209180711","is_ascension_mode":true,"campfire_choices":[{"data":"Flex","floor":6,"key":"SMITH"},{"floor":15,"key":"REST"}],"circlet_count":0,"master_deck":["AscendersBane","Strike_R","Strike_R","Strike_R","Defend_R","Defend_R","Defend_R","Defend_R","Bash","Iron Wave","Sword Boomerang","Whirlwind","Flex+1","Shrug It Off","Flame Barrier","Parasite","Immolate"],"relics":["Burning Blood","Centennial Puzzle","HornCleat"],"acts_visited":["Exordium"],"potions_floor_usage":[8,8,13,14],"damage_taken":[{"damage":6,"enemies":"Cultist","floor":1,"turns":3},{"damage":1,"enemies":"Small Slimes","floor":2,"turns":3},{"damage":3,"enemies":"2 Louse","floor":3,"turns":2},{"damage":11,"enemies":"Large Slime","floor":5,"turns":6},{"damage":13,"enemies":"Exordium Thugs","floor":7,"turns":3},{"damage":57,"enemies":"Gremlin Gang","floor":8,"turns":5},{"damage":7,"enemies":"2 Fungi Beasts","floor":10,"turns":2},{"damage":23,"enemies":"Gremlin Nob","floor":13,"turns":4},{"damage":2,"enemies":"Exordium Thugs","floor":14,"turns":3},{"damage":38,"enemies":"The Guardian","floor":16,"turns":6}],"seed_played":"-2647254498675354580","potions_obtained":[{"floor":3,"key":"EntropicBrew"},{"floor":5,"key":"SmokeBomb"},{"floor":7,"key":"DistilledChaos"},{"floor":14,"key":"Block Potion"}],"is_trial":false,"path_per_floor":["M","M","M","$","M","R","M","M","T","M","?","?","E","M","R","B"],"character_chosen":"IRONCLAD","items_purchased":[],"campfire_rested":1,"item_purchase_floors":[],"current_hp_per_floor":[68,73,75,75,70,70,63,12,12,11,11,29,12,16,38,0,0],"gold":154,"neow_bonus":"TRANSFORM_TWO_CARDS","is_daily":false,"chose_seed":false,"campfire_upgraded":1,"win_rate":0.0,"timestamp":1612861631,"path_taken":["M","M","?","$","M","R","M","M","T","M","?","?","E","M","R","BOSS"],"items_purchased_type":[],"build_version":"2020-12-22","purchased_purges":0,"victory":false,"max_hp_per_floor":[75,75,75,75,75,75,75,75,75,75,75,75,75,75,75,75,75],"card_choices":[{"not_picked":["Warcry","Clothesline"],"picked":"Whirlwind","floor":1},{"not_picked":["Flex","Dropkick","Iron Wave"],"picked":"SKIP","floor":2},{"not_picked":["Cleave","Twin Strike"],"picked":"Flex","floor":3},{"not_picked":["Perfected Strike","Hemokinesis"],"picked":"Shrug It Off","floor":5},{"not_picked":["Twin Strike","Hemokinesis","Sever Soul"],"picked":"SKIP","floor":7},{"not_picked":["Whirlwind","Sword Boomerang","Hemokinesis"],"picked":"SKIP","floor":8},{"not_picked":["Spot Weakness","Power Through"],"picked":"Flame Barrier","floor":10},{"not_picked":["Rage","Headbutt"],"picked":"Immolate","floor":13},{"not_picked":["Heavy Blade","Dark Embrace","Body Slam"],"picked":"SKIP","floor":14}],"player_experience":1028791,"relics_obtained":[{"floor":9,"key":"Centennial Puzzle"},{"floor":13,"key":"HornCleat"}],"event_choices":[{"damage_healed":0,"gold_gain":0,"player_choice":"Fled","damage_taken":0,"max_hp_gain":0,"max_hp_loss":0,"event_name":"Scrap Ooze","floor":11,"gold_loss":0},{"damage_healed":18,"gold_gain":0,"player_choice":"Healed and dodged fight","damage_taken":0,"max_hp_gain":0,"max_hp_loss":0,"event_name":"Mushrooms","floor":12,"gold_loss":0,"cards_obtained":["Parasite"]}],"is_beta":false,"boss_relics":[],"items_purged_floors":[],"is_endless":false,"potions_floor_spawned":[3,5,7,14],"killed_by":"The Guardian","ascension_level":18}}