{"host":"5dk97cf2ubw2v967","time":1612877014,"event":{"mods":["AlwaysNeverKeys","BaseMod","Better Altar","Better Vampires","Block Reminder","Card Filter","Colored Powertips","Downfall","Googly Eyes","Highlight Path","Minty Spire (QoL Compilation)","Permanent Neow","Potion Indicator Mod","Quick Restart","Relic Filter","Relic Stats","Say the Spire","Spicy Shops","StSLib","Waifu the Spire","everything is the same but u backflip on backflip"],"gold_per_floor":[117,192,30,30,45,45,62,62,62,62,82,103,129,156,156,238,238,248,263,288,298,298,298],"floor_reached":22,"language":"ENG","playtime":627,"items_purged":["Defend_R"],"score":364,"play_id":"e6dcdb2e-1b90-4b1d-bcfd-dc2233e2f6db","local_time":"20210209132334","is_ascension_mode":true,"campfire_choices":[{"data":"1","floor":6.0,"key":"LIFT"},{"data":"2","floor":8.0,"key":"LIFT"},{"data":"3","floor":10.0,"key":"LIFT"},{"data":"Limit Break","floor":15.0,"key":"SMITH"}],"circlet_count":0,"master_deck":["AscendersBane","Strike_R","Strike_R","Strike_R","Strike_R","Defend_R","Defend_R","Defend_R","Bash","downfall:Haunted","Evolve","Bloodletting","Heavy Blade","Flame Barrier","Metallicize","Limit Break+1","Heavy Blade","Double Tap","Reaper"],"relics":["Burning Blood","Girya","CeramicFish","Fusion Hammer"],"acts_visited":["Exordium","TheCity"],"potions_floor_usage":[19,22],"damage_taken":[{"damage":1.0,"enemies":"Cultist","floor":1.0,"turns":3.0},{"damage":10.0,"enemies":"Small Slimes","floor":5.0,"turns":4.0},{"damage":9.0,"enemies":"Jaw Worm","floor":7.0,"turns":3.0},{"damage":6.0,"enemies":"Blue Slaver","floor":11.0,"turns":2.0},{"damage":12.0,"enemies":"2 Fungi Beasts","floor":12.0,"turns":2.0},{"damage":6.0,"enemies":"Large Slime","floor":13.0,"turns":6.0},{"damage":4.0,"enemies":"Red Slaver","floor":14.0,"turns":5.0},{"damage":33.0,"enemies":"Slime Boss","floor":16.0,"turns":6.0},{"damage":21,"enemies":"Chosen","floor":18,"turns":4},{"damage":17,"enemies":"2 Thieves","floor":19,"turns":4},{"damage":26,"enemies":"Centurion and Healer","floor":20,"turns":4},{"damage":8,"enemies":"Snecko","floor":21,"turns":3},{"damage":46,"enemies":"Cultist and Chosen","floor":22,"turns":5}],"seed_played":"-4266877615158822621","potions_obtained":[{"floor":7.0,"key":"Block Potion"},{"floor":11.0,"key":"BlessingOfTheForge"},{"floor":14.0,"key":"BloodPotion"}],"is_trial":false,"path_per_floor":["M","?","$","?","M","R","M","R","T","R","M","M","M","M","R","B",null,"M","M","M","M","M"],"character_chosen":"IRONCLAD","items_purchased":["Bloodletting"],"campfire_rested":0,"item_purchase_floors":[3],"current_hp_per_floor":[73,62,62,62,58,58,55,55,55,55,55,49,49,51,51,24,62,47,36,16,24,0,0],"gold":298,"neow_bonus":"ONE_RARE_RELIC","is_daily":false,"chose_seed":false,"campfire_upgraded":1,"win_rate":0.0,"timestamp":1612877014,"path_taken":["M","?","$","?","M","R","M","R","T","R","M","M","M","M","R","BOSS","M","M","M","?","M"],"items_purchased_type":["Card"],"build_version":"2020-12-22","purchased_purges":1,"victory":false,"max_hp_per_floor":[75,75,75,75,75,75,75,75,75,75,75,75,75,75,75,75,75,75,75,75,75,75,75],"relic_stats":{"counters":[13,51],"CeramicFish":54,"obtain_stats":[{"Girya":0,"CeramicFish":9,"Fusion Hammer":17,"Burning Blood":0},{"Girya":0,"CeramicFish":3,"Fusion Hammer":8,"Burning Blood":0},{"Girya":0,"CeramicFish":10,"Fusion Hammer":31,"Burning Blood":0}],"Burning Blood":72},"card_choices":[{"not_picked":["Spot Weakness","Wild Strike"],"picked":"Evolve","floor":1.0},{"not_picked":["Clothesline","Cleave"],"picked":"Heavy Blade","floor":5.0},{"not_picked":["Warcry","Armaments","Wild Strike"],"picked":"SKIP","floor":7.0},{"not_picked":["Fire Breathing","Clash"],"picked":"Flame Barrier","floor":11.0},{"not_picked":["Thunderclap","Shrug It Off"],"picked":"Metallicize","floor":12.0},{"not_picked":["Clash","Anger"],"picked":"Limit Break","floor":13.0},{"not_picked":["Evolve","Anger"],"picked":"Heavy Blade","floor":14.0},{"not_picked":["Feed","Exhume"],"picked":"Double Tap","floor":16.0},{"not_picked":["Thunderclap","Cleave","Headbutt"],"picked":"SKIP","floor":18},{"not_picked":["Rampage","Whirlwind","Havoc"],"picked":"SKIP","floor":19},{"not_picked":["Anger","Inflame"],"picked":"Reaper","floor":20},{"not_picked":["Headbutt","Shockwave","Rupture"],"picked":"SKIP","floor":21}],"player_experience":1302243,"relics_obtained":[{"floor":9.0,"key":"CeramicFish"}],"event_choices":[{"damage_healed":0.0,"max_hp_gain":0.0,"max_hp_loss":0.0,"gold_gain":75.0,"event_name":"World of Goop","player_choice":"Gather Gold","floor":2.0,"gold_loss":0.0,"damage_taken":11.0},{"cards_removed":["Strike_R"],"damage_healed":0.0,"max_hp_gain":0.0,"max_hp_loss":0.0,"gold_gain":0.0,"event_name":"Bonfire Elementals","player_choice":"Offered Basic","floor":4.0,"gold_loss":0.0,"damage_taken":0.0}],"is_beta":false,"boss_relics":[{"not_picked":["SacredBark","Runic Cube"],"picked":"Fusion Hammer"}],"items_purged_floors":[3],"is_endless":false,"potions_floor_spawned":[7,11,14],"killed_by":"Cultist and Chosen","ascension_level":20}}