{"host":"jleefzi2bpdiggb4","time":1612828823,"event":{"mods":["AchievementEnabler","BaseMod","Colored Map","Highlight Path","Infinite Spire","Minty Spire (QoL Compilation)","Relic Stats","StSLib","UnlockEverythingMod"],"gold_per_floor":[113,65,65,78,78,107,119,144,179,223,248,260,292,323,335,452,464,492,504,516,544,556,568,605,617,629,654,666,710,722,734,746,758,758],"floor_reached":33,"language":"ENG","playtime":837,"items_purged":[],"score":360,"play_id":"24ac53d3-e6e7-4361-add7-0b4870e293da","local_time":"20210208190023","is_ascension_mode":true,"campfire_choices":[{"data":"Dagger Spray","floor":7.0,"key":"SMITH"},{"data":"Deadly Poison","floor":12.0,"key":"SMITH"},{"data":"Neutralize","floor":15.0,"key":"SMITH"},{"data":"Poisoned Stab","floor":23.0,"key":"SMITH"},{"floor":25.0,"key":"REST"},{"data":"Corpse Explosion","floor":28.0,"key":"SMITH"},{"data":"Heel Hook","floor":30.0,"key":"SMITH"},{"data":"Survivor","floor":32,"key":"SMITH"}],"circlet_count":0,"master_deck":["Strike_G","Strike_G","Strike_G","Strike_G","Defend_G","Defend_G","Defend_G","Defend_G","Defend_G","Survivor+1","Neutralize+1","Cloak And Dagger","Dagger Spray+1","Poisoned Stab+1","Heel Hook+1","Deadly Poison+1","Bouncing Flask+1","Corpse Explosion+1","Noxious Fumes+1","Sucker Punch+1","Crippling Poison+1"],"relics":["Ring of the Snake","NeowsBlessing","MawBank","Akabeko","MealTicket","Philosopher\u0027s Stone","MutagenicStrength","Frozen Egg 2","Orichalcum","infinitespire:Satchel","infinitespire:CheckeredPen"],"acts_visited":["Exordium","TheCity"],"potions_floor_usage":[33,33],"damage_taken":[{"damage":0.0,"enemies":"Jaw Worm","floor":1.0,"turns":1.0},{"damage":0.0,"enemies":"2 Louse","floor":4.0,"turns":1.0},{"damage":0.0,"enemies":"3 Sentries","floor":6.0,"turns":1.0},{"damage":0.0,"enemies":"Cultist","floor":8.0,"turns":3.0},{"damage":3.0,"enemies":"Lagavulin","floor":10.0,"turns":4.0},{"damage":1.0,"enemies":"Large Slime","floor":11.0,"turns":4.0},{"damage":0.0,"enemies":"Gremlin Gang","floor":13.0,"turns":1.0},{"damage":0.0,"enemies":"2 Fungi Beasts","floor":14.0,"turns":2.0},{"damage":16.0,"enemies":"The Guardian","floor":16.0,"turns":8.0},{"damage":14.0,"enemies":"2 Thieves","floor":18.0,"turns":2.0},{"damage":5.0,"enemies":"Shell Parasite","floor":21.0,"turns":4.0},{"damage":18.0,"enemies":"Book of Stabbing","floor":24.0,"turns":4.0},{"damage":2.0,"enemies":"Chosen and Byrds","floor":27.0,"turns":4.0},{"damage":7.0,"enemies":"Gremlin Leader","floor":29.0,"turns":5.0},{"damage":53,"enemies":"Champ","floor":33,"turns":7}],"seed_played":"-4683444331757536040","potions_obtained":[{"floor":1.0,"key":"infinitespire:BlackPotion"},{"floor":6.0,"key":"Explosive Potion"},{"floor":10.0,"key":"LiquidMemories"},{"floor":13.0,"key":"Strength Potion"},{"floor":24.0,"key":"Energy Potion"},{"floor":29.0,"key":"ColorlessPotion"}],"is_trial":false,"path_per_floor":["M","$","?","M","?","E","R","M","T","E","M","R","M","M","R","B",null,"M","?","?","M","?","R","E","R","T","M","R","E","R","?","R","B"],"character_chosen":"THE_SILENT","items_purchased":["Dagger Spray"],"campfire_rested":1,"item_purchase_floors":[2],"current_hp_per_floor":[70,70,70,70,63,63,63,63,63,60,59,59,59,59,59,43,70,56,56,56,51,51,51,33,54,54,52,52,45,45,45,45,0,0],"gold":758,"neow_bonus":"THREE_ENEMY_KILL","is_daily":false,"chose_seed":false,"campfire_upgraded":7,"win_rate":0.0,"timestamp":1612828823,"path_taken":["M","$","?","M","?","E","R","M","T","E","M","R","M","M","R","BOSS","M","?","?","?","?","R","E","R","T","?","R","E","R","?","R","BOSS"],"items_purchased_type":["Card"],"build_version":"2020-12-22","purchased_purges":0,"victory":false,"max_hp_per_floor":[70,70,70,70,70,70,70,70,70,70,70,70,70,70,70,70,70,70,70,70,70,70,70,70,70,70,70,70,70,70,70,70,70,70],"relic_stats":{"counters":[15,51],"MealTicket":0,"Orichalcum":[36],"MawBank":324,"obtain_stats":[{"NeowsBlessing":0,"MutagenicStrength":19,"infinitespire:Satchel":26,"MealTicket":10,"Philosopher\u0027s Stone":17,"infinitespire:CheckeredPen":29,"Frozen Egg 2":22,"Orichalcum":24,"MawBank":6,"Akabeko":9,"Ring of the Snake":0},{"NeowsBlessing":0,"MutagenicStrength":10,"infinitespire:Satchel":12,"MealTicket":5,"Philosopher\u0027s Stone":9,"infinitespire:CheckeredPen":14,"Frozen Egg 2":11,"Orichalcum":12,"MawBank":3,"Akabeko":4,"Ring of the Snake":0},{"NeowsBlessing":0,"MutagenicStrength":27,"infinitespire:Satchel":35,"MealTicket":10,"Philosopher\u0027s Stone":25,"infinitespire:CheckeredPen":44,"Frozen Egg 2":31,"Orichalcum":35,"MawBank":3,"Akabeko":6,"Ring of the Snake":0}],"Ring of the Snake":[30]},"card_choices":[{"not_picked":["Backflip","PiercingWail"],"picked":"Cloak And Dagger","floor":1.0},{"not_picked":["Acrobatics","Sucker Punch"],"picked":"Poisoned Stab","floor":4.0},{"not_picked":["Backstab","Outmaneuver","Grand Finale"],"picked":"SKIP","floor":6.0},{"not_picked":["Heel Hook","Backflip","Flechettes"],"picked":"SKIP","floor":8.0},{"not_picked":["Backflip","Flechettes"],"picked":"Heel Hook","floor":8.0},{"not_picked":["Dodge and Roll","Flying Knee","Sucker Punch"],"picked":"SKIP","floor":10.0},{"not_picked":["Flechettes","Concentrate"],"picked":"Deadly Poison","floor":11.0},{"not_picked":["Acrobatics","Endless Agony","Poisoned Stab"],"picked":"SKIP","floor":13.0},{"not_picked":["Slice","Underhanded Strike"],"picked":"Bouncing Flask","floor":14.0},{"not_picked":["Storm of Steel","Phantasmal Killer"],"picked":"Corpse Explosion","floor":16.0},{"not_picked":["Dodge and Roll","Underhanded Strike","Prepared"],"picked":"SKIP","floor":18.0},{"not_picked":["Dagger Throw","Expertise"],"picked":"Noxious Fumes+1","floor":21.0},{"not_picked":["Grand Finale","Glass Knife"],"picked":"Sucker Punch+1","floor":24.0},{"not_picked":["Dagger Spray","PiercingWail"],"picked":"Crippling Poison+1","floor":27.0},{"not_picked":["Escape Plan","Setup+1","Poisoned Stab+1"],"picked":"SKIP","floor":29.0}],"player_experience":113352,"relics_obtained":[{"floor":6.0,"key":"MawBank"},{"floor":9.0,"key":"Akabeko"},{"floor":10.0,"key":"MealTicket"},{"floor":24.0,"key":"Orichalcum"},{"floor":26.0,"key":"infinitespire:Satchel"},{"floor":29.0,"key":"infinitespire:CheckeredPen"}],"event_choices":[{"cards_removed":["Strike_G"],"damage_healed":0.0,"max_hp_gain":0.0,"max_hp_loss":0.0,"gold_gain":0.0,"event_name":"Golden Wing","player_choice":"Card Removal","floor":5.0,"gold_loss":0.0,"damage_taken":7.0},{"damage_healed":0.0,"max_hp_gain":0.0,"max_hp_loss":0.0,"gold_gain":0.0,"event_name":"Drug Dealer","player_choice":"Inject Mutagens","floor":19.0,"gold_loss":0.0,"damage_taken":0.0,"relics_obtained":["MutagenicStrength"]},{"damage_healed":0.0,"max_hp_gain":0.0,"max_hp_loss":0.0,"gold_gain":0.0,"event_name":"Upgrade Shrine","player_choice":"Upgraded","floor":20.0,"gold_loss":0.0,"damage_taken":0.0,"cards_upgraded":["Bouncing Flask"]},{"damage_healed":0.0,"max_hp_gain":0.0,"max_hp_loss":0.0,"gold_gain":0.0,"event_name":"WeMeetAgain","player_choice":"Gave Potion","floor":22.0,"gold_loss":0.0,"damage_taken":0.0,"relics_obtained":["Frozen Egg 2"]},{"damage_healed":0,"gold_gain":0,"player_choice":"Ignored","damage_taken":0,"max_hp_gain":0,"max_hp_loss":0,"event_name":"Cursed Tome","floor":31,"gold_loss":0}],"is_beta":false,"boss_relics":[{"not_picked":["Cursed Key","Ectoplasm"],"picked":"Philosopher\u0027s Stone"}],"items_purged_floors":[],"is_endless":false,"potions_floor_spawned":[1,6,10,13,24,29],"killed_by":"Champ","ascension_level":1}}